,ask_price_1,ask_size_1,bid_price_1,bid_size_1,ask_price_2,ask_size_2,bid_price_2,bid_size_2,ask_price_3,ask_size_3,bid_price_3,bid_size_3,ask_price_4,ask_size_4,bid_price_4,bid_size_4,ask_price_5,ask_size_5,bid_price_5,bid_size_5,ask_price_6,ask_size_6,bid_price_6,bid_size_6,ask_price_7,ask_size_7,bid_price_7,bid_size_7,ask_price_8,ask_size_8,bid_price_8,bid_size_8,ask_price_9,ask_size_9,bid_price_9,bid_size_9,ask_price_10,ask_size_10,bid_price_10,bid_size_10
2019-06-28 09:30:00.000000001,,,99936,100,,,,,,,,,,,,,,,,,,,,,,,,,,,,,,,,,,,,
2019-06-28 09:30:00.000000003,100002,100,99936,100,,,,,,,,,,,,,,,,,,,,,,,,,,,,,,,,,,,,
2019-06-28 09:30:00.000000004,100001,100,99936,100,100002,100,,,,,,,,,,,,,,,,,,,,,,,,,,,,,,,,,,
2019-06-28 09:30:00.000000010,100001,100,99997,100,100002,100,99936,100,,,99886,100,,,,,,,,,,,,,,,,,,,,,,,,,,,,
2019-06-28 09:30:00.000000013,100001,100,99936,100,100002,100,99886,100,,,,,,,,,,,,,,,,,,,,,,,,,,,,,,,,
2019-06-28 09:30:00.000000014,100001,100,99936,100,100002,100,99886,100,100064,100,,,,,,,,,,,,,,,,,,,,,,,,,,,,,,
2019-06-28 09:30:00.000000018,100002,100,99936,100,100064,100,99886,100,,,,,,,,,,,,,,,,,,,,,,,,,,,,,,,,
2019-06-28 09:30:00.000000019,100002,100,99997,100,100064,100,99936,100,,,99886,100,,,,,,,,,,,,,,,,,,,,,,,,,,,,
2019-06-28 09:30:00.000000023,100064,100,99997,100,,,99936,100,,,99886,100,,,,,,,,,,,,,,,,,,,,,,,,,,,,
2019-06-28 09:30:00.000000025,100024,100,99997,100,100064,100,99939,100,100155,100,99936,100,,,99886,100,,,,,,,,,,,,,,,,,,,,,,,,
2019-06-28 09:30:00.000000026,100024,100,99997,100,100064,100,99939,100,100155,200,99936,100,,,99886,100,,,,,,,,,,,,,,,,,,,,,,,,
2019-06-28 09:30:00.000000027,100024,100,99997,100,100062,100,99939,100,100064,100,99936,100,100129,100,99928,100,100155,200,99886,100,,,,,,,,,,,,,,,,,,,,
2019-06-28 09:30:00.000000028,100024,100,99997,100,100062,100,99939,100,100064,100,99936,100,100129,100,99928,100,100155,200,99886,100,,,99829,100,,,,,,,,,,,,,,,,
2019-06-28 09:30:00.000000029,100024,100,99997,100,100062,100,99939,100,100064,100,99936,100,100099,100,99928,100,100129,100,99886,100,100155,200,99829,100,,,,,,,,,,,,,,,,
2019-06-28 09:30:00.000000031,100062,100,99997,100,100064,100,99939,100,100099,100,99936,100,100129,100,99928,100,100136,100,99886,100,100155,200,99829,100,,,,,,,,,,,,,,,,
2019-06-28 09:30:00.000000032,100062,100,99997,100,100064,100,99939,100,100099,100,99936,100,100129,100,99928,100,100136,100,99889,100,100155,200,99886,100,,,99829,100,,,,,,,,,,,,
2019-06-28 09:30:00.000000035,100062,100,99939,100,100064,100,99936,100,100097,100,99928,100,100099,100,99889,100,100129,100,99886,100,100136,100,99829,100,100155,200,,,,,,,,,,,,,,
2019-06-28 09:30:00.000000036,100062,100,99997,100,100064,100,99939,100,100097,100,99936,100,100099,100,99928,100,100129,100,99914,100,100136,100,99889,100,100155,200,99886,100,,,99829,100,,,,,,,,
2019-06-28 09:30:00.000000039,100062,100,99997,100,100064,100,99939,100,100097,100,99936,100,100099,100,99928,100,100110,100,99914,100,100129,100,99889,100,100136,100,99886,100,100155,200,99829,100,,,,,,,,
2019-06-28 09:30:00.000000041,100062,100,99939,100,100064,100,99936,100,100097,100,99928,100,100099,100,99914,100,100110,100,99889,100,100129,100,99886,100,100136,100,99830,100,100155,200,99829,100,,,,,,,,
2019-06-28 09:30:00.000000042,100062,100,100008,100,100064,100,99939,100,100097,100,99936,100,100099,100,99928,100,100110,100,99914,100,100129,100,99889,100,100136,100,99886,100,100155,200,99830,100,100186,100,99829,100,,,,
2019-06-28 09:30:00.000000045,100057,100,100008,100,100062,100,99939,100,100064,100,99936,100,100097,100,99928,100,100099,100,99914,100,100110,100,99889,100,100129,100,99886,100,100136,100,99830,100,100155,200,99829,100,100186,100,,
2019-06-28 09:30:00.000000047,100057,100,100008,100,100062,100,99939,100,100064,100,99936,100,100083,100,99928,100,100097,100,99914,100,100099,100,99889,100,100110,100,99886,100,100129,100,99830,100,100136,100,99829,100,100155,200,,
2019-06-28 09:30:00.000000051,100057,100,100008,100,100062,100,99939,100,100064,100,99936,100,100083,100,99928,100,100097,100,99914,100,100099,100,99889,100,100110,100,99886,100,100129,100,99857,100,100136,100,99830,100,100155,200,99829,100
2019-06-28 09:30:00.000000053,100057,100,100008,100,100062,100,99997,100,100064,100,99939,100,100083,100,99936,100,100097,100,99928,100,100099,100,99914,100,100110,100,99889,100,100129,100,99886,100,100136,100,99863,100,100155,200,99857,100
2019-06-28 09:30:00.000000057,100057,100,100008,100,100062,100,99997,200,100064,100,99946,100,100083,100,99939,100,100097,100,99936,100,100099,100,99928,100,100110,100,99914,100,100129,100,99889,100,100136,100,99886,100,100155,200,99863,100
2019-06-28 09:30:00.000000060,100057,100,99997,200,100062,100,99946,100,100064,100,99945,100,100083,100,99939,100,100097,100,99936,100,100099,100,99928,100,100110,100,99914,100,100129,100,99889,100,100136,100,99886,100,100155,200,99863,100
2019-06-28 09:30:00.000000061,100057,100,99997,100,100062,100,99946,100,100064,100,99945,100,100083,100,99939,100,100097,100,99936,100,100099,100,99928,100,100110,100,99914,100,100129,100,99889,100,100136,100,99886,100,100155,200,99863,100
2019-06-28 09:30:00.000000063,100008,100,99997,100,100057,100,99946,100,100062,100,99945,100,100064,100,99939,100,100083,100,99936,100,100097,100,99928,100,100099,100,99914,100,100110,100,99889,100,100129,100,99886,100,100136,100,99863,100
2019-06-28 09:30:00.000000066,100002,100,99997,100,100008,100,99946,100,100057,100,99945,100,100062,100,99939,100,100064,100,99936,100,100083,100,99928,100,100097,100,99914,100,100099,100,99889,100,100110,100,99886,100,100129,100,99863,100
2019-06-28 09:30:00.000000067,100002,100,99946,100,100008,100,99945,100,100057,100,99939,100,100062,100,99936,100,100064,100,99928,100,100083,100,99914,100,100097,100,99889,100,100099,100,99886,100,100110,100,99863,100,100129,100,99857,100
2019-06-28 09:30:00.000000071,99997,100,99946,100,100002,100,99945,100,100008,100,99939,100,100046,100,99936,100,100057,100,99928,100,100062,100,99914,100,100064,100,99889,100,100083,100,99886,100,100097,100,99863,100,100099,100,99857,100
2019-06-28 09:30:00.000000072,99997,100,99946,100,100002,100,99945,100,100008,100,99942,100,100046,100,99939,100,100057,100,99936,100,100062,100,99928,100,100064,100,99914,100,100083,100,99889,100,100097,100,99886,100,100099,100,99863,100
2019-06-28 09:30:00.000000075,99997,100,99972,100,100002,100,99946,100,100008,100,99945,100,100046,100,99942,100,100057,100,99939,100,100062,100,99936,100,100064,100,99928,100,100083,100,99914,100,100097,100,99889,100,100099,100,99886,100
2019-06-28 09:30:00.000000076,99997,200,99972,100,100002,100,99946,100,100008,100,99945,100,100046,100,99942,100,100057,100,99939,100,100062,100,99936,100,100064,100,99928,100,100083,100,99914,100,100097,100,99889,100,100099,100,99886,100
2019-06-28 09:30:00.000000079,100002,100,99972,100,100008,100,99946,100,100014,100,99945,100,100046,100,99942,100,100057,100,99939,100,100062,100,99936,100,100064,100,99928,100,100083,100,99914,100,100097,100,99889,100,100099,100,99886,100
2019-06-28 09:30:00.000000080,100002,100,99972,100,100008,100,99946,100,100014,100,99945,100,100046,100,99942,100,100057,100,99939,100,100062,100,99936,100,100064,100,99928,100,100083,100,99914,100,100097,100,99889,100,100099,100,99886,100
2019-06-28 09:30:00.000000082,100002,100,99972,100,100008,100,99950,100,100014,100,99946,100,100046,100,99945,100,100057,100,99942,100,100062,100,99939,100,100064,100,99936,100,100083,100,99928,100,100097,100,99914,100,100099,100,99889,100
2019-06-28 09:30:00.000000083,100002,100,99972,100,100008,100,99950,100,100014,100,99946,100,100046,100,99945,100,100057,100,99942,100,100062,100,99939,100,100064,100,99936,100,100083,100,99928,100,100097,100,99925,100,100099,100,99914,100
2019-06-28 09:30:00.000000085,100002,100,99950,100,100008,100,99946,100,100014,100,99945,100,100046,100,99942,100,100057,100,99939,100,100062,100,99936,100,100064,100,99928,100,100083,100,99925,100,100097,100,99914,100,100099,100,99891,100
2019-06-28 09:30:00.000000086,100002,100,99972,100,100008,100,99950,100,100014,100,99946,100,100046,100,99945,100,100057,100,99942,100,100062,100,99939,100,100064,100,99936,100,100083,100,99928,100,100097,100,99925,100,100099,100,99914,100
2019-06-28 09:30:00.000000087,100008,100,99972,100,100014,100,99950,100,100046,100,99946,100,100057,100,99945,100,100062,100,99942,100,100064,100,99939,100,100083,100,99936,100,100097,100,99928,100,100099,100,99925,100,100110,100,99914,100
2019-06-28 09:30:00.000000091,100008,100,99972,100,100014,100,99950,100,100046,100,99946,100,100057,100,99945,100,100062,100,99942,100,100064,100,99939,100,100083,100,99936,100,100097,100,99928,100,100099,100,99925,100,100110,100,99914,100
2019-06-28 09:30:00.000000096,100008,100,99972,100,100014,100,99950,100,100034,100,99946,100,100046,100,99945,100,100057,100,99942,100,100062,100,99939,100,100064,100,99936,100,100083,100,99928,100,100097,100,99925,100,100099,100,99914,100
2019-06-28 09:30:10.000000000,100008,200,99972,200,100014,200,99950,200,100034,200,99946,200,100046,200,99945,200,100057,100,99942,100,100062,100,99939,100,100064,100,99936,100,100083,100,99928,100,100097,100,99925,100,100099,100,99914,100
2019-06-28 09:30:14.715662222,100008,200,99972,200,100014,200,99950,200,100034,100,99946,200,100046,200,99945,200,100051,100,99942,100,100057,100,99939,100,100062,100,99936,100,100064,100,99928,100,100083,100,99925,100,100097,100,99914,100
2019-06-28 09:30:20.000000000,100008,301,99972,301,100014,301,99950,301,100046,100,99946,100,100051,100,99945,100,100057,100,99942,100,100062,100,99939,100,100064,100,99936,100,100083,100,99928,100,100097,100,99925,100,100099,100,99914,100
2019-06-28 09:30:28.597458999,100008,301,99972,201,100014,301,99950,301,100046,100,99946,100,100051,100,99945,100,100057,100,99942,100,100062,100,99939,100,100064,100,99936,100,100083,100,99928,100,100097,100,99925,100,100099,100,99914,100
2019-06-28 09:30:30.000000000,100008,301,99950,301,100014,301,99946,301,100046,100,99945,100,100051,100,99942,100,100057,100,99939,100,100062,100,99936,100,100064,100,99928,100,100083,100,99925,100,100097,100,99914,100,100099,100,99891,100
2019-06-28 09:30:33.358491657,100002,100,99950,301,100008,301,99946,301,100014,301,99945,100,100046,100,99942,100,100051,100,99939,100,100057,100,99936,100,100062,100,99928,100,100064,100,99925,100,100083,100,99914,100,100097,100,99891,100
2019-06-28 09:30:40.000000000,100002,502,99950,502,100008,100,99946,100,100014,100,99945,100,100046,100,99942,100,100051,100,99939,100,100057,100,99936,100,100062,100,99928,100,100064,100,99925,100,100083,100,99914,100,100097,100,99891,100
2019-06-28 09:30:50.000000000,100002,301,99950,301,100008,301,99946,301,100014,100,99945,100,100046,100,99942,100,100051,100,99939,100,100057,100,99936,100,100062,100,99928,100,100064,100,99925,100,100083,100,99914,100,100097,100,99891,100
2019-06-28 09:31:00.000000000,100002,180,99950,180,100008,180,99946,180,100014,180,99945,180,100046,180,99942,180,100051,180,99939,180,100057,100,99936,100,100062,100,99928,100,100064,100,99925,100,100083,100,99914,100,100097,100,99891,100
2019-06-28 09:31:03.452731890,100002,280,99950,180,100008,180,99946,180,100014,180,99945,180,100046,180,99942,180,100051,180,99939,180,100057,100,99936,100,100062,100,99928,100,100064,100,99925,100,100083,100,99914,100,100097,100,99891,100
2019-06-28 09:31:10.000000000,100002,280,99950,180,100008,180,99946,180,100014,180,99945,180,100046,180,99942,180,100051,180,99939,180,100057,100,99936,100,100062,100,99928,100,100064,100,99925,100,100083,100,99914,100,100097,100,99891,100
2019-06-28 09:31:11.611627542,100002,280,99950,180,100008,180,99946,180,100014,180,99945,180,100046,180,99942,180,100051,180,99939,180,100057,100,99936,100,100062,100,99928,100,100064,100,99925,100,100083,100,99914,100,100097,100,99891,100
2019-06-28 09:31:17.530426849,100002,280,99950,80,100008,180,99946,180,100014,180,99945,180,100046,180,99942,180,100051,180,99939,180,100057,100,99936,100,100062,100,99928,100,100064,100,99925,100,100083,100,99914,100,100097,100,99891,100
2019-06-28 09:31:20.000000000,100002,337,99946,237,100008,233,99945,233,100014,233,99942,233,100046,100,99939,100,100051,100,99936,100,100057,100,99928,100,100062,100,99925,100,100064,100,99914,100,100083,100,99891,100,100097,100,99889,100
2019-06-28 09:31:30.000000000,100002,602,99946,502,100008,100,99945,100,100014,100,99942,100,100046,100,99939,100,100051,100,99936,100,100057,100,99928,100,100062,100,99925,100,100064,100,99914,100,100083,100,99891,100,100097,100,99889,100
2019-06-28 09:31:40.000000000,100002,401,99946,301,100008,301,99945,301,100014,100,99942,100,100046,100,99939,100,100051,100,99936,100,100057,100,99928,100,100062,100,99925,100,100064,100,99914,100,100083,100,99891,100,100097,100,99889,100
2019-06-28 09:31:50.000000000,100002,337,99946,237,100008,233,99945,233,100014,233,99942,233,100046,100,99939,100,100051,100,99936,100,100057,100,99928,100,100062,100,99925,100,100064,100,99914,100,100083,100,99891,100,100097,100,99889,100
2019-06-28 09:31:50.984721778,100002,337,99946,137,100008,233,99945,233,100014,233,99942,233,100046,100,99939,100,100051,100,99936,100,100057,100,99928,100,100062,100,99925,100,100064,100,99914,100,100083,100,99891,100,100097,100,99889,100
2019-06-28 09:32:00.000000000,100002,602,99945,502,100008,100,99942,100,100014,100,99939,100,100046,100,99936,100,100051,100,99928,100,100057,100,99925,100,100062,100,99914,100,100064,100,99891,100,100083,100,99889,100,100097,100,99886,100
2019-06-28 09:32:03.289895961,100002,602,99945,502,100008,100,99942,100,100014,100,99939,100,100046,100,99936,100,100051,100,99928,100,100057,100,99925,100,100062,100,99914,100,100064,100,99891,100,100083,100,99889,100,100097,100,99886,100
2019-06-28 09:32:10.000000000,100002,602,99945,502,100008,100,99942,100,100014,100,99939,100,100046,100,99936,100,100051,100,99928,100,100057,100,99925,100,100062,100,99914,100,100064,100,99891,100,100083,100,99889,100,100097,100,99886,100
2019-06-28 09:32:17.691615453,100002,602,99973,100,100008,100,99945,402,100014,100,99942,100,100046,100,99939,100,100051,100,99936,100,100057,100,99928,100,100062,100,99925,100,100064,100,99914,100,100083,100,99891,100,100097,100,99889,100
2019-06-28 09:32:20.000000000,100002,280,99973,180,100008,180,99942,180,100014,180,99939,180,100046,180,99936,180,100051,180,99928,180,100057,100,99925,100,100062,100,99914,100,100064,100,99891,100,100083,100,99889,100,100097,100,99886,100
2019-06-28 09:32:30.000000000,100002,602,99973,502,100008,100,99942,100,100014,100,99939,100,100046,100,99936,100,100051,100,99928,100,100057,100,99925,100,100062,100,99914,100,100064,100,99891,100,100083,100,99889,100,100097,100,99886,100
2019-06-28 09:32:40.000000000,100002,602,99973,502,100008,100,99942,100,100014,100,99939,100,100046,100,99936,100,100051,100,99928,100,100057,100,99925,100,100062,100,99914,100,100064,100,99891,100,100083,100,99889,100,100097,100,99886,100
2019-06-28 09:32:50.000000000,100002,280,99973,180,100008,180,99942,180,100014,180,99939,180,100046,180,99936,180,100051,180,99928,180,100057,100,99925,100,100062,100,99914,100,100064,100,99891,100,100083,100,99889,100,100097,100,99886,100
2019-06-28 09:32:51.687169596,100002,180,99973,180,100008,180,99942,180,100014,180,99939,180,100046,180,99936,180,100051,80,99928,180,100057,100,99925,100,100062,100,99914,100,100064,100,99891,100,100083,100,99889,100,100097,100,99886,100
2019-06-28 09:33:00.000000000,100002,237,99973,237,100008,233,99942,233,100014,233,99939,233,100046,100,99936,100,100057,100,99928,100,100062,100,99925,100,100064,100,99914,100,100083,100,99891,100,100097,100,99889,100,100099,100,99886,100
2019-06-28 09:33:10.000000000,100002,301,99973,301,100008,301,99942,301,100014,100,99939,100,100046,100,99936,100,100057,100,99928,100,100062,100,99925,100,100064,100,99914,100,100083,100,99891,100,100097,100,99889,100,100099,100,99886,100
2019-06-28 09:33:14.426755833,100002,301,99974,100,100008,301,99973,301,100014,100,99942,301,100046,100,99939,100,100057,100,99936,100,100062,100,99928,100,100064,100,99925,100,100083,100,99914,100,100097,100,99891,100,100099,100,99889,100
2019-06-28 09:33:20.000000000,100002,502,99974,502,100008,100,99973,100,100014,100,99942,100,100046,100,99939,100,100057,100,99936,100,100062,100,99928,100,100064,100,99925,100,100083,100,99914,100,100097,100,99891,100,100099,100,99889,100
2019-06-28 09:33:30.000000000,100002,301,99974,301,100008,301,99973,301,100014,100,99942,100,100046,100,99939,100,100057,100,99936,100,100062,100,99928,100,100064,100,99925,100,100083,100,99914,100,100097,100,99891,100,100099,100,99889,100
2019-06-28 09:33:35.783554339,100002,301,99974,301,100008,301,99973,301,100014,100,99942,100,100046,100,99939,100,100057,100,99936,100,100062,100,99928,100,100064,100,99925,100,100083,100,99914,100,100097,100,99891,100,100099,100,99889,100
2019-06-28 09:33:40.000000000,100002,237,99974,237,100008,233,99973,233,100014,233,99942,233,100046,100,99939,100,100057,100,99936,100,100062,100,99928,100,100064,100,99925,100,100083,100,99914,100,100097,100,99891,100,100099,100,99889,100
2019-06-28 09:33:47.295509310,100002,137,99974,237,100008,233,99973,233,100014,233,99942,233,100046,100,99939,100,100057,100,99936,100,100062,100,99928,100,100064,100,99925,100,100083,100,99914,100,100097,100,99891,100,100099,100,99889,100
2019-06-28 09:33:47.763628346,100002,37,99974,237,100008,233,99973,233,100014,233,99942,233,100046,100,99939,100,100057,100,99936,100,100062,100,99928,100,100064,100,99925,100,100083,100,99914,100,100097,100,99891,100,100099,100,99889,100
2019-06-28 09:33:50.000000000,100008,237,99974,237,100014,233,99973,233,100046,233,99942,233,100057,100,99939,100,100062,100,99936,100,100064,100,99928,100,100083,100,99925,100,100097,100,99914,100,100099,100,99891,100,100110,100,99889,100
2019-06-28 09:34:00.000000000,100008,237,99974,237,100014,233,99973,233,100046,233,99942,233,100057,100,99939,100,100062,100,99936,100,100064,100,99928,100,100083,100,99925,100,100097,100,99914,100,100099,100,99891,100,100110,100,99889,100
2019-06-28 09:34:01.796259637,100008,237,99974,237,100014,233,99973,233,100046,233,99942,233,100057,100,99936,100,100062,100,99928,100,100064,100,99925,100,100083,100,99914,100,100097,100,99891,100,100099,100,99889,100,100110,100,99886,100
2019-06-28 09:34:07.897548072,100008,237,99974,237,100014,233,99973,233,100046,233,99942,233,100057,100,99936,100,100062,100,99928,100,100064,100,99925,100,100083,100,99914,100,100097,100,99891,100,100099,100,99889,100,100110,100,99886,100
2019-06-28 09:34:10.000000000,100008,200,99974,200,100014,200,99973,200,100046,200,99942,200,100057,200,99936,200,100062,100,99928,100,100064,100,99925,100,100083,100,99914,100,100097,100,99891,100,100099,100,99889,100,100110,100,99886,100
2019-06-28 09:34:20.000000000,100008,237,99974,237,100014,233,99973,233,100046,233,99942,233,100057,100,99936,100,100062,100,99928,100,100064,100,99925,100,100083,100,99914,100,100097,100,99891,100,100099,100,99889,100,100110,100,99886,100
2019-06-28 09:34:21.079277584,100008,237,99974,237,100014,233,99973,233,100046,233,99962,100,100062,100,99942,233,100064,100,99936,100,100083,100,99928,100,100097,100,99925,100,100099,100,99914,100,100110,100,99891,100,100120,100,99889,100
2019-06-28 09:34:23.234270551,100008,237,99974,237,100014,233,99973,233,100046,233,99962,100,100062,100,99942,233,100064,100,99936,100,100083,100,99928,100,100097,100,99925,100,100099,100,99914,100,100110,100,99891,100,100120,100,99889,100
2019-06-28 09:34:28.176488019,100008,237,99974,237,100014,233,99973,233,100046,233,99962,100,100062,100,99942,233,100064,100,99936,100,100083,100,99928,100,100097,100,99925,100,100099,100,99914,100,100110,100,99891,100,100120,100,99889,100
2019-06-28 09:34:30.000000000,100008,180,99974,180,100014,180,99973,180,100046,180,99962,180,100062,180,99942,180,100064,180,99936,180,100083,100,99928,100,100097,100,99925,100,100099,100,99914,100,100110,100,99891,100,100120,100,99889,100
2019-06-28 09:34:40.000000000,100008,180,99974,180,100014,180,99973,180,100046,180,99962,180,100062,180,99942,180,100064,180,99936,180,100083,100,99928,100,100097,100,99925,100,100099,100,99914,100,100110,100,99891,100,100120,100,99889,100
2019-06-28 09:34:50.000000000,100008,237,99974,237,100014,233,99973,233,100046,233,99962,233,100062,100,99942,100,100064,100,99936,100,100083,100,99928,100,100097,100,99925,100,100099,100,99914,100,100110,100,99891,100,100120,100,99889,100
2019-06-28 09:34:52.569683910,100008,237,99974,237,100014,233,99973,233,100046,233,99962,233,100062,100,99942,100,100064,100,99936,100,100083,100,99928,100,100097,100,99925,100,100099,100,99914,100,100110,100,99891,100,100120,100,99889,100
2019-06-28 09:35:00.000000000,100008,502,99974,502,100014,100,99973,100,100046,100,99962,100,100062,100,99942,100,100064,100,99936,100,100083,100,99928,100,100097,100,99925,100,100099,100,99914,100,100110,100,99891,100,100120,100,99889,100
2019-06-28 09:35:09.866598701,100008,502,100002,100,100014,100,99974,502,100046,100,99973,100,100062,100,99962,100,100064,100,99942,100,100083,100,99936,100,100097,100,99928,100,100099,100,99925,100,100110,100,99914,100,100120,100,99891,100
2019-06-28 09:35:10.000000000,100008,200,100002,200,100014,200,99974,200,100046,200,99973,200,100062,200,99962,200,100064,100,99942,100,100083,100,99936,100,100097,100,99928,100,100099,100,99925,100,100110,100,99914,100,100120,100,99891,100
2019-06-28 09:35:18.510545669,100008,200,100002,200,100014,200,99974,200,100046,200,99973,200,100062,200,99962,200,100064,100,99942,100,100083,100,99936,100,100097,100,99928,100,100099,100,99925,100,100110,100,99914,100,100120,100,99891,100
2019-06-28 09:35:20.000000000,100008,180,100002,180,100014,180,99974,180,100046,180,99973,180,100062,180,99962,180,100064,180,99942,180,100083,100,99936,100,100097,100,99928,100,100099,100,99925,100,100110,100,99914,100,100120,100,99891,100
2019-06-28 09:35:20.909972927,100008,180,100002,180,100014,180,99974,180,100046,180,99973,180,100062,180,99962,180,100064,180,99942,180,100083,100,99936,100,100097,100,99928,100,100099,100,99925,100,100110,100,99914,100,100120,100,99891,100
2019-06-28 09:35:22.757131659,100008,180,100002,180,100014,180,99974,180,100046,180,99973,180,100062,180,99962,180,100064,180,99942,180,100083,100,99936,100,100084,100,99928,100,100097,100,99925,100,100099,100,99914,100,100110,100,99891,100
2019-06-28 09:35:30.000000000,100008,502,100002,502,100014,100,99974,100,100046,100,99973,100,100062,100,99962,100,100064,100,99942,100,100083,100,99936,100,100084,100,99928,100,100097,100,99925,100,100099,100,99914,100,100110,100,99891,100
2019-06-28 09:35:30.764505646,100008,502,100002,402,100014,100,99974,100,100046,100,99973,100,100062,100,99962,100,100064,100,99942,100,100083,100,99936,100,100084,100,99928,100,100097,100,99925,100,100110,100,99914,100,100120,100,99891,100
2019-06-28 09:35:40.000000000,100008,180,99974,180,100014,180,99973,180,100046,180,99962,180,100062,180,99942,180,100064,180,99936,180,100083,100,99928,100,100084,100,99925,100,100097,100,99914,100,100110,100,99891,100,100120,100,99889,100
2019-06-28 09:35:49.035145524,100008,180,99974,180,100014,180,99973,180,100046,80,99962,180,100062,180,99942,180,100064,180,99936,180,100083,100,99928,100,100084,100,99925,100,100097,100,99914,100,100110,100,99891,100,100120,100,99889,100
2019-06-28 09:35:50.000000000,100008,180,99974,180,100014,180,99973,180,100062,180,99962,180,100064,180,99942,180,100083,180,99936,180,100084,100,99928,100,100097,100,99925,100,100110,100,99914,100,100120,100,99891,100,100129,100,99889,100
2019-06-28 09:35:51.313410384,100008,180,99974,180,100014,180,99973,180,100062,180,99962,180,100064,180,99942,180,100083,180,99936,180,100084,100,99928,100,100097,100,99925,100,100110,100,99914,100,100120,100,99891,100,100129,100,99889,100
2019-06-28 09:36:00.000000000,100008,180,99974,180,100014,180,99973,180,100062,180,99962,180,100064,180,99942,180,100083,180,99936,180,100084,100,99928,100,100097,100,99925,100,100110,100,99914,100,100120,100,99891,100,100129,100,99889,100
2019-06-28 09:36:06.061499323,100002,100,99974,180,100008,180,99973,180,100014,180,99962,180,100062,180,99942,180,100064,180,99936,180,100083,180,99928,100,100084,100,99925,100,100097,100,99914,100,100110,100,99891,100,100120,100,99889,100
2019-06-28 09:36:10.000000000,100002,180,99974,180,100008,180,99973,180,100014,180,99962,180,100062,180,99942,180,100064,180,99936,180,100083,100,99928,100,100084,100,99925,100,100097,100,99914,100,100110,100,99891,100,100120,100,99889,100
2019-06-28 09:36:20.000000000,100002,502,99974,502,100008,100,99973,100,100014,100,99962,100,100062,100,99942,100,100064,100,99936,100,100083,100,99928,100,100084,100,99925,100,100097,100,99914,100,100110,100,99891,100,100120,100,99889,100
2019-06-28 09:36:30.000000000,100002,237,99974,237,100008,233,99973,233,100014,233,99962,233,100062,100,99942,100,100064,100,99936,100,100083,100,99928,100,100084,100,99925,100,100097,100,99914,100,100110,100,99891,100,100120,100,99889,100
2019-06-28 09:36:37.637718857,100002,237,99974,237,100008,133,99973,233,100014,233,99962,233,100062,100,99942,100,100064,100,99936,100,100083,100,99928,100,100084,100,99925,100,100097,100,99914,100,100110,100,99891,100,100120,100,99889,100
2019-06-28 09:36:40.000000000,100002,237,99974,237,100014,233,99973,233,100062,233,99962,233,100064,100,99942,100,100083,100,99936,100,100084,100,99928,100,100097,100,99925,100,100110,100,99914,100,100120,100,99891,100,100129,100,99889,100
2019-06-28 09:36:50.000000000,100002,237,99974,237,100014,233,99973,233,100062,233,99962,233,100064,100,99942,100,100083,100,99936,100,100084,100,99928,100,100097,100,99925,100,100110,100,99914,100,100120,100,99891,100,100129,100,99889,100
2019-06-28 09:37:00.000000000,100002,502,99974,502,100014,100,99973,100,100062,100,99962,100,100064,100,99942,100,100083,100,99936,100,100084,100,99928,100,100097,100,99925,100,100110,100,99914,100,100120,100,99891,100,100129,100,99889,100
2019-06-28 09:37:01.113699892,100002,502,99974,402,100014,100,99973,100,100062,100,99962,100,100064,100,99942,100,100083,100,99936,100,100084,100,99928,100,100097,100,99925,100,100110,100,99914,100,100120,100,99891,100,100129,100,99889,100
2019-06-28 09:37:10.000000000,100002,200,99973,200,100014,200,99962,200,100062,200,99942,200,100064,200,99936,200,100083,100,99928,100,100084,100,99925,100,100097,100,99914,100,100110,100,99891,100,100120,100,99889,100,100129,100,99863,100
2019-06-28 09:37:13.443684870,100002,200,99962,200,100014,200,99942,200,100062,200,99936,200,100064,200,99928,100,100083,100,99925,100,100084,100,99914,100,100097,100,99891,100,100110,100,99889,100,100120,100,99863,100,100129,100,99857,100
2019-06-28 09:37:16.601978087,99974,100,99962,200,100002,200,99942,200,100014,200,99936,200,100062,200,99928,100,100064,200,99925,100,100083,100,99914,100,100084,100,99891,100,100097,100,99889,100,100110,100,99863,100,100120,100,99857,100
2019-06-28 09:37:20.000000000,99974,237,99962,237,100002,233,99942,233,100014,233,99936,233,100062,100,99928,100,100064,100,99925,100,100083,100,99914,100,100084,100,99891,100,100097,100,99889,100,100110,100,99863,100,100120,100,99857,100
2019-06-28 09:37:30.000000000,99974,180,99962,180,100002,180,99942,180,100014,180,99936,180,100062,180,99928,180,100064,180,99925,180,100083,100,99914,100,100084,100,99891,100,100097,100,99889,100,100110,100,99863,100,100120,100,99857,100
2019-06-28 09:37:40.000000000,99974,237,99962,237,100002,233,99942,233,100014,233,99936,233,100062,100,99928,100,100064,100,99925,100,100083,100,99914,100,100084,100,99891,100,100097,100,99889,100,100110,100,99863,100,100120,100,99857,100
2019-06-28 09:37:50.000000000,99974,301,99962,301,100002,301,99942,301,100014,100,99936,100,100062,100,99928,100,100064,100,99925,100,100083,100,99914,100,100084,100,99891,100,100097,100,99889,100,100110,100,99863,100,100120,100,99857,100
2019-06-28 09:37:56.404729452,99974,301,99962,301,100002,301,99942,301,100014,100,99936,100,100062,100,99928,100,100064,100,99925,100,100083,100,99914,100,100084,100,99891,100,100097,100,99889,100,100110,100,99863,100,100120,100,99857,100
2019-06-28 09:37:58.124915614,99974,301,99962,301,100002,301,99942,301,100014,100,99936,100,100062,100,99928,100,100064,100,99925,100,100083,100,99914,100,100084,100,99891,100,100097,100,99889,100,100110,100,99863,100,100129,100,99857,100
2019-06-28 09:38:00.000000000,99974,502,99962,502,100002,100,99942,100,100014,100,99936,100,100062,100,99928,100,100064,100,99925,100,100083,100,99914,100,100084,100,99891,100,100097,100,99889,100,100110,100,99863,100,100129,100,99857,100
2019-06-28 09:38:10.000000000,99974,237,99962,237,100002,233,99942,233,100014,233,99936,233,100062,100,99928,100,100064,100,99925,100,100083,100,99914,100,100084,100,99891,100,100097,100,99889,100,100110,100,99863,100,100129,100,99857,100
2019-06-28 09:38:20.000000000,99974,180,99962,180,100002,180,99942,180,100014,180,99936,180,100062,180,99928,180,100064,180,99925,180,100083,100,99914,100,100084,100,99891,100,100097,100,99889,100,100110,100,99863,100,100129,100,99857,100
2019-06-28 09:38:30.000000000,99974,301,99962,301,100002,301,99942,301,100014,100,99936,100,100062,100,99928,100,100064,100,99925,100,100083,100,99914,100,100084,100,99891,100,100097,100,99889,100,100110,100,99863,100,100129,100,99857,100
2019-06-28 09:38:40.000000000,99974,502,99962,502,100002,100,99942,100,100014,100,99936,100,100062,100,99928,100,100064,100,99925,100,100083,100,99914,100,100084,100,99891,100,100097,100,99889,100,100110,100,99863,100,100129,100,99857,100
2019-06-28 09:38:42.436261818,99974,502,99962,502,100002,100,99936,100,100014,100,99928,100,100062,100,99925,100,100064,100,99914,100,100083,100,99891,100,100084,100,99889,100,100097,100,99863,100,100110,100,99857,100,100129,100,99830,100
2019-06-28 09:38:50.000000000,99974,502,99962,502,100002,100,99936,100,100014,100,99928,100,100062,100,99925,100,100064,100,99914,100,100083,100,99891,100,100084,100,99889,100,100097,100,99863,100,100110,100,99857,100,100129,100,99830,100
2019-06-28 09:38:52.119144408,99974,602,99962,502,100002,100,99936,100,100014,100,99928,100,100062,100,99925,100,100064,100,99914,100,100083,100,99891,100,100084,100,99889,100,100097,100,99863,100,100110,100,99857,100,100129,100,99830,100
2019-06-28 09:39:00.000000000,99974,602,99962,502,100002,100,99936,100,100014,100,99928,100,100062,100,99925,100,100064,100,99914,100,100083,100,99891,100,100084,100,99889,100,100097,100,99863,100,100110,100,99857,100,100129,100,99830,100
2019-06-28 09:39:02.209900374,99974,702,99962,502,100002,100,99936,100,100014,100,99928,100,100062,100,99925,100,100064,100,99914,100,100083,100,99891,100,100084,100,99889,100,100097,100,99863,100,100110,100,99857,100,100129,100,99830,100
2019-06-28 09:39:10.000000000,99974,437,99962,237,100002,233,99936,233,100014,233,99928,233,100062,100,99925,100,100064,100,99914,100,100083,100,99891,100,100084,100,99889,100,100097,100,99863,100,100110,100,99857,100,100129,100,99830,100
2019-06-28 09:39:20.000000000,99974,380,99962,180,100002,180,99936,180,100014,180,99928,180,100062,180,99925,180,100064,180,99914,180,100083,100,99891,100,100084,100,99889,100,100097,100,99863,100,100110,100,99857,100,100129,100,99830,100
2019-06-28 09:39:21.752613444,99974,380,99962,80,100002,180,99936,180,100014,180,99928,180,100062,180,99925,180,100064,180,99914,180,100083,100,99889,100,100084,100,99863,100,100097,100,99857,100,100110,100,99830,100,100129,100,99829,100
2019-06-28 09:39:30.000000000,99974,501,99936,301,100002,301,99928,301,100014,100,99925,100,100062,100,99914,100,100064,100,99889,100,100083,100,99863,100,100084,100,99857,100,100097,100,99830,100,100110,100,99829,100,100129,100,99784,100
2019-06-28 09:39:40.000000000,99974,437,99936,237,100002,233,99928,233,100014,233,99925,233,100062,100,99914,100,100064,100,99889,100,100083,100,99863,100,100084,100,99857,100,100097,100,99830,100,100110,100,99829,100,100129,100,99784,100
2019-06-28 09:39:50.000000000,99974,437,99936,237,100002,233,99928,233,100014,233,99925,233,100062,100,99914,100,100064,100,99889,100,100083,100,99863,100,100084,100,99857,100,100097,100,99830,100,100110,100,99829,100,100129,100,99784,100
2019-06-28 09:39:55.614149439,99973,100,99936,237,99974,337,99928,233,100002,233,99925,233,100014,233,99914,100,100062,100,99889,100,100064,100,99863,100,100083,100,99857,100,100084,100,99830,100,100097,100,99829,100,100110,100,99784,100
2019-06-28 09:40:00.000000000,99973,180,99936,180,99974,280,99928,180,100002,180,99925,180,100014,180,99914,180,100062,180,99889,180,100064,100,99863,100,100083,100,99857,100,100084,100,99830,100,100097,100,99829,100,100110,100,99784,100
2019-06-28 09:40:03.212875855,99973,180,99936,180,99974,280,99928,180,100002,180,99925,180,100014,180,99914,180,100062,180,99889,180,100064,100,99863,100,100083,100,99857,100,100084,100,99830,100,100097,100,99829,100,100110,100,99784,100
2019-06-28 09:40:10.000000000,99973,180,99936,180,99974,280,99928,180,100002,180,99925,180,100014,180,99914,180,100062,180,99889,180,100064,100,99863,100,100083,100,99857,100,100084,100,99830,100,100097,100,99829,100,100110,100,99784,100
2019-06-28 09:40:20.000000000,99973,502,99936,502,99974,200,99928,100,100002,100,99925,100,100014,100,99914,100,100062,100,99889,100,100064,100,99863,100,100083,100,99857,100,100084,100,99830,100,100097,100,99829,100,100110,100,99784,100
2019-06-28 09:40:20.970754947,99973,502,99936,502,99974,200,99928,100,100002,100,99925,100,100014,100,99914,100,100064,100,99889,100,100083,100,99863,100,100084,100,99857,100,100097,100,99830,100,100110,100,99829,100,100129,100,99784,100
2019-06-28 09:40:21.224611357,99973,502,99936,402,99974,200,99928,100,100002,100,99925,100,100014,100,99914,100,100064,100,99889,100,100083,100,99863,100,100084,100,99857,100,100097,100,99830,100,100110,100,99829,100,100129,100,99784,100
2019-06-28 09:40:21.720293788,99973,502,99936,302,99974,200,99928,100,100002,100,99925,100,100014,100,99914,100,100064,100,99889,100,100083,100,99863,100,100084,100,99857,100,100097,100,99830,100,100110,100,99829,100,100129,100,99784,100
2019-06-28 09:40:30.000000000,99973,301,99928,301,99974,401,99925,301,100002,100,99914,100,100014,100,99889,100,100064,100,99863,100,100083,100,99857,100,100084,100,99830,100,100097,100,99829,100,100110,100,99784,100,100129,100,99613,100
2019-06-28 09:40:36.807879841,99973,301,99928,201,99974,401,99925,301,100002,100,99914,100,100014,100,99889,100,100064,100,99863,100,100083,100,99857,100,100097,100,99830,100,100110,100,99829,100,100129,100,99784,100,100136,100,99613,100
2019-06-28 09:40:40.000000000,99973,180,99925,180,99974,280,99914,180,100002,180,99889,180,100014,180,99863,180,100064,180,99857,180,100083,100,99830,100,100097,100,99829,100,100110,100,99784,100,100129,100,99613,100,100136,100,99460,100
2019-06-28 09:40:49.133111460,99973,180,99925,180,99974,280,99914,180,100002,180,99889,180,100014,180,99863,180,100064,180,99857,180,100083,100,99830,100,100097,100,99829,100,100110,100,99784,100,100136,100,99613,100,100155,100,99460,100
2019-06-28 09:40:50.000000000,99973,237,99925,237,99974,333,99914,233,100002,233,99889,233,100014,100,99863,100,100064,100,99857,100,100083,100,99830,100,100097,100,99829,100,100110,100,99784,100,100136,100,99613,100,100155,100,99460,100
2019-06-28 09:40:53.614054952,99973,237,99925,137,99974,333,99914,233,100002,233,99889,233,100014,100,99863,100,100064,100,99857,100,100083,100,99830,100,100097,100,99829,100,100110,100,99784,100,100136,100,99613,100,100155,100,99460,100
2019-06-28 09:40:59.217994132,99973,237,99925,37,99974,333,99914,233,100002,233,99889,233,100014,100,99863,100,100064,100,99857,100,100083,100,99829,100,100097,100,99784,100,100110,100,99613,100,100136,100,99460,100,100155,100,99219,100
2019-06-28 09:40:59.433204171,99973,237,99925,37,99974,233,99914,233,100002,233,99889,233,100014,100,99863,100,100064,100,99857,100,100083,100,99829,100,100097,100,99784,100,100110,100,99613,100,100136,100,99460,100,100155,100,99219,100
2019-06-28 09:41:00.000000000,99973,237,99914,237,99974,233,99889,233,100002,233,99863,233,100014,100,99857,100,100064,100,99829,100,100083,100,99784,100,100097,100,99613,100,100110,100,99460,100,100136,100,99219,100,100155,100,99127,100
2019-06-28 09:41:10.000000000,99973,200,99914,200,99974,200,99889,200,100002,200,99863,200,100014,200,99857,200,100064,100,99829,100,100083,100,99784,100,100097,100,99613,100,100110,100,99460,100,100136,100,99219,100,100155,100,99127,100
2019-06-28 09:41:13.741347606,99973,200,99914,100,99974,200,99889,200,100002,200,99863,200,100014,200,99857,200,100064,100,99829,100,100083,100,99784,100,100097,100,99613,100,100110,100,99460,100,100136,100,99219,100,100155,100,99127,100
2019-06-28 09:41:20.000000000,99973,180,99889,180,99974,180,99863,180,100002,180,99857,180,100014,180,99829,180,100064,180,99784,180,100083,100,99613,100,100097,100,99460,100,100110,100,99219,100,100136,100,99127,100,100155,100,98893,100
2019-06-28 09:41:29.697673146,99973,180,99889,180,99974,180,99863,180,100002,180,99857,180,100014,180,99829,180,100064,180,99784,180,100083,100,99613,100,100097,100,99460,100,100110,100,99219,100,100136,100,99127,100,100155,100,98893,100
2019-06-28 09:41:30.000000000,99973,301,99889,301,99974,301,99863,301,100002,100,99857,100,100014,100,99829,100,100064,100,99784,100,100083,100,99613,100,100097,100,99460,100,100110,100,99219,100,100136,100,99127,100,100155,100,98893,100
2019-06-28 09:41:35.350499647,99973,301,99889,201,99974,301,99863,301,100002,100,99857,100,100014,100,99829,100,100064,100,99784,100,100083,100,99613,100,100097,100,99460,100,100110,100,99219,100,100136,100,98893,100,100155,100,98839,100
2019-06-28 09:41:40.000000000,99973,200,99863,200,99974,200,99857,200,100002,200,99829,200,100014,200,99784,200,100064,100,99613,100,100083,100,99460,100,100097,100,99219,100,100110,100,98893,100,100136,100,98839,100,100155,100,98821,100
2019-06-28 09:41:50.000000000,99973,237,99863,237,99974,233,99857,233,100002,233,99829,233,100014,100,99784,100,100064,100,99613,100,100083,100,99460,100,100097,100,99219,100,100110,100,98893,100,100136,100,98839,100,100155,100,98821,100
2019-06-28 09:41:54.703307318,99914,100,99863,237,99973,237,99857,233,99974,233,99829,233,100002,233,99784,100,100014,100,99613,100,100064,100,99460,100,100083,100,99219,100,100097,100,98893,100,100110,100,98839,100,100136,100,98821,100
2019-06-28 09:41:57.970135453,99914,200,99863,237,99973,237,99857,233,99974,233,99829,233,100002,233,99784,100,100014,100,99613,100,100064,100,99460,100,100083,100,99219,100,100097,100,98893,100,100110,100,98839,100,100136,100,98821,100
2019-06-28 09:42:00.000000000,99914,280,99863,180,99973,180,99857,180,99974,180,99829,180,100002,180,99784,180,100014,180,99613,180,100064,100,99460,100,100083,100,99219,100,100097,100,98893,100,100110,100,98839,100,100136,100,98821,100
2019-06-28 09:42:10.000000000,99914,280,99863,180,99973,180,99857,180,99974,180,99829,180,100002,180,99784,180,100014,180,99613,180,100064,100,99460,100,100083,100,99219,100,100097,100,98893,100,100110,100,98839,100,100136,100,98821,100
2019-06-28 09:42:10.200887663,99914,280,99863,80,99973,180,99857,180,99974,180,99829,180,100002,180,99784,180,100014,180,99613,180,100064,100,99460,100,100083,100,99219,100,100097,100,98893,100,100110,100,98839,100,100136,100,98821,100
2019-06-28 09:42:20.000000000,99914,602,99857,502,99973,100,99829,100,99974,100,99784,100,100002,100,99613,100,100014,100,99460,100,100064,100,99219,100,100083,100,98893,100,100097,100,98839,100,100110,100,98821,100,100136,100,98688,100
2019-06-28 09:42:30.000000000,99914,337,99857,237,99973,233,99829,233,99974,233,99784,233,100002,100,99613,100,100014,100,99460,100,100064,100,99219,100,100083,100,98893,100,100097,100,98839,100,100110,100,98821,100,100136,100,98688,100
2019-06-28 09:42:40.000000000,99914,300,99857,200,99973,200,99829,200,99974,200,99784,200,100002,200,99613,200,100014,100,99460,100,100064,100,99219,100,100083,100,98893,100,100097,100,98839,100,100110,100,98821,100,100136,100,98688,100
2019-06-28 09:42:50.000000000,99914,337,99857,237,99973,233,99829,233,99974,233,99784,233,100002,100,99613,100,100014,100,99460,100,100064,100,99219,100,100083,100,98893,100,100097,100,98839,100,100110,100,98821,100,100136,100,98688,100
2019-06-28 09:42:50.387907826,99914,337,99857,237,99973,233,99829,233,99974,233,99784,233,100002,100,99613,100,100014,100,99460,100,100064,100,99352,100,100083,100,99219,100,100097,100,98893,100,100110,100,98839,100,100136,100,98821,100
2019-06-28 09:43:00.000000000,99914,401,99857,301,99973,301,99829,301,99974,100,99784,100,100002,100,99613,100,100014,100,99460,100,100064,100,99352,100,100083,100,99219,100,100097,100,98893,100,100110,100,98839,100,100136,100,98821,100
2019-06-28 09:43:10.000000000,99914,280,99857,180,99973,180,99829,180,99974,180,99784,180,100002,180,99613,180,100014,180,99460,180,100064,100,99352,100,100083,100,99219,100,100097,100,98893,100,100110,100,98839,100,100136,100,98821,100
2019-06-28 09:43:20.000000000,99914,300,99857,200,99973,200,99829,200,99974,200,99784,200,100002,200,99613,200,100014,100,99460,100,100064,100,99352,100,100083,100,99219,100,100097,100,98893,100,100110,100,98839,100,100136,100,98821,100
2019-06-28 09:43:30.000000000,99914,337,99857,237,99973,233,99829,233,99974,233,99784,233,100002,100,99613,100,100014,100,99460,100,100064,100,99352,100,100083,100,99219,100,100097,100,98893,100,100110,100,98839,100,100136,100,98821,100
2019-06-28 09:43:40.000000000,99914,602,99857,502,99973,100,99829,100,99974,100,99784,100,100002,100,99613,100,100014,100,99460,100,100064,100,99352,100,100083,100,99219,100,100097,100,98893,100,100110,100,98839,100,100136,100,98821,100
2019-06-28 09:43:50.000000000,99914,280,99857,180,99973,180,99829,180,99974,180,99784,180,100002,180,99613,180,100014,180,99460,180,100064,100,99352,100,100083,100,99219,100,100097,100,98893,100,100110,100,98839,100,100136,100,98821,100
2019-06-28 09:44:00.000000000,99914,602,99857,502,99973,100,99829,100,99974,100,99784,100,100002,100,99613,100,100014,100,99460,100,100064,100,99352,100,100083,100,99219,100,100097,100,98893,100,100110,100,98839,100,100136,100,98821,100
2019-06-28 09:44:05.634732051,99914,602,99857,502,99973,100,99829,100,99974,100,99784,100,100002,100,99460,100,100014,100,99352,100,100064,100,99219,100,100083,100,98893,100,100097,100,98839,100,100110,100,98821,100,100136,100,98786,100
2019-06-28 09:44:10.000000000,99914,401,99857,301,99973,301,99829,301,99974,100,99784,100,100002,100,99460,100,100014,100,99352,100,100064,100,99219,100,100083,100,98893,100,100097,100,98839,100,100110,100,98821,100,100136,100,98786,100
2019-06-28 09:44:12.708510414,99914,401,99857,301,99973,301,99829,301,99974,100,99784,100,100002,100,99460,100,100014,100,99352,100,100064,100,99219,100,100083,100,98869,100,100097,100,98839,100,100110,100,98821,100,100136,100,98786,100
2019-06-28 09:44:18.071175791,99914,401,99857,301,99973,301,99829,301,99974,100,99784,100,100002,100,99460,100,100014,100,99352,100,100064,100,99219,100,100083,100,98869,100,100097,100,98839,100,100110,100,98821,100,100136,100,98724,100
2019-06-28 09:44:20.000000000,99914,602,99857,502,99973,100,99829,100,99974,100,99784,100,100002,100,99460,100,100014,100,99352,100,100064,100,99219,100,100083,100,98869,100,100097,100,98839,100,100110,100,98821,100,100136,100,98724,100
2019-06-28 09:44:30.000000000,99914,280,99857,180,99973,180,99829,180,99974,180,99784,180,100002,180,99460,180,100014,180,99352,180,100064,100,99219,100,100083,100,98869,100,100097,100,98839,100,100110,100,98821,100,100136,100,98724,100
2019-06-28 09:44:34.574924507,99914,280,99857,80,99973,180,99829,180,99974,180,99784,180,100002,180,99460,180,100014,180,99352,180,100064,100,99219,100,100083,100,98869,100,100097,100,98839,100,100110,100,98821,100,100136,100,98724,100
2019-06-28 09:44:40.000000000,99914,602,99829,502,99973,100,99784,100,99974,100,99460,100,100002,100,99352,100,100014,100,99219,100,100064,100,98869,100,100083,100,98839,100,100097,100,98821,100,100110,100,98724,100,100136,100,98688,100
2019-06-28 09:44:50.000000000,99914,300,99829,200,99973,200,99784,200,99974,200,99460,200,100002,200,99352,200,100014,100,99219,100,100064,100,98869,100,100083,100,98839,100,100097,100,98821,100,100110,100,98724,100,100136,100,98688,100
2019-06-28 09:44:51.560224388,99914,300,99829,200,99973,200,99784,200,99974,200,99460,200,100002,200,99352,200,100014,100,99227,100,100083,100,99219,100,100097,100,98869,100,100110,100,98839,100,100136,100,98821,100,100155,100,98724,100
2019-06-28 09:44:53.462480645,99914,300,99829,100,99973,200,99784,200,99974,200,99460,200,100002,200,99352,200,100014,100,99227,100,100083,100,99219,100,100097,100,98869,100,100110,100,98839,100,100136,100,98821,100,100155,100,98724,100
2019-06-28 09:44:56.607411862,99857,100,99829,100,99914,300,99784,200,99973,200,99460,200,99974,200,99352,200,100002,200,99227,100,100014,100,99219,100,100083,100,98869,100,100097,100,98839,100,100110,100,98821,100,100136,100,98724,100
2019-06-28 09:45:00.000000000,99857,200,99784,200,99914,300,99460,200,99973,200,99352,200,99974,200,99227,200,100002,100,99219,100,100014,100,98869,100,100083,100,98839,100,100097,100,98821,100,100110,100,98724,100,100136,100,98688,100
2019-06-28 09:45:10.000000000,99857,237,99784,237,99914,333,99460,233,99973,233,99352,233,99974,100,99227,100,100002,100,99219,100,100014,100,98869,100,100083,100,98839,100,100097,100,98821,100,100110,100,98724,100,100136,100,98688,100
2019-06-28 09:45:20.000000000,99857,502,99784,502,99914,200,99460,100,99973,100,99352,100,99974,100,99227,100,100002,100,99219,100,100014,100,98869,100,100083,100,98839,100,100097,100,98821,100,100110,100,98724,100,100136,100,98688,100
2019-06-28 09:45:25.374537465,99857,502,99784,502,99914,200,99460,100,99973,100,99352,100,99974,100,99227,100,100002,100,99219,100,100014,100,98869,100,100097,100,98839,100,100110,100,98821,100,100136,100,98787,100,100155,100,98724,100
2019-06-28 09:45:28.740459053,99857,502,99784,502,99914,200,99460,100,99973,100,99352,100,99974,100,99227,100,100002,100,99219,100,100014,100,98969,100,100097,100,98869,100,100110,100,98839,100,100136,100,98821,100,100155,100,98787,100
2019-06-28 09:45:30.000000000,99857,200,99784,200,99914,300,99460,200,99973,200,99352,200,99974,200,99227,200,100002,100,99219,100,100014,100,98969,100,100097,100,98869,100,100110,100,98839,100,100136,100,98821,100,100155,100,98787,100
2019-06-28 09:45:40.000000000,99857,200,99784,200,99914,300,99460,200,99973,200,99352,200,99974,200,99227,200,100002,100,99219,100,100014,100,98969,100,100097,100,98869,100,100110,100,98839,100,100136,100,98821,100,100155,100,98787,100
2019-06-28 09:45:50.000000000,99857,301,99784,301,99914,401,99460,301,99973,100,99352,100,99974,100,99227,100,100002,100,99219,100,100014,100,98969,100,100097,100,98869,100,100110,100,98839,100,100136,100,98821,100,100155,100,98787,100
2019-06-28 09:45:54.210095713,99857,401,99784,301,99914,401,99460,301,99974,100,99352,100,100002,100,99227,100,100014,100,99219,100,100097,100,98969,100,100110,100,98869,100,100136,100,98839,100,100155,100,98821,100,100186,100,98787,100
2019-06-28 09:46:00.000000000,99857,337,99784,237,99914,333,99460,233,99974,233,99352,233,100002,100,99227,100,100014,100,99219,100,100097,100,98969,100,100110,100,98869,100,100136,100,98839,100,100155,100,98821,100,100186,100,98787,100
2019-06-28 09:46:10.000000000,99857,300,99784,200,99914,300,99460,200,99974,200,99352,200,100002,200,99227,200,100014,100,99219,100,100097,100,98969,100,100110,100,98869,100,100136,100,98839,100,100155,100,98821,100,100186,100,98787,100
2019-06-28 09:46:17.178381970,99857,400,99784,200,99914,300,99460,200,99974,200,99352,200,100002,200,99227,200,100014,100,99219,100,100097,100,98969,100,100110,100,98869,100,100136,100,98839,100,100155,100,98821,100,100186,100,98787,100
2019-06-28 09:46:20.000000000,99857,400,99784,200,99914,300,99460,200,99974,200,99352,200,100002,200,99227,200,100014,100,99219,100,100097,100,98969,100,100110,100,98869,100,100136,100,98839,100,100155,100,98821,100,100186,100,98787,100
2019-06-28 09:46:30.000000000,99857,400,99784,200,99914,300,99460,200,99974,200,99352,200,100002,200,99227,200,100014,100,99219,100,100097,100,98969,100,100110,100,98869,100,100136,100,98839,100,100155,100,98821,100,100186,100,98787,100
2019-06-28 09:46:31.819674774,99857,400,99784,100,99914,300,99460,200,99974,200,99352,200,100002,200,99227,200,100014,100,99219,100,100097,100,98969,100,100110,100,98869,100,100136,100,98839,100,100155,100,98821,100,100326,100,98787,100
2019-06-28 09:46:40.000000000,99857,437,99460,237,99914,333,99352,233,99974,233,99227,233,100002,100,99219,100,100014,100,98969,100,100097,100,98869,100,100110,100,98839,100,100136,100,98821,100,100155,100,98787,100,100326,100,98724,100
2019-06-28 09:46:45.393519372,99829,100,99460,237,99857,437,99352,233,99914,233,99227,233,99974,233,99219,100,100002,100,98969,100,100014,100,98869,100,100097,100,98839,100,100110,100,98821,100,100136,100,98787,100,100155,100,98724,100
2019-06-28 09:46:50.000000000,99829,200,99460,200,99857,400,99352,200,99914,200,99227,200,99974,200,99219,200,100002,100,98969,100,100014,100,98869,100,100097,100,98839,100,100110,100,98821,100,100136,100,98787,100,100155,100,98724,100
2019-06-28 09:47:00.000000000,99829,180,99460,180,99857,380,99352,180,99914,180,99227,180,99974,180,99219,180,100002,180,98969,180,100014,100,98869,100,100097,100,98839,100,100110,100,98821,100,100136,100,98787,100,100155,100,98724,100
2019-06-28 09:47:04.044358918,99829,180,99460,180,99857,380,99352,180,99914,180,99227,180,99974,180,99219,180,100002,180,99210,100,100014,100,98969,180,100097,100,98869,100,100136,100,98839,100,100155,100,98821,100,100326,100,98787,100
2019-06-28 09:47:10.000000000,99829,180,99460,180,99857,380,99352,180,99914,180,99227,180,99974,180,99219,180,100002,180,99210,180,100014,100,98969,100,100097,100,98869,100,100136,100,98839,100,100155,100,98821,100,100326,100,98787,100
2019-06-28 09:47:20.000000000,99829,200,99460,200,99857,400,99352,200,99914,200,99227,200,99974,200,99219,200,100002,100,99210,100,100014,100,98969,100,100097,100,98869,100,100136,100,98839,100,100155,100,98821,100,100326,100,98787,100
2019-06-28 09:47:30.000000000,99829,301,99460,301,99857,501,99352,301,99914,100,99227,100,99974,100,99219,100,100002,100,99210,100,100014,100,98969,100,100097,100,98869,100,100136,100,98839,100,100155,100,98821,100,100326,100,98787,100
2019-06-28 09:47:38.976044113,99829,301,99460,301,99857,501,99352,301,99914,100,99233,100,99974,100,99227,100,100002,100,99219,100,100014,100,99210,100,100097,100,98969,100,100136,100,98869,100,100155,100,98839,100,100326,100,98821,100
2019-06-28 09:47:40.000000000,99829,237,99460,237,99857,433,99352,233,99914,233,99233,233,99974,100,99227,100,100002,100,99219,100,100014,100,99210,100,100097,100,98969,100,100136,100,98869,100,100155,100,98839,100,100326,100,98821,100
2019-06-28 09:47:45.422488173,99829,237,99460,237,99857,433,99352,233,99914,233,99233,233,99974,100,99227,100,100014,100,99219,100,100097,100,99210,100,100136,100,98969,100,100155,100,98869,100,100326,100,98839,100,,,98821,100
2019-06-28 09:47:50.000000000,99829,200,99460,200,99857,400,99352,200,99914,200,99233,200,99974,200,99227,200,100014,100,99219,100,100097,100,99210,100,100136,100,98969,100,100155,100,98869,100,100326,100,98839,100,,,98821,100
2019-06-28 09:48:00.000000000,99829,180,99460,180,99857,380,99352,180,99914,180,99233,180,99974,180,99227,180,100014,180,99219,180,100097,100,99210,100,100136,100,98969,100,100155,100,98869,100,100326,100,98839,100,,,98821,100
2019-06-28 09:48:10.000000000,99829,237,99460,237,99857,433,99352,233,99914,233,99233,233,99974,100,99227,100,100014,100,99219,100,100097,100,99210,100,100136,100,98969,100,100155,100,98869,100,100326,100,98839,100,,,98821,100
2019-06-28 09:48:20.000000000,99829,200,99460,200,99857,400,99352,200,99914,200,99233,200,99974,200,99227,200,100014,100,99219,100,100097,100,99210,100,100136,100,98969,100,100155,100,98869,100,100326,100,98839,100,,,98821,100
2019-06-28 09:48:24.482043395,99829,200,99460,200,99857,400,99352,200,99914,200,99233,200,99974,200,99227,200,100014,100,99219,100,100097,100,99210,100,100136,100,98969,100,100155,100,98869,100,100217,100,98839,100,100326,100,98821,100
2019-06-28 09:48:25.940268921,99829,200,99460,200,99857,400,99352,200,99914,200,99233,200,99974,200,99227,200,100014,100,99219,100,100097,100,99210,100,100136,100,98969,100,100155,100,98869,100,100217,100,98839,100,100326,100,98821,100
2019-06-28 09:48:30.000000000,99829,301,99460,301,99857,501,99352,301,99914,100,99233,100,99974,100,99227,100,100014,100,99219,100,100097,100,99210,100,100136,100,98969,100,100155,100,98869,100,100217,100,98839,100,100326,100,98821,100
2019-06-28 09:48:40.000000000,99829,180,99460,180,99857,380,99352,180,99914,180,99233,180,99974,180,99227,180,100014,180,99219,180,100097,100,99210,100,100136,100,98969,100,100155,100,98869,100,100217,100,98839,100,100326,100,98821,100
2019-06-28 09:48:49.283490752,99829,80,99460,180,99857,380,99352,180,99914,180,99233,180,99974,180,99227,180,100014,180,99219,180,100097,100,99210,100,100136,100,98969,100,100155,100,98869,100,100217,100,98839,100,100326,100,98821,100
2019-06-28 09:48:50.000000000,99857,437,99460,237,99914,233,99352,233,99974,233,99233,233,100014,100,99227,100,100097,100,99219,100,100136,100,99210,100,100155,100,98969,100,100217,100,98869,100,100326,100,98839,100,100376,100,98821,100
2019-06-28 09:48:53.248895725,99857,337,99460,237,99914,233,99352,233,99974,233,99233,233,100014,100,99227,100,100097,100,99219,100,100136,100,99210,100,100155,100,98969,100,100217,100,98869,100,100326,100,98839,100,100376,100,98821,100
2019-06-28 09:48:57.101586728,99857,237,99460,237,99914,233,99352,233,99974,233,99233,233,100014,100,99227,100,100097,100,99219,100,100136,100,99210,100,100155,100,98969,100,100217,100,98869,100,100326,100,98839,100,100376,100,98821,100
2019-06-28 09:49:00.000000000,99857,200,99460,200,99914,200,99352,200,99974,200,99233,200,100014,200,99227,200,100097,100,99219,100,100136,100,99210,100,100155,100,98969,100,100217,100,98869,100,100326,100,98839,100,100376,100,98821,100
2019-06-28 09:49:10.000000000,99857,200,99460,200,99914,200,99352,200,99974,200,99233,200,100014,200,99227,200,100097,100,99219,100,100136,100,99210,100,100155,100,98969,100,100217,100,98869,100,100326,100,98839,100,100376,100,98821,100
2019-06-28 09:49:14.817106337,99687,100,99460,200,99857,200,99352,200,99914,200,99233,200,99974,200,99227,200,100014,200,99219,100,100097,100,99210,100,100136,100,98969,100,100155,100,98869,100,100217,100,98839,100,100326,100,98821,100
2019-06-28 09:49:20.000000000,99687,180,99460,180,99857,180,99352,180,99914,180,99233,180,99974,180,99227,180,100014,180,99219,180,100097,100,99210,100,100136,100,98969,100,100155,100,98869,100,100217,100,98839,100,100326,100,98821,100
2019-06-28 09:49:28.327676599,99687,180,99460,180,99856,100,99352,180,99857,180,99233,180,99914,180,99227,180,99974,180,99219,180,100014,180,99210,100,100097,100,98969,100,100136,100,98869,100,100155,100,98839,100,100217,100,98821,100
2019-06-28 09:49:30.000000000,99687,502,99460,502,99856,100,99352,100,99857,100,99233,100,99914,100,99227,100,99974,100,99219,100,100014,100,99210,100,100097,100,98969,100,100136,100,98869,100,100155,100,98839,100,100217,100,98821,100
2019-06-28 09:49:33.042624459,99598,100,99460,502,99687,502,99352,100,99856,100,99233,100,99857,100,99227,100,99914,100,99219,100,99974,100,99210,100,100014,100,98969,100,100097,100,98869,100,100136,100,98839,100,100155,100,98821,100
2019-06-28 09:49:34.423333333,99598,100,99460,502,99687,502,99380,100,99856,100,99352,100,99857,100,99233,100,99914,100,99227,100,99974,100,99219,100,100014,100,99210,100,100097,100,98969,100,100136,100,98869,100,100155,100,98839,100
2019-06-28 09:49:39.253974954,99598,100,99460,502,99667,100,99380,100,99687,502,99352,100,99856,100,99233,100,99857,100,99227,100,99914,100,99219,100,99974,100,99210,100,100014,100,98969,100,100097,100,98869,100,100136,100,98839,100
2019-06-28 09:49:40.000000000,99598,502,99460,502,99667,100,99380,100,99687,100,99352,100,99856,100,99233,100,99857,100,99227,100,99914,100,99219,100,99974,100,99210,100,100014,100,98969,100,100097,100,98869,100,100136,100,98839,100
2019-06-28 09:49:46.728949426,99598,502,99530,100,99667,100,99460,502,99687,100,99380,100,99856,100,99352,100,99857,100,99233,100,99914,100,99227,100,99974,100,99219,100,100014,100,99210,100,100097,100,98969,100,100136,100,98869,100
2019-06-28 09:49:48.365062261,99598,402,99530,100,99667,100,99460,502,99687,100,99380,100,99856,100,99352,100,99857,100,99233,100,99914,100,99227,100,99974,100,99219,100,100014,100,99210,100,100097,100,98969,100,100136,100,98869,100
2019-06-28 09:49:50.000000000,99667,200,99530,200,99687,200,99460,200,99856,200,99380,200,99857,200,99352,200,99914,100,99233,100,99974,100,99227,100,100014,100,99219,100,100097,100,99210,100,100136,100,98969,100,100155,100,98869,100
2019-06-28 09:49:55.536807913,99667,200,99530,200,99687,200,99460,200,99855,100,99380,200,99856,200,99352,200,99857,100,99233,100,99914,100,99227,100,99974,100,99219,100,100014,100,99210,100,100097,100,98969,100,100136,100,98869,100
2019-06-28 09:50:00.000000000,99667,301,99530,301,99687,301,99460,301,99855,100,99380,100,99856,100,99352,100,99914,100,99233,100,99974,100,99227,100,100014,100,99219,100,100097,100,99210,100,100136,100,98969,100,100155,100,98869,100
2019-06-28 09:50:00.407440654,99667,301,99598,100,99687,301,99530,301,99855,100,99460,301,99914,100,99380,100,99974,100,99352,100,100014,100,99233,100,100097,100,99227,100,100136,100,99219,100,100155,100,99210,100,100217,100,98969,100
2019-06-28 09:50:06.686880511,99667,201,99598,100,99687,301,99530,301,99855,100,99460,301,99914,100,99380,100,99974,100,99352,100,100014,100,99233,100,100097,100,99227,100,100136,100,99219,100,100155,100,99210,100,100217,100,98969,100
2019-06-28 09:50:10.000000000,99687,502,99598,502,99855,100,99530,100,99914,100,99460,100,99974,100,99380,100,100014,100,99352,100,100097,100,99233,100,100136,100,99227,100,100155,100,99219,100,100217,100,99210,100,100326,100,98969,100
2019-06-28 09:50:20.000000000,99687,502,99598,502,99855,100,99530,100,99914,100,99460,100,99974,100,99380,100,100014,100,99352,100,100097,100,99233,100,100136,100,99227,100,100155,100,99219,100,100217,100,99210,100,100326,100,98969,100
2019-06-28 09:50:30.000000000,99687,502,99598,502,99855,100,99530,100,99914,100,99460,100,99974,100,99380,100,100014,100,99352,100,100097,100,99233,100,100136,100,99227,100,100155,100,99219,100,100217,100,99210,100,100326,100,98969,100
2019-06-28 09:50:40.000000000,99687,502,99598,502,99855,100,99530,100,99914,100,99460,100,99974,100,99380,100,100014,100,99352,100,100097,100,99233,100,100136,100,99227,100,100155,100,99219,100,100217,100,99210,100,100326,100,98969,100
2019-06-28 09:50:46.910589563,99687,502,99598,502,99729,100,99530,100,99855,100,99460,100,99914,100,99380,100,99974,100,99352,100,100014,100,99233,100,100097,100,99227,100,100136,100,99219,100,100155,100,99210,100,100217,100,98969,100
2019-06-28 09:50:48.415532968,99686,100,99598,502,99687,502,99530,100,99729,100,99460,100,99855,100,99380,100,99914,100,99352,100,99974,100,99233,100,100014,100,99227,100,100097,100,99219,100,100136,100,99210,100,100217,100,98969,100
2019-06-28 09:50:50.000000000,99686,200,99598,200,99687,200,99530,200,99729,200,99460,200,99855,200,99380,200,99914,100,99352,100,99974,100,99233,100,100014,100,99227,100,100097,100,99219,100,100136,100,99210,100,100217,100,98969,100
2019-06-28 09:51:00.000000000,99686,301,99598,301,99687,301,99530,301,99729,100,99460,100,99855,100,99380,100,99914,100,99352,100,99974,100,99233,100,100014,100,99227,100,100097,100,99219,100,100136,100,99210,100,100217,100,98969,100
2019-06-28 09:51:10.000000000,99686,180,99598,180,99687,180,99530,180,99729,180,99460,180,99855,180,99380,180,99914,180,99352,180,99974,100,99233,100,100014,100,99227,100,100097,100,99219,100,100136,100,99210,100,100217,100,98969,100
2019-06-28 09:51:17.437835148,99686,180,99598,180,99687,180,99530,180,99729,180,99460,180,99855,180,99380,180,99914,180,99352,180,99974,100,99233,100,100014,100,99227,100,100097,100,99219,100,100136,100,99210,100,100217,100,99187,100
2019-06-28 09:51:20.000000000,99686,237,99598,237,99687,233,99530,233,99729,233,99460,233,99855,100,99380,100,99914,100,99352,100,99974,100,99233,100,100014,100,99227,100,100097,100,99219,100,100136,100,99210,100,100217,100,99187,100
2019-06-28 09:51:30.000000000,99686,200,99598,200,99687,200,99530,200,99729,200,99460,200,99855,200,99380,200,99914,100,99352,100,99974,100,99233,100,100014,100,99227,100,100097,100,99219,100,100136,100,99210,100,100217,100,99187,100
2019-06-28 09:51:30.423701483,99686,200,99598,200,99687,200,99530,200,99729,200,99460,200,99855,200,99380,200,99914,100,99352,100,99974,100,99233,100,100014,100,99227,100,100097,100,99219,100,100136,100,99210,100,100217,100,99187,100
2019-06-28 09:51:40.000000000,99686,502,99598,502,99687,100,99530,100,99729,100,99460,100,99855,100,99380,100,99914,100,99352,100,99974,100,99233,100,100014,100,99227,100,100097,100,99219,100,100136,100,99210,100,100217,100,99187,100
2019-06-28 09:51:47.208282943,99686,502,99598,502,99687,100,99530,100,99729,100,99460,100,99855,100,99380,100,99914,100,99352,100,99974,100,99233,100,100014,100,99227,100,100097,100,99219,100,100136,100,99210,100,100217,100,99187,100
2019-06-28 09:51:49.616592468,99686,502,99598,502,99687,100,99530,100,99729,100,99460,100,99855,100,99380,100,99914,100,99352,100,99974,100,99233,100,100014,100,99227,100,100097,100,99219,100,100136,100,99210,100,100217,100,99187,100
2019-06-28 09:51:50.000000000,99686,502,99598,502,99687,100,99530,100,99729,100,99460,100,99855,100,99380,100,99914,100,99352,100,99974,100,99233,100,100014,100,99227,100,100097,100,99219,100,100136,100,99210,100,100217,100,99187,100
2019-06-28 09:52:00.000000000,99686,180,99598,180,99687,180,99530,180,99729,180,99460,180,99855,180,99380,180,99914,180,99352,180,99974,100,99233,100,100014,100,99227,100,100097,100,99219,100,100136,100,99210,100,100217,100,99187,100
2019-06-28 09:52:10.000000000,99686,237,99598,237,99687,233,99530,233,99729,233,99460,233,99855,100,99380,100,99914,100,99352,100,99974,100,99233,100,100014,100,99227,100,100097,100,99219,100,100136,100,99210,100,100217,100,99187,100
2019-06-28 09:52:17.063257603,99686,237,99650,100,99687,233,99598,237,99729,233,99530,233,99855,100,99460,233,99914,100,99380,100,99974,100,99352,100,100014,100,99233,100,100097,100,99227,100,100136,100,99219,100,100217,100,99210,100
2019-06-28 09:52:20.000000000,99686,237,99650,237,99687,233,99598,233,99729,233,99530,233,99855,100,99460,100,99914,100,99380,100,99974,100,99352,100,100014,100,99233,100,100097,100,99227,100,100136,100,99219,100,100217,100,99210,100
2019-06-28 09:52:30.000000000,99686,502,99650,502,99687,100,99598,100,99729,100,99530,100,99855,100,99460,100,99914,100,99380,100,99974,100,99352,100,100014,100,99233,100,100097,100,99227,100,100136,100,99219,100,100217,100,99210,100
2019-06-28 09:52:30.247070268,99686,502,99650,502,99687,100,99598,100,99729,100,99530,100,99754,100,99460,100,99855,100,99380,100,99914,100,99352,100,99974,100,99233,100,100014,100,99227,100,100097,100,99210,100,100136,100,99185,100
2019-06-28 09:52:40.000000000,99686,301,99650,301,99687,301,99598,301,99729,100,99530,100,99754,100,99460,100,99855,100,99380,100,99914,100,99352,100,99974,100,99233,100,100014,100,99227,100,100097,100,99210,100,100136,100,99185,100
2019-06-28 09:52:48.321289099,99686,301,99650,301,99687,301,99599,100,99729,100,99598,301,99754,100,99530,100,99855,100,99460,100,99914,100,99380,100,99974,100,99352,100,100014,100,99233,100,100097,100,99227,100,100136,100,99210,100
2019-06-28 09:52:50.000000000,99686,301,99650,301,99687,301,99599,301,99729,100,99598,100,99754,100,99530,100,99855,100,99460,100,99914,100,99380,100,99974,100,99352,100,100014,100,99233,100,100097,100,99227,100,100136,100,99210,100
2019-06-28 09:53:00.000000000,99686,502,99650,502,99687,100,99599,100,99729,100,99598,100,99754,100,99530,100,99855,100,99460,100,99914,100,99380,100,99974,100,99352,100,100014,100,99233,100,100097,100,99227,100,100136,100,99210,100
2019-06-28 09:53:10.000000000,99686,180,99650,180,99687,180,99599,180,99729,180,99598,180,99754,180,99530,180,99855,180,99460,180,99914,100,99380,100,99974,100,99352,100,100014,100,99233,100,100097,100,99227,100,100136,100,99210,100
2019-06-28 09:53:20.000000000,99686,180,99650,180,99687,180,99599,180,99729,180,99598,180,99754,180,99530,180,99855,180,99460,180,99914,100,99380,100,99974,100,99352,100,100014,100,99233,100,100097,100,99227,100,100136,100,99210,100
2019-06-28 09:53:23.117084766,99686,80,99650,180,99687,180,99599,180,99729,180,99598,180,99754,180,99530,180,99855,180,99460,180,99914,100,99380,100,99974,100,99352,100,100014,100,99233,100,100097,100,99227,100,100136,100,99210,100
2019-06-28 09:53:30.000000000,99687,301,99650,301,99729,301,99599,301,99754,100,99598,100,99855,100,99530,100,99914,100,99460,100,99974,100,99380,100,100014,100,99352,100,100097,100,99233,100,100136,100,99227,100,100217,100,99210,100
2019-06-28 09:53:30.629686423,99684,100,99650,301,99687,301,99599,301,99729,301,99598,100,99754,100,99530,100,99855,100,99460,100,99914,100,99380,100,99974,100,99352,100,100014,100,99233,100,100097,100,99227,100,100136,100,99210,100
2019-06-28 09:53:40.000000000,99684,502,99650,502,99687,100,99599,100,99729,100,99598,100,99754,100,99530,100,99855,100,99460,100,99914,100,99380,100,99974,100,99352,100,100014,100,99233,100,100097,100,99227,100,100136,100,99210,100
2019-06-28 09:53:50.000000000,99684,301,99650,301,99687,301,99599,301,99729,100,99598,100,99754,100,99530,100,99855,100,99460,100,99914,100,99380,100,99974,100,99352,100,100014,100,99233,100,100097,100,99227,100,100136,100,99210,100
2019-06-28 09:54:00.000000000,99684,301,99650,301,99687,301,99599,301,99729,100,99598,100,99754,100,99530,100,99855,100,99460,100,99914,100,99380,100,99974,100,99352,100,100014,100,99233,100,100097,100,99227,100,100136,100,99210,100
2019-06-28 09:54:10.000000000,99684,301,99650,301,99687,301,99599,301,99729,100,99598,100,99754,100,99530,100,99855,100,99460,100,99914,100,99380,100,99974,100,99352,100,100014,100,99233,100,100097,100,99227,100,100136,100,99210,100
2019-06-28 09:54:18.601481158,99684,301,99667,100,99687,301,99650,301,99729,100,99599,301,99754,100,99598,100,99855,100,99530,100,99914,100,99460,100,99974,100,99380,100,100014,100,99352,100,100097,100,99233,100,100136,100,99227,100
2019-06-28 09:54:18.648500087,99684,201,99667,100,99687,301,99650,301,99729,100,99599,301,99754,100,99598,100,99855,100,99530,100,99914,100,99460,100,99974,100,99380,100,100097,100,99352,100,100136,100,99233,100,100217,100,99227,100
2019-06-28 09:54:19.515955050,99684,201,99667,100,99687,301,99650,301,99729,100,99599,301,99754,100,99598,100,99783,100,99530,100,99855,100,99460,100,99914,100,99380,100,99974,100,99352,100,100097,100,99233,100,100136,100,99227,100
2019-06-28 09:54:20.000000000,99687,502,99667,502,99729,100,99650,100,99754,100,99599,100,99783,100,99598,100,99855,100,99530,100,99914,100,99460,100,99974,100,99380,100,100097,100,99352,100,100136,100,99233,100,100217,100,99227,100
2019-06-28 09:54:30.000000000,99687,301,99667,301,99729,301,99650,301,99754,100,99599,100,99783,100,99598,100,99855,100,99530,100,99914,100,99460,100,99974,100,99380,100,100097,100,99352,100,100136,100,99233,100,100217,100,99227,100
2019-06-28 09:54:40.000000000,99687,200,99667,200,99729,200,99650,200,99754,200,99599,200,99783,200,99598,200,99855,100,99530,100,99914,100,99460,100,99974,100,99380,100,100097,100,99352,100,100136,100,99233,100,100217,100,99227,100
2019-06-28 09:54:50.000000000,99687,237,99667,237,99729,233,99650,233,99754,233,99599,233,99783,100,99598,100,99855,100,99530,100,99914,100,99460,100,99974,100,99380,100,100097,100,99352,100,100136,100,99233,100,100217,100,99227,100
2019-06-28 09:54:56.228420519,99683,100,99667,237,99687,237,99650,233,99729,233,99599,233,99754,233,99598,100,99783,100,99530,100,99855,100,99460,100,99914,100,99380,100,99974,100,99352,100,100097,100,99233,100,100136,100,99227,100
2019-06-28 09:55:00.000000000,99683,200,99667,200,99687,200,99650,200,99729,200,99599,200,99754,200,99598,200,99783,100,99530,100,99855,100,99460,100,99914,100,99380,100,99974,100,99352,100,100097,100,99233,100,100136,100,99227,100
2019-06-28 09:55:10.000000000,99683,180,99667,180,99687,180,99650,180,99729,180,99599,180,99754,180,99598,180,99783,180,99530,180,99855,100,99460,100,99914,100,99380,100,99974,100,99352,100,100097,100,99233,100,100136,100,99227,100
2019-06-28 09:55:20.000000000,99683,200,99667,200,99687,200,99650,200,99729,200,99599,200,99754,200,99598,200,99783,100,99530,100,99855,100,99460,100,99914,100,99380,100,99974,100,99352,100,100097,100,99233,100,100136,100,99227,100
2019-06-28 09:55:30.000000000,99683,301,99667,301,99687,301,99650,301,99729,100,99599,100,99754,100,99598,100,99783,100,99530,100,99855,100,99460,100,99914,100,99380,100,99974,100,99352,100,100097,100,99233,100,100136,100,99227,100
2019-06-28 09:55:40.000000000,99683,502,99667,502,99687,100,99650,100,99729,100,99599,100,99754,100,99598,100,99783,100,99530,100,99855,100,99460,100,99914,100,99380,100,99974,100,99352,100,100097,100,99233,100,100136,100,99227,100
2019-06-28 09:55:45.819495289,99683,502,99667,502,99687,100,99599,100,99729,100,99598,100,99754,100,99530,100,99783,100,99460,100,99855,100,99380,100,99914,100,99352,100,99974,100,99233,100,100026,100,99227,100,100097,100,99210,100
2019-06-28 09:55:48.018129885,99683,502,99667,502,99687,100,99599,100,99729,100,99598,100,99754,100,99567,100,99783,100,99530,100,99855,100,99460,100,99914,100,99380,100,99974,100,99352,100,100026,100,99233,100,100097,100,99227,100
2019-06-28 09:55:50.000000000,99683,200,99667,200,99687,200,99599,200,99729,200,99598,200,99754,200,99567,200,99783,100,99530,100,99855,100,99460,100,99914,100,99380,100,99974,100,99352,100,100026,100,99233,100,100097,100,99227,100
2019-06-28 09:55:59.217221089,99683,100,99667,200,99687,200,99599,200,99729,200,99598,200,99754,200,99567,200,99783,100,99530,100,99855,100,99460,100,99914,100,99380,100,99974,100,99352,100,100026,100,99233,100,100097,100,99227,100
2019-06-28 09:56:00.000000000,99687,237,99667,237,99729,233,99599,233,99754,233,99598,233,99783,100,99567,100,99855,100,99530,100,99914,100,99460,100,99974,100,99380,100,100026,100,99352,100,100097,100,99233,100,100136,100,99227,100
2019-06-28 09:56:10.000000000,99687,237,99667,237,99729,233,99599,233,99754,233,99598,233,99783,100,99567,100,99855,100,99530,100,99914,100,99460,100,99974,100,99380,100,100026,100,99352,100,100097,100,99233,100,100136,100,99227,100
2019-06-28 09:56:17.896238112,99687,137,99667,237,99729,233,99599,233,99754,233,99598,233,99783,100,99567,100,99855,100,99530,100,99914,100,99460,100,99974,100,99380,100,100026,100,99352,100,100097,100,99227,100,100136,100,99210,100
2019-06-28 09:56:17.930627985,99687,37,99667,237,99729,233,99599,233,99754,233,99598,233,99783,100,99567,100,99855,100,99530,100,99914,100,99460,100,99974,100,99380,100,100026,100,99352,100,100097,100,99227,100,100136,100,99210,100
2019-06-28 09:56:20.000000000,99729,301,99667,301,99754,301,99599,301,99783,100,99598,100,99855,100,99567,100,99914,100,99530,100,99974,100,99460,100,100026,100,99380,100,100097,100,99352,100,100136,100,99227,100,100217,100,99210,100
2019-06-28 09:56:29.620342349,99729,301,99667,301,99754,301,99599,301,99783,100,99598,100,99855,100,99567,100,99914,100,99530,100,99974,100,99460,100,100026,100,99380,100,100097,100,99352,100,100136,100,99227,100,100179,100,99210,100
2019-06-28 09:56:30.000000000,99729,180,99667,180,99754,180,99599,180,99783,180,99598,180,99855,180,99567,180,99914,180,99530,180,99974,100,99460,100,100026,100,99380,100,100097,100,99352,100,100136,100,99227,100,100179,100,99210,100
2019-06-28 09:56:40.000000000,99729,502,99667,502,99754,100,99599,100,99783,100,99598,100,99855,100,99567,100,99914,100,99530,100,99974,100,99460,100,100026,100,99380,100,100097,100,99352,100,100136,100,99227,100,100179,100,99210,100
2019-06-28 09:56:50.000000000,99729,180,99667,180,99754,180,99599,180,99783,180,99598,180,99855,180,99567,180,99914,180,99530,180,99974,100,99460,100,100026,100,99380,100,100097,100,99352,100,100136,100,99227,100,100179,100,99210,100
2019-06-28 09:56:55.962141499,99729,180,99667,180,99754,180,99599,180,99783,180,99598,180,99855,180,99567,180,99914,180,99530,180,99974,100,99460,100,100026,100,99380,100,100097,100,99352,100,100136,100,99227,100,100179,100,99210,100
2019-06-28 09:57:00.000000000,99729,200,99667,200,99754,200,99599,200,99783,200,99598,200,99855,200,99567,200,99914,100,99530,100,99974,100,99460,100,100026,100,99380,100,100097,100,99352,100,100136,100,99227,100,100179,100,99210,100
2019-06-28 09:57:10.000000000,99729,237,99667,237,99754,233,99599,233,99783,233,99598,233,99855,100,99567,100,99914,100,99530,100,99974,100,99460,100,100026,100,99380,100,100097,100,99352,100,100136,100,99227,100,100179,100,99210,100
2019-06-28 09:57:13.644207026,99729,237,99667,237,99754,233,99599,233,99783,233,99598,233,99914,100,99567,100,99974,100,99530,100,100026,100,99460,100,100097,100,99380,100,100136,100,99352,100,100179,100,99227,100,100217,100,99210,100
2019-06-28 09:57:20.000000000,99729,301,99667,301,99754,301,99599,301,99783,100,99598,100,99914,100,99567,100,99974,100,99530,100,100026,100,99460,100,100097,100,99380,100,100136,100,99352,100,100179,100,99227,100,100217,100,99210,100
2019-06-28 09:57:29.374174340,99729,301,99687,100,99754,301,99667,301,99783,100,99599,301,99914,100,99598,100,99974,100,99567,100,100026,100,99530,100,100097,100,99460,100,100136,100,99380,100,100179,100,99352,100,100217,100,99227,100
2019-06-28 09:57:30.000000000,99729,237,99687,237,99754,233,99667,233,99783,233,99599,233,99914,100,99598,100,99974,100,99567,100,100026,100,99530,100,100097,100,99460,100,100136,100,99380,100,100179,100,99352,100,100217,100,99227,100
2019-06-28 09:57:40.000000000,99729,502,99687,502,99754,100,99667,100,99783,100,99599,100,99914,100,99598,100,99974,100,99567,100,100026,100,99530,100,100097,100,99460,100,100136,100,99380,100,100179,100,99352,100,100217,100,99227,100
2019-06-28 09:57:50.000000000,99729,502,99687,502,99754,100,99667,100,99783,100,99599,100,99914,100,99598,100,99974,100,99567,100,100026,100,99530,100,100097,100,99460,100,100136,100,99380,100,100179,100,99352,100,100217,100,99227,100
2019-06-28 09:57:51.101578166,99729,502,99687,502,99754,100,99667,100,99783,100,99598,100,99914,100,99567,100,99974,100,99530,100,100026,100,99460,100,100097,100,99380,100,100136,100,99352,100,100179,100,99227,100,100217,100,99210,100
2019-06-28 09:57:54.574359845,99729,402,99687,502,99754,100,99667,100,99783,100,99598,100,99914,100,99567,100,99974,100,99530,100,100026,100,99460,100,100097,100,99380,100,100136,100,99352,100,100179,100,99227,100,100217,100,99210,100
2019-06-28 09:58:00.000000000,99754,301,99687,301,99783,301,99667,301,99914,100,99598,100,99974,100,99567,100,100026,100,99530,100,100097,100,99460,100,100136,100,99380,100,100179,100,99352,100,100217,100,99227,100,100253,100,99210,100
2019-06-28 09:58:10.000000000,99754,237,99687,237,99783,233,99667,233,99914,233,99598,233,99974,100,99567,100,100026,100,99530,100,100097,100,99460,100,100136,100,99380,100,100179,100,99352,100,100217,100,99227,100,100253,100,99210,100
2019-06-28 09:58:15.373972389,99754,237,99687,237,99783,233,99667,233,99914,233,99598,233,99974,100,99567,100,100026,100,99530,100,100097,100,99460,100,100136,100,99380,100,100179,100,99352,100,100217,100,99227,100,100253,100,99210,100
2019-06-28 09:58:20.000000000,99754,502,99687,502,99783,100,99667,100,99914,100,99598,100,99974,100,99567,100,100026,100,99530,100,100097,100,99460,100,100136,100,99380,100,100179,100,99352,100,100217,100,99227,100,100253,100,99210,100
2019-06-28 09:58:30.000000000,99754,200,99687,200,99783,200,99667,200,99914,200,99598,200,99974,200,99567,200,100026,100,99530,100,100097,100,99460,100,100136,100,99380,100,100179,100,99352,100,100217,100,99227,100,100253,100,99210,100
2019-06-28 09:58:40.000000000,99754,200,99687,200,99783,200,99667,200,99914,200,99598,200,99974,200,99567,200,100026,100,99530,100,100097,100,99460,100,100136,100,99380,100,100179,100,99352,100,100217,100,99227,100,100253,100,99210,100
2019-06-28 09:58:50.000000000,99754,200,99687,200,99783,200,99667,200,99914,200,99598,200,99974,200,99567,200,100026,100,99530,100,100097,100,99460,100,100136,100,99380,100,100179,100,99352,100,100217,100,99227,100,100253,100,99210,100
2019-06-28 09:59:00.000000000,99754,180,99687,180,99783,180,99667,180,99914,180,99598,180,99974,180,99567,180,100026,180,99530,180,100097,100,99460,100,100136,100,99380,100,100179,100,99352,100,100217,100,99227,100,100253,100,99210,100
2019-06-28 09:59:10.000000000,99754,502,99687,502,99783,100,99667,100,99914,100,99598,100,99974,100,99567,100,100026,100,99530,100,100097,100,99460,100,100136,100,99380,100,100179,100,99352,100,100217,100,99227,100,100253,100,99210,100
2019-06-28 09:59:18.007162863,99754,502,99688,100,99783,100,99687,502,99914,100,99667,100,99974,100,99598,100,100026,100,99567,100,100097,100,99530,100,100136,100,99460,100,100179,100,99380,100,100217,100,99352,100,100253,100,99227,100
2019-06-28 09:59:20.000000000,99754,301,99688,301,99783,301,99687,301,99914,100,99667,100,99974,100,99598,100,100026,100,99567,100,100097,100,99530,100,100136,100,99460,100,100179,100,99380,100,100217,100,99352,100,100253,100,99227,100
2019-06-28 09:59:30.000000000,99754,502,99688,502,99783,100,99687,100,99914,100,99667,100,99974,100,99598,100,100026,100,99567,100,100097,100,99530,100,100136,100,99460,100,100179,100,99380,100,100217,100,99352,100,100253,100,99227,100
2019-06-28 09:59:30.255958453,99754,502,99688,502,99783,100,99687,100,99914,100,99667,100,99974,100,99598,100,100026,100,99567,100,100097,100,99530,100,100136,100,99460,100,100179,100,99380,100,100217,100,99352,100,100253,100,99227,100
2019-06-28 09:59:40.000000000,99754,502,99688,502,99783,100,99687,100,99914,100,99667,100,99974,100,99598,100,100026,100,99567,100,100097,100,99530,100,100136,100,99460,100,100179,100,99380,100,100217,100,99352,100,100253,100,99227,100
2019-06-28 09:59:40.486517294,99754,402,99688,502,99783,100,99687,100,99914,100,99667,100,99974,100,99598,100,100026,100,99567,100,100097,100,99530,100,100136,100,99460,100,100179,100,99380,100,100217,100,99352,100,100253,100,99210,100
2019-06-28 09:59:43.022322700,99754,402,99688,502,99783,100,99687,100,99914,100,99667,100,99974,100,99598,100,100026,100,99567,100,100097,100,99530,100,100136,100,99460,100,100179,100,99380,100,100217,100,99352,100,100253,100,99210,100
2019-06-28 09:59:50.000000000,99783,301,99688,301,99914,301,99687,301,99974,100,99667,100,100026,100,99598,100,100097,100,99567,100,100136,100,99530,100,100179,100,99460,100,100217,100,99380,100,100253,100,99352,100,100326,100,99210,100
2019-06-28 09:59:55.556697493,99783,301,99688,301,99914,301,99687,301,99974,100,99667,100,100026,100,99598,100,100097,100,99567,100,100136,100,99530,100,100179,100,99460,100,100217,100,99380,100,100253,100,99352,100,100326,100,99210,100
2019-06-28 10:00:00.000000000,99783,237,99688,237,99914,233,99687,233,99974,233,99667,233,100026,100,99598,100,100097,100,99567,100,100136,100,99530,100,100179,100,99460,100,100217,100,99380,100,100253,100,99352,100,100326,100,99210,100
2019-06-28 10:00:08.359596918,99783,137,99688,237,99914,233,99687,233,99974,233,99667,233,100026,100,99598,100,100097,100,99567,100,100136,100,99530,100,100179,100,99460,100,100217,100,99380,100,100253,100,99352,100,100326,100,99210,100
2019-06-28 10:00:10.000000000,99914,180,99688,180,99974,180,99687,180,100026,180,99667,180,100097,180,99598,180,100136,180,99567,180,100179,100,99530,100,100217,100,99460,100,100253,100,99380,100,100326,100,99352,100,100376,100,99210,100
2019-06-28 10:00:20.000000000,99914,180,99688,180,99974,180,99687,180,100026,180,99667,180,100097,180,99598,180,100136,180,99567,180,100179,100,99530,100,100217,100,99460,100,100253,100,99380,100,100326,100,99352,100,100376,100,99210,100
2019-06-28 10:00:20.100749068,99914,80,99688,180,99974,180,99687,180,100026,180,99667,180,100097,180,99598,180,100136,180,99567,180,100179,100,99530,100,100217,100,99460,100,100253,100,99380,100,100326,100,99352,100,100376,100,99210,100
2019-06-28 10:00:30.000000000,99974,180,99688,180,100026,180,99687,180,100097,180,99667,180,100136,180,99598,180,100179,180,99567,180,100217,100,99530,100,100253,100,99460,100,100326,100,99380,100,100376,100,99352,100,100420,100,99210,100
2019-06-28 10:00:30.023219575,99974,80,99688,180,100026,180,99687,180,100097,180,99667,180,100136,180,99598,180,100179,180,99567,180,100217,100,99530,100,100253,100,99460,100,100326,100,99380,100,100376,100,99352,100,100420,100,99210,100
2019-06-28 10:00:32.408805178,100026,180,99974,20,100097,180,99688,180,100136,180,99687,180,100179,180,99667,180,100217,100,99598,180,100253,100,99567,180,100326,100,99530,100,100376,100,99380,100,100420,100,99352,100,100641,100,99210,100
2019-06-28 10:00:32.653567599,100026,180,99974,120,100097,180,99688,180,100136,180,99687,180,100179,180,99667,180,100217,100,99598,180,100253,100,99567,180,100326,100,99530,100,100376,100,99380,100,100420,100,99352,100,100641,100,99210,100
2019-06-28 10:00:40.000000000,100026,180,99974,200,100097,180,99688,180,100136,180,99687,180,100179,180,99667,180,100217,180,99598,180,100253,100,99567,100,100326,100,99530,100,100376,100,99380,100,100420,100,99352,100,100641,100,99210,100
2019-06-28 10:00:50.000000000,100026,180,99974,200,100097,180,99688,180,100136,180,99687,180,100179,180,99667,180,100217,180,99598,180,100253,100,99567,100,100326,100,99530,100,100376,100,99380,100,100420,100,99352,100,100641,100,99210,100
2019-06-28 10:00:55.469188310,100026,80,99974,200,100097,180,99688,180,100136,180,99687,180,100179,180,99667,180,100217,180,99598,180,100253,100,99567,100,100326,100,99530,100,100376,100,99380,100,100420,100,99352,100,100641,100,99210,100
2019-06-28 10:01:00.000000000,100097,180,99974,200,100136,180,99688,180,100179,180,99687,180,100217,180,99667,180,100253,180,99598,180,100326,100,99567,100,100376,100,99530,100,100420,100,99380,100,100641,100,99352,100,100713,100,99210,100
2019-06-28 10:01:10.000000000,100097,301,99974,321,100136,301,99688,301,100179,100,99687,100,100217,100,99667,100,100253,100,99598,100,100326,100,99567,100,100376,100,99530,100,100420,100,99380,100,100641,100,99352,100,100713,100,99210,100
2019-06-28 10:01:14.821245665,100097,201,99974,321,100136,301,99688,301,100179,100,99687,100,100217,100,99667,100,100253,100,99598,100,100326,100,99567,100,100376,100,99530,100,100420,100,99380,100,100641,100,99352,100,100713,100,99210,100
2019-06-28 10:01:20.000000000,100136,180,99974,200,100179,180,99688,180,100217,180,99687,180,100253,180,99667,180,100326,180,99598,180,100376,100,99567,100,100420,100,99530,100,100641,100,99380,100,100713,100,99352,100,100722,100,99210,100
2019-06-28 10:01:23.642563485,100136,180,100026,100,100179,180,99974,200,100217,180,99688,180,100253,180,99687,180,100326,180,99667,180,100376,100,99598,180,100420,100,99567,100,100641,100,99530,100,100713,100,99380,100,100722,100,99352,100
2019-06-28 10:01:28.294695898,100099,100,100026,100,100136,180,99974,200,100179,180,99688,180,100217,180,99687,180,100253,180,99667,180,100326,180,99598,180,100376,100,99567,100,100420,100,99530,100,100641,100,99380,100,100713,100,99352,100
2019-06-28 10:01:30.000000000,100099,301,100026,301,100136,301,99974,321,100179,100,99688,100,100217,100,99687,100,100253,100,99667,100,100326,100,99598,100,100376,100,99567,100,100420,100,99530,100,100641,100,99380,100,100713,100,99352,100
2019-06-28 10:01:40.000000000,100099,200,100026,200,100136,200,99974,220,100179,200,99688,200,100217,200,99687,200,100253,100,99667,100,100326,100,99598,100,100376,100,99567,100,100420,100,99530,100,100641,100,99380,100,100713,100,99352,100
2019-06-28 10:01:40.378657174,100099,200,100026,200,100136,200,99974,220,100179,100,99893,100,100217,200,99688,200,100253,100,99687,200,100326,100,99667,100,100376,100,99598,100,100420,100,99567,100,100641,100,99530,100,100713,100,99380,100
2019-06-28 10:01:50.000000000,100099,200,100026,200,100136,200,99974,220,100217,200,99893,200,100253,200,99688,200,100326,100,99687,100,100376,100,99667,100,100420,100,99598,100,100641,100,99567,100,100713,100,99530,100,100722,100,99380,100
2019-06-28 10:01:53.620833493,100099,200,100026,200,100136,200,99974,220,100217,200,99903,100,100253,200,99893,200,100326,100,99688,200,100376,100,99687,100,100420,100,99667,100,100641,100,99598,100,100713,100,99567,100,100722,100,99530,100
2019-06-28 10:02:00.000000000,100099,237,100026,237,100136,233,99974,253,100217,233,99903,233,100253,100,99893,100,100326,100,99688,100,100376,100,99687,100,100420,100,99667,100,100641,100,99598,100,100713,100,99567,100,100722,100,99530,100
2019-06-28 10:02:04.956968655,100099,237,100026,137,100136,233,99974,253,100217,233,99903,233,100253,100,99893,100,100326,100,99688,100,100376,100,99687,100,100420,100,99667,100,100641,100,99598,100,100713,100,99567,100,100722,100,99380,100
2019-06-28 10:02:10.000000000,100099,502,99974,522,100136,100,99903,100,100217,100,99893,100,100253,100,99688,100,100326,100,99687,100,100376,100,99667,100,100420,100,99598,100,100641,100,99567,100,100713,100,99380,100,100722,100,99352,100
2019-06-28 10:02:17.195877369,100099,502,100091,100,100136,100,99974,522,100217,100,99903,100,100253,100,99893,100,100326,100,99688,100,100376,100,99687,100,100420,100,99667,100,100641,100,99598,100,100713,100,99380,100,100722,100,99352,100
2019-06-28 10:02:20.000000000,100099,200,100091,200,100136,200,99974,220,100217,200,99903,200,100253,200,99893,200,100326,100,99688,100,100376,100,99687,100,100420,100,99667,100,100641,100,99598,100,100713,100,99380,100,100722,100,99352,100
2019-06-28 10:02:23.074807668,100099,200,100091,200,100136,200,100027,100,100217,200,99974,220,100253,200,99903,200,100326,100,99893,200,100376,100,99688,100,100420,100,99687,100,100641,100,99667,100,100713,100,99598,100,100722,100,99380,100
2019-06-28 10:02:30.000000000,100099,180,100091,180,100136,180,100027,180,100217,180,99974,200,100253,180,99903,180,100326,180,99893,180,100376,100,99688,100,100420,100,99687,100,100641,100,99667,100,100713,100,99598,100,100722,100,99380,100
2019-06-28 10:02:40.000000000,100099,200,100091,200,100136,200,100027,200,100217,200,99974,220,100253,200,99903,200,100326,100,99893,100,100376,100,99688,100,100420,100,99687,100,100641,100,99667,100,100713,100,99598,100,100722,100,99380,100
2019-06-28 10:02:50.000000000,100099,237,100091,237,100136,233,100027,233,100217,233,99974,253,100253,100,99903,100,100326,100,99893,100,100376,100,99688,100,100420,100,99687,100,100641,100,99667,100,100713,100,99598,100,100722,100,99380,100
2019-06-28 10:03:00.000000000,100099,301,100091,301,100136,301,100027,301,100217,100,99974,120,100253,100,99903,100,100326,100,99893,100,100376,100,99688,100,100420,100,99687,100,100641,100,99667,100,100713,100,99598,100,100722,100,99380,100
2019-06-28 10:03:02.966037294,100099,301,100091,301,100136,301,100027,301,100142,100,99974,120,100217,100,99903,100,100253,100,99893,100,100326,100,99688,100,100376,100,99687,100,100420,100,99667,100,100641,100,99598,100,100713,100,99380,100
2019-06-28 10:03:04.789518340,100099,301,100091,301,100136,301,100027,301,100142,100,99974,120,100217,100,99903,100,100253,100,99893,100,100326,100,99736,100,100376,100,99688,100,100420,100,99687,100,100641,100,99667,100,100713,100,99598,100
2019-06-28 10:03:07.554829946,100099,301,100091,301,100136,301,100027,301,100142,100,99974,120,100217,100,99903,100,100253,100,99893,100,100326,100,99805,100,100376,100,99736,100,100420,100,99688,100,100641,100,99687,100,100713,100,99667,100
2019-06-28 10:03:10.000000000,100099,502,100091,502,100136,100,100027,100,100142,100,99974,120,100217,100,99903,100,100253,100,99893,100,100326,100,99805,100,100376,100,99736,100,100420,100,99688,100,100641,100,99687,100,100713,100,99667,100
2019-06-28 10:03:20.000000000,100099,180,100091,180,100136,180,100027,180,100142,180,99974,200,100217,180,99903,180,100253,180,99893,180,100326,100,99805,100,100376,100,99736,100,100420,100,99688,100,100641,100,99687,100,100713,100,99667,100
2019-06-28 10:03:24.029452655,100099,180,100091,80,100136,180,100027,180,100142,180,99974,200,100148,100,99903,180,100217,180,99893,180,100253,180,99805,100,100326,100,99736,100,100376,100,99688,100,100420,100,99687,100,100641,100,99667,100
2019-06-28 10:03:30.000000000,100099,237,100027,237,100136,233,99974,253,100142,233,99903,233,100148,100,99893,100,100217,100,99805,100,100253,100,99736,100,100326,100,99688,100,100376,100,99687,100,100420,100,99667,100,100641,100,99598,100
2019-06-28 10:03:40.000000000,100099,301,100027,301,100136,301,99974,321,100142,100,99903,100,100148,100,99893,100,100217,100,99805,100,100253,100,99736,100,100326,100,99688,100,100376,100,99687,100,100420,100,99667,100,100641,100,99598,100
2019-06-28 10:03:49.808184457,100099,201,100027,301,100136,301,99974,321,100142,100,99903,100,100148,100,99893,100,100217,100,99805,100,100253,100,99736,100,100326,100,99688,100,100376,100,99687,100,100420,100,99667,100,100713,100,99598,100
2019-06-28 10:03:50.000000000,100136,200,100027,200,100142,200,99974,220,100148,200,99903,200,100217,200,99893,200,100253,100,99805,100,100326,100,99736,100,100376,100,99688,100,100420,100,99687,100,100713,100,99667,100,100722,100,99598,100
2019-06-28 10:04:00.000000000,100136,237,100027,237,100142,233,99974,253,100148,233,99903,233,100217,100,99893,100,100253,100,99805,100,100326,100,99736,100,100376,100,99688,100,100420,100,99687,100,100713,100,99667,100,100722,100,99598,100
2019-06-28 10:04:08.679853838,100136,137,100027,237,100142,233,99974,253,100148,233,99903,233,100217,100,99893,100,100253,100,99805,100,100326,100,99736,100,100420,100,99688,100,100713,100,99687,100,100722,100,99667,100,,,99598,100
2019-06-28 10:04:10.000000000,100142,180,100027,180,100148,180,99974,200,100217,180,99903,180,100253,180,99893,180,100326,180,99805,180,100420,100,99736,100,100713,100,99688,100,100722,100,99687,100,,,99667,100,,,99598,100
2019-06-28 10:04:18.549077214,100142,80,100027,180,100148,180,99974,200,100217,180,99903,180,100253,180,99893,180,100326,180,99805,180,100420,100,99736,100,100713,100,99688,100,100722,100,99687,100,,,99667,100,,,99598,100
2019-06-28 10:04:19.524977347,100148,180,100142,20,100217,180,100027,180,100253,180,99974,200,100326,180,99903,180,100420,100,99893,180,100713,100,99805,180,100722,100,99736,100,,,99688,100,,,99687,100,,,99667,100
2019-06-28 10:04:20.000000000,100148,502,100142,422,100217,100,100027,100,100253,100,99974,120,100326,100,99903,100,100420,100,99893,100,100713,100,99805,100,100722,100,99736,100,,,99688,100,,,99687,100,,,99667,100
2019-06-28 10:04:25.269667577,100148,502,100142,422,100217,100,100027,100,100253,100,99974,120,100420,100,99903,100,100713,100,99893,100,100722,100,99805,100,100827,100,99736,100,,,99688,100,,,99687,100,,,99667,100
2019-06-28 10:04:28.266387832,100148,402,100142,422,100217,100,100027,100,100253,100,99974,120,100420,100,99903,100,100713,100,99893,100,100722,100,99805,100,100827,100,99736,100,,,99688,100,,,99687,100,,,99667,100
2019-06-28 10:04:30.000000000,100217,200,100142,120,100253,200,100027,200,100420,200,99974,220,100713,200,99903,200,100722,100,99893,100,100827,100,99805,100,,,99736,100,,,99688,100,,,99687,100,,,99667,100
2019-06-28 10:04:37.027285299,100217,100,100142,120,100253,200,100027,200,100420,200,99974,220,100713,200,99903,200,100722,100,99893,100,100827,100,99805,100,,,99736,100,,,99688,100,,,99687,100,,,99667,100
2019-06-28 10:04:38.013879562,100217,100,100142,120,100253,200,100027,200,100420,200,99974,220,100513,100,99903,200,100713,200,99893,100,100722,100,99805,100,100827,100,99688,100,,,99687,100,,,99667,100,,,99598,100
2019-06-28 10:04:40.000000000,100253,180,100142,100,100420,180,100027,180,100513,180,99974,200,100713,180,99903,180,100722,180,99893,180,100827,100,99805,100,,,99688,100,,,99687,100,,,99667,100,,,99598,100
2019-06-28 10:04:50.000000000,100253,180,100142,100,100420,180,100027,180,100513,180,99974,200,100713,180,99903,180,100722,180,99893,180,100827,100,99805,100,,,99688,100,,,99687,100,,,99667,100,,,99598,100
2019-06-28 10:04:55.392642514,100253,180,100142,100,100420,180,100027,180,100513,180,99974,200,100667,100,99903,180,100713,180,99893,180,100722,180,99805,100,,,99688,100,,,99687,100,,,99667,100,,,99598,100
2019-06-28 10:04:59.404198772,100253,180,100142,100,100420,180,100027,180,100472,100,99974,200,100513,180,99903,180,100667,100,99893,180,100713,180,99805,100,100722,180,99688,100,,,99687,100,,,99667,100,,,99598,100
2019-06-28 10:05:00.000000000,100253,301,100142,221,100420,301,100027,301,100472,100,99974,120,100513,100,99903,100,100667,100,99893,100,100713,100,99805,100,100722,100,99688,100,,,99687,100,,,99667,100,,,99598,100
2019-06-28 10:05:07.288405174,100253,301,100142,201,100420,301,100027,301,100441,100,99974,120,100472,100,99903,100,100513,100,99893,100,100667,100,99805,100,100713,100,99688,100,100722,100,99687,100,,,99667,100,,,99598,100
2019-06-28 10:05:10.000000000,100253,237,100027,237,100420,233,99974,253,100441,233,99903,233,100472,100,99893,100,100513,100,99805,100,100667,100,99688,100,100713,100,99687,100,100722,100,99667,100,,,99598,100,,,99380,100
2019-06-28 10:05:17.672499848,100253,237,100027,237,100420,233,99974,233,100441,233,99903,233,100472,100,99893,100,100513,100,99805,100,100589,100,99688,100,100667,100,99687,100,100713,100,99667,100,100722,100,99598,100,,,99380,100
2019-06-28 10:05:20.000000000,100253,301,100027,301,100420,301,99974,301,100441,100,99903,100,100472,100,99893,100,100513,100,99805,100,100589,100,99688,100,100667,100,99687,100,100713,100,99667,100,100722,100,99598,100,,,99380,100
2019-06-28 10:05:30.000000000,100253,200,100027,200,100420,200,99974,200,100441,200,99903,200,100472,200,99893,200,100513,100,99805,100,100589,100,99688,100,100667,100,99687,100,100713,100,99667,100,100722,100,99598,100,,,99380,100
2019-06-28 10:05:33.619341850,100253,100,100027,200,100420,200,99974,200,100441,200,99903,200,100472,200,99893,200,100513,100,99805,100,100589,100,99688,100,100667,100,99687,100,100713,100,99667,100,100722,100,99598,100,,,99380,100
2019-06-28 10:05:40.000000000,100420,200,100027,200,100441,200,99974,200,100472,200,99903,200,100513,200,99893,200,100589,100,99805,100,100667,100,99688,100,100713,100,99687,100,100722,100,99667,100,,,99598,100,,,99380,100
2019-06-28 10:05:44.366985927,100420,200,100027,200,100441,200,99974,200,100472,200,99903,200,100513,200,99893,200,100589,100,99805,100,100667,100,99688,100,100713,100,99687,100,100722,100,99667,100,100814,100,99598,100,,,99380,100
2019-06-28 10:05:50.000000000,100420,200,100027,200,100441,200,99974,200,100472,200,99903,200,100513,200,99893,200,100589,100,99805,100,100667,100,99688,100,100713,100,99687,100,100722,100,99667,100,100814,100,99598,100,,,99380,100
2019-06-28 10:05:59.373736578,100420,200,100027,200,100441,200,99974,200,100472,200,99903,200,100513,200,99893,200,100589,100,99805,100,100667,100,99688,100,100713,100,99687,100,100814,100,99667,100,100849,100,99598,100,,,99380,100
2019-06-28 10:06:00.000000000,100420,502,100027,502,100441,100,99974,100,100472,100,99903,100,100513,100,99893,100,100589,100,99805,100,100667,100,99688,100,100713,100,99687,100,100814,100,99667,100,100849,100,99598,100,,,99380,100
2019-06-28 10:06:10.000000000,100420,180,100027,180,100441,180,99974,180,100472,180,99903,180,100513,180,99893,180,100589,180,99805,180,100667,100,99688,100,100713,100,99687,100,100814,100,99667,100,100849,100,99598,100,,,99380,100
2019-06-28 10:06:10.985658457,100420,180,100027,180,100441,180,99974,180,100472,180,99903,180,100513,180,99893,180,100589,180,99805,180,100667,100,99688,100,100713,100,99687,100,100814,100,99667,100,100849,100,99598,100,101009,100,99380,100
2019-06-28 10:06:17.262962285,100420,80,100027,180,100441,180,99974,180,100472,180,99903,180,100513,180,99893,180,100589,180,99805,180,100667,100,99688,100,100713,100,99687,100,100814,100,99667,100,100849,100,99598,100,101009,100,99380,100
2019-06-28 10:06:20.000000000,100441,301,100027,301,100472,301,99974,301,100513,100,99903,100,100589,100,99893,100,100667,100,99805,100,100713,100,99688,100,100814,100,99687,100,100849,100,99667,100,101009,100,99598,100,,,99380,100
2019-06-28 10:06:30.000000000,100441,200,100027,200,100472,200,99974,200,100513,200,99903,200,100589,200,99893,200,100667,100,99805,100,100713,100,99688,100,100814,100,99687,100,100849,100,99667,100,101009,100,99598,100,,,99380,100
2019-06-28 10:06:40.000000000,100441,502,100027,502,100472,100,99974,100,100513,100,99903,100,100589,100,99893,100,100667,100,99805,100,100713,100,99688,100,100814,100,99687,100,100849,100,99667,100,101009,100,99598,100,,,99380,100
2019-06-28 10:06:50.000000000,100441,200,100027,200,100472,200,99974,200,100513,200,99903,200,100589,200,99893,200,100667,100,99805,100,100713,100,99688,100,100814,100,99687,100,100849,100,99667,100,101009,100,99598,100,,,99380,100
2019-06-28 10:06:55.698365945,100441,200,100253,100,100472,200,100027,200,100513,200,99974,200,100589,200,99903,200,100667,100,99893,200,100713,100,99805,100,100814,100,99688,100,100849,100,99687,100,101009,100,99667,100,,,99598,100
2019-06-28 10:06:57.988615048,100441,100,100253,100,100472,200,100027,200,100513,200,99974,200,100589,200,99903,200,100667,100,99893,100,100713,100,99805,100,100814,100,99688,100,100849,100,99687,100,101009,100,99667,100,,,99598,100
2019-06-28 10:07:00.000000000,100472,237,100253,237,100513,233,100027,233,100589,233,99974,233,100667,100,99903,100,100713,100,99805,100,100814,100,99688,100,100849,100,99687,100,101009,100,99667,100,,,99598,100,,,99380,100
2019-06-28 10:07:10.000000000,100472,301,100253,301,100513,301,100027,301,100589,100,99974,100,100667,100,99903,100,100713,100,99805,100,100814,100,99688,100,100849,100,99687,100,101009,100,99667,100,,,99598,100,,,99380,100
2019-06-28 10:07:20.000000000,100472,301,100253,301,100513,301,100027,301,100589,100,99974,100,100667,100,99903,100,100713,100,99805,100,100814,100,99688,100,100849,100,99687,100,101009,100,99667,100,,,99598,100,,,99380,100
2019-06-28 10:07:30.000000000,100472,502,100253,502,100513,100,100027,100,100589,100,99974,100,100667,100,99903,100,100713,100,99805,100,100814,100,99688,100,100849,100,99687,100,101009,100,99667,100,,,99598,100,,,99380,100
2019-06-28 10:07:38.760909486,100472,502,100420,100,100513,100,100253,502,100589,100,100027,100,100667,100,99974,100,100713,100,99903,100,100814,100,99805,100,100849,100,99688,100,101009,100,99687,100,,,99667,100,,,99598,100
2019-06-28 10:07:40.000000000,100472,180,100420,180,100513,180,100253,180,100589,180,100027,180,100667,180,99974,180,100713,180,99903,180,100814,100,99805,100,100849,100,99688,100,101009,100,99687,100,,,99667,100,,,99598,100
2019-06-28 10:07:47.809785821,100472,180,100420,180,100513,180,100253,180,100589,180,100027,180,100667,180,99974,180,100713,180,99903,180,100814,100,99805,100,100849,100,99688,100,101009,100,99687,100,101051,100,99667,100,,,99598,100
2019-06-28 10:07:48.753639674,100472,80,100420,180,100513,180,100253,180,100589,180,100027,180,100667,180,99974,180,100713,180,99903,180,100814,100,99805,100,100849,100,99688,100,101009,100,99687,100,101051,100,99667,100,,,99598,100
2019-06-28 10:07:49.700797492,100472,80,100441,100,100513,180,100420,180,100589,180,100253,180,100667,180,100027,180,100713,180,99974,180,100814,100,99903,180,100849,100,99805,100,101009,100,99688,100,101051,100,99667,100,,,99598,100
2019-06-28 10:07:50.000000000,100513,200,100441,200,100589,200,100420,200,100667,200,100253,200,100713,200,100027,200,100814,100,99974,100,100849,100,99903,100,101009,100,99805,100,101051,100,99688,100,,,99667,100,,,99598,100
