,ask_price_1,ask_size_1,bid_price_1,bid_size_1,ask_price_2,ask_size_2,bid_price_2,bid_size_2,ask_price_3,ask_size_3,bid_price_3,bid_size_3,ask_price_4,ask_size_4,bid_price_4,bid_size_4,ask_price_5,ask_size_5,bid_price_5,bid_size_5,ask_price_6,ask_size_6,bid_price_6,bid_size_6,ask_price_7,ask_size_7,bid_price_7,bid_size_7,ask_price_8,ask_size_8,bid_price_8,bid_size_8,ask_price_9,ask_size_9,bid_price_9,bid_size_9,ask_price_10,ask_size_10,bid_price_10,bid_size_10
2019-06-28 09:30:00.000000002,100010,100,,,100085,100,,,,,,,,,,,,,,,,,,,,,,,,,,,,,,,,,,
2019-06-28 09:30:00.000000003,100010,100,,,100075,100,,,100085,100,,,,,,,,,,,,,,,,,,,,,,,,,,,,,,
2019-06-28 09:30:00.000000004,100010,100,99841,100,100075,100,,,100085,100,,,,,,,,,,,,,,,,,,,,,,,,,,,,,,
2019-06-28 09:30:00.000000005,100010,100,99841,100,100075,100,,,100085,100,,,100185,100,,,,,,,,,,,,,,,,,,,,,,,,,,
2019-06-28 09:30:00.000000007,100010,100,99964,100,100075,100,99841,100,100085,100,,,100130,100,,,100185,100,,,,,,,,,,,,,,,,,,,,,,
2019-06-28 09:30:00.000000012,100010,100,99964,100,100020,100,99841,100,100075,100,,,100085,100,,,100130,100,,,100184,100,,,100185,100,,,100209,100,,,,,,,,,,
2019-06-28 09:30:00.000000014,100010,100,99964,100,100020,100,99841,100,100045,100,,,100075,100,,,100085,100,,,100130,100,,,100184,100,,,100185,100,,,100209,100,,,,,,
2019-06-28 09:30:00.000000016,100010,100,99992,100,100020,100,99964,100,100045,100,99841,100,100075,100,,,100085,100,,,100130,100,,,100184,100,,,100185,100,,,100209,100,,,,,,
2019-06-28 09:30:00.000000018,100010,100,99992,100,100020,100,99964,100,100045,100,99841,100,100054,100,,,100075,100,,,100085,100,,,100130,100,,,100184,100,,,100185,100,,,100209,100,,
2019-06-28 09:30:00.000000021,100010,100,99992,100,100020,100,99964,100,100045,100,99897,100,100054,100,99841,100,100075,100,,,100085,100,,,100130,100,,,100184,100,,,100185,100,,,100209,100,,
2019-06-28 09:30:00.000000023,100010,100,99992,100,100020,100,99964,100,100045,100,99897,100,100054,100,99875,100,100075,100,99841,100,100085,100,,,100130,100,,,100184,100,,,100185,100,,,100209,100,,
2019-06-28 09:30:00.000000025,100010,100,99992,100,100020,100,99982,100,100045,100,99964,100,100054,100,99897,100,100075,100,99875,100,100085,100,99841,100,100130,100,,,100184,100,,,100185,100,,,100209,100,,
2019-06-28 09:30:00.000000026,100020,100,99992,100,100045,100,99982,100,100054,100,99968,100,100075,100,99964,100,100085,100,99897,100,100130,100,99875,100,100184,100,99841,200,100185,100,,,100209,100,,,,,,
2019-06-28 09:30:00.000000028,100020,100,99992,100,100045,100,99982,100,100054,100,99968,100,100075,100,99964,100,100085,100,99958,100,100128,100,99897,100,100130,100,99875,100,100184,100,99841,200,100185,100,,,100209,100,,
2019-06-28 09:30:00.000000030,100020,100,99992,100,100045,100,99982,100,100054,100,99968,100,100075,100,99964,100,100085,100,99958,100,100096,100,99897,100,100128,100,99875,100,100130,100,99841,200,100137,100,,,100184,100,,
2019-06-28 09:30:00.000000031,100020,100,99992,100,100045,100,99982,100,100054,100,99968,100,100075,100,99964,100,100085,100,99958,100,100096,100,99910,100,100128,100,99897,100,100130,100,99875,100,100137,100,99841,200,100184,100,,
2019-06-28 09:30:00.000000032,100020,100,99982,100,100045,100,99968,100,100054,100,99964,100,100075,100,99958,100,100085,100,99910,100,100096,100,99897,100,100128,100,99882,100,100130,100,99875,100,100137,100,99841,200,100184,100,,
2019-06-28 09:30:00.000000035,100020,100,99982,100,100045,100,99968,100,100054,100,99964,100,100075,100,99963,100,100085,100,99958,100,100096,100,99910,100,100128,100,99897,100,100130,100,99882,100,100137,100,99875,100,100184,100,99841,200
2019-06-28 09:30:00.000000036,100010,100,99982,100,100020,100,99968,100,100045,100,99964,100,100054,100,99963,100,100075,100,99958,100,100085,100,99910,100,100096,100,99897,100,100128,100,99882,100,100130,100,99875,100,100137,100,99841,200
2019-06-28 09:30:00.000000038,100010,100,99982,100,100020,100,99968,100,100045,100,99964,100,100054,100,99963,100,100075,100,99958,100,100085,100,99924,100,100096,100,99910,100,100128,100,99897,100,100130,100,99882,100,100137,100,99875,100
2019-06-28 09:30:00.000000039,100010,100,99982,100,100020,100,99968,100,100045,100,99964,100,100054,100,99963,100,100075,100,99958,100,100085,100,99924,100,100094,100,99918,100,100096,100,99910,100,100128,100,99897,100,100130,100,99882,100
2019-06-28 09:30:00.000000042,100010,100,99982,100,100020,100,99968,100,100045,100,99964,100,100054,100,99963,100,100075,100,99958,100,100085,100,99924,100,100094,100,99918,100,100096,100,99911,100,100128,100,99910,100,100130,100,99897,100
2019-06-28 09:30:00.000000046,100010,100,99992,100,100020,100,99982,100,100045,100,99968,100,100054,100,99964,100,100075,100,99963,100,100085,100,99958,100,100094,100,99924,100,100096,100,99918,100,100128,100,99911,100,100130,100,99910,100
2019-06-28 09:30:00.000000052,100010,100,99992,100,100020,100,99982,100,100045,100,99968,100,100052,100,99964,100,100054,100,99963,100,100075,100,99958,100,100085,100,99924,100,100094,100,99918,100,100096,100,99911,100,100128,100,99910,100
2019-06-28 09:30:00.000000054,100010,100,99996,100,100020,100,99992,100,100045,100,99982,100,100052,100,99968,100,100054,100,99964,100,100075,100,99963,100,100085,100,99958,100,100094,100,99924,100,100096,100,99918,100,100128,100,99911,100
2019-06-28 09:30:00.000000055,100010,100,99996,100,100020,100,99992,100,100045,100,99982,100,100052,100,99968,100,100054,100,99964,100,100075,100,99963,100,100085,100,99958,200,100094,100,99924,100,100096,100,99918,100,100128,100,99911,100
2019-06-28 09:30:00.000000057,100010,100,99992,100,100020,100,99982,100,100045,100,99968,100,100052,100,99964,100,100054,100,99963,100,100075,100,99958,200,100085,100,99924,100,100094,100,99918,100,100096,100,99911,100,100128,100,99910,100
2019-06-28 09:30:00.000000062,100010,100,99992,100,100020,100,99982,100,100045,100,99968,100,100052,100,99964,100,100054,100,99963,100,100075,100,99958,200,100085,100,99944,100,100094,100,99924,100,100096,100,99918,100,100128,100,99911,100
2019-06-28 09:30:00.000000065,100010,100,99992,100,100020,100,99982,100,100033,100,99968,100,100045,100,99964,100,100052,100,99963,100,100054,100,99958,200,100075,100,99944,100,100085,100,99924,100,100094,100,99918,100,100096,100,99911,100
2019-06-28 09:30:00.000000066,100020,100,99992,100,100033,100,99982,100,100045,100,99968,100,100052,100,99964,100,100054,100,99963,100,100075,100,99958,200,100085,100,99944,100,100094,100,99924,100,100096,100,99918,100,100128,100,99911,100
2019-06-28 09:30:00.000000068,100020,100,99992,100,100025,100,99982,100,100033,100,99968,100,100045,100,99964,100,100052,100,99963,100,100054,100,99958,200,100075,100,99944,100,100085,100,99924,100,100094,100,99918,100,100096,100,99911,100
2019-06-28 09:30:00.000000069,100010,100,99992,100,100020,100,99982,100,100025,100,99968,100,100033,100,99964,100,100045,100,99963,100,100052,100,99958,200,100054,100,99955,100,100075,100,99944,100,100085,100,99924,100,100094,100,99918,100
2019-06-28 09:30:00.000000070,100010,100,99992,100,100020,100,99982,100,100025,100,99968,100,100033,100,99964,100,100045,100,99963,100,100052,100,99958,200,100054,100,99955,100,100075,100,99944,100,100085,100,99924,100,100094,100,99918,100
2019-06-28 09:30:00.000000072,100010,200,99992,100,100020,100,99982,100,100025,100,99968,100,100033,100,99964,100,100045,100,99963,100,100052,100,99958,200,100054,100,99955,100,100075,100,99944,100,100085,100,99924,100,100094,100,99918,100
2019-06-28 09:30:00.000000074,100010,200,99992,100,100020,100,99982,100,100025,100,99968,100,100033,100,99964,100,100045,100,99963,100,100052,100,99958,200,100054,100,99955,100,100075,100,99944,100,100085,100,99924,100,100094,100,99918,100
2019-06-28 09:30:00.000000078,100002,100,99992,100,100010,200,99982,100,100020,100,99968,100,100025,100,99964,100,100033,100,99963,100,100045,100,99958,200,100052,100,99955,100,100054,100,99944,100,100075,100,99924,100,100085,100,99918,100
2019-06-28 09:30:00.000000079,100002,100,99992,100,100010,200,99982,100,100020,100,99968,100,100025,100,99964,100,100033,100,99963,100,100045,100,99958,200,100052,100,99955,100,100054,100,99944,100,100075,100,99924,100,100080,100,99918,100
2019-06-28 09:30:00.000000080,100002,100,99992,100,100010,300,99982,100,100020,100,99968,100,100025,100,99964,100,100033,100,99963,100,100045,100,99958,200,100052,100,99955,100,100054,100,99944,100,100075,100,99924,100,100080,100,99918,100
2019-06-28 09:30:00.000000085,100010,300,99982,100,100020,100,99968,100,100025,100,99964,100,100033,100,99963,100,100045,100,99958,200,100052,100,99955,100,100054,100,99944,100,100075,100,99924,100,100080,100,99918,100,100085,100,99911,100
2019-06-28 09:30:00.000000086,100002,100,99982,100,100010,300,99968,100,100020,100,99964,100,100025,100,99963,100,100033,100,99958,200,100045,100,99955,100,100052,100,99944,100,100054,100,99924,100,100075,100,99918,100,100080,100,99911,100
2019-06-28 09:30:00.000000088,100010,300,99982,100,100020,100,99968,100,100025,100,99964,100,100033,100,99963,100,100045,100,99958,200,100052,100,99955,100,100054,100,99944,100,100075,100,99924,100,100080,100,99918,100,100085,100,99911,100
2019-06-28 09:30:00.000000089,100010,300,99982,100,100020,100,99969,100,100025,100,99968,100,100033,100,99964,100,100045,100,99963,100,100052,100,99958,200,100054,100,99955,100,100075,100,99944,100,100080,100,99924,100,100085,100,99918,100
2019-06-28 09:30:00.000000090,100002,100,99982,100,100010,300,99969,100,100020,100,99968,100,100025,100,99964,100,100033,100,99963,100,100045,100,99958,200,100052,100,99955,100,100054,100,99944,100,100075,100,99924,100,100080,100,99918,100
2019-06-28 09:30:00.000000093,100002,200,99982,100,100010,300,99969,100,100020,100,99968,100,100025,100,99964,100,100033,100,99963,100,100045,100,99958,200,100052,100,99955,100,100054,100,99944,100,100075,100,99924,100,100080,100,99918,100
2019-06-28 09:30:00.000000095,100002,200,99982,100,100010,300,99969,100,100020,100,99968,100,100025,100,99964,100,100027,100,99963,100,100033,100,99958,200,100045,100,99955,100,100052,100,99944,100,100054,100,99924,100,100075,100,99918,100
2019-06-28 09:30:00.000000097,100002,200,99982,100,100010,300,99970,100,100020,100,99969,100,100025,100,99968,100,100027,100,99964,100,100033,100,99963,100,100045,100,99958,200,100052,100,99955,100,100054,100,99944,100,100075,100,99924,100
2019-06-28 09:30:00.000000098,100002,200,99992,100,100010,300,99982,100,100020,100,99970,100,100025,100,99969,100,100027,100,99968,100,100033,100,99964,100,100045,100,99963,100,100052,100,99958,200,100054,100,99955,100,100075,100,99944,100
2019-06-28 09:30:00.000000099,100002,200,99992,100,100010,300,99982,100,100020,100,99970,100,100025,100,99969,100,100027,100,99968,100,100033,100,99964,100,100045,100,99963,100,100052,100,99958,200,100054,100,99955,100,100075,100,99944,100
2019-06-28 09:30:01.828825047,100002,200,99992,100,100010,200,99982,100,100020,100,99970,100,100025,100,99969,100,100027,100,99968,100,100033,100,99964,100,100045,100,99963,100,100052,100,99958,200,100054,100,99955,100,100075,100,99944,100
2019-06-28 09:30:09.725758094,100002,100,99992,200,100010,200,99982,100,100020,100,99970,100,100025,100,99969,100,100027,100,99968,100,100033,100,99964,100,100045,100,99963,100,100052,100,99958,200,100054,100,99955,100,100075,100,99944,100
2019-06-28 09:30:10.000000000,100002,544,99992,644,100010,200,99982,100,100020,100,99970,100,100025,100,99969,100,100027,100,99968,100,100033,100,99964,100,100045,100,99963,100,100052,100,99958,200,100054,100,99955,100,100075,100,99944,100
2019-06-28 09:30:10.792725649,100002,644,99992,644,100010,200,99982,100,100020,100,99970,100,100025,100,99969,100,100027,100,99968,100,100033,100,99964,100,100045,100,99963,100,100052,100,99958,200,100054,100,99955,100,100075,100,99944,100
2019-06-28 09:30:20.000000000,100002,644,99992,644,100010,200,99982,100,100020,100,99970,100,100025,100,99969,100,100027,100,99968,100,100033,100,99964,100,100045,100,99963,100,100052,100,99958,200,100054,100,99955,100,100075,100,99944,100
2019-06-28 09:30:30.000000000,100002,351,99992,351,100010,347,99982,247,100020,247,99970,247,100025,100,99969,100,100027,100,99968,100,100033,100,99964,100,100045,100,99963,100,100052,100,99958,200,100054,100,99955,100,100075,100,99944,100
2019-06-28 09:30:34.176860029,100002,351,99992,351,100010,347,99982,247,100020,247,99970,247,100025,100,99969,100,100027,100,99968,100,100033,100,99964,100,100045,100,99963,100,100052,100,99958,200,100075,100,99955,100,100080,100,99944,100
2019-06-28 09:30:37.545521073,100002,251,99992,351,100010,347,99982,247,100020,247,99970,247,100025,100,99969,100,100027,100,99968,100,100033,100,99964,100,100045,100,99963,100,100052,100,99958,200,100075,100,99955,100,100080,100,99944,100
2019-06-28 09:30:40.000000000,100002,322,99992,422,100010,422,99982,322,100020,100,99970,100,100025,100,99969,100,100027,100,99968,100,100033,100,99964,100,100045,100,99963,100,100052,100,99958,200,100075,100,99955,100,100080,100,99944,100
2019-06-28 09:30:40.903368786,100002,222,99992,422,100010,422,99982,322,100020,100,99970,100,100025,100,99969,100,100027,100,99968,100,100033,100,99964,100,100045,100,99963,100,100052,100,99958,200,100075,100,99955,100,100080,100,99944,100
2019-06-28 09:30:50.000000000,100010,311,99992,311,100020,211,99982,211,100025,211,99970,211,100027,211,99969,211,100033,100,99968,100,100045,100,99964,100,100052,100,99963,100,100075,100,99958,200,100080,100,99955,100,100085,100,99944,100
2019-06-28 09:31:00.000000000,100010,289,99992,289,100020,189,99982,189,100025,189,99970,189,100027,189,99969,189,100033,189,99968,189,100045,100,99964,100,100052,100,99963,100,100075,100,99958,200,100080,100,99955,100,100085,100,99944,100
2019-06-28 09:31:03.152786599,100010,289,99992,289,100020,189,99982,189,100025,189,99970,189,100027,189,99969,189,100033,189,99968,189,100045,100,99964,100,100052,100,99963,100,100075,100,99958,200,100080,100,99955,100,100085,100,99944,100
2019-06-28 09:31:10.000000000,100010,351,99992,351,100020,247,99982,247,100025,247,99970,247,100027,100,99969,100,100033,100,99968,100,100045,100,99964,100,100052,100,99963,100,100075,100,99958,200,100080,100,99955,100,100085,100,99944,100
2019-06-28 09:31:20.000000000,100010,644,99992,644,100020,100,99982,100,100025,100,99970,100,100027,100,99969,100,100033,100,99968,100,100045,100,99964,100,100052,100,99963,100,100075,100,99958,200,100080,100,99955,100,100085,100,99944,100
2019-06-28 09:31:30.000000000,100010,644,99992,644,100020,100,99982,100,100025,100,99970,100,100027,100,99969,100,100033,100,99968,100,100045,100,99964,100,100052,100,99963,100,100075,100,99958,200,100080,100,99955,100,100085,100,99944,100
2019-06-28 09:31:32.120608714,100010,644,99992,544,100020,100,99982,100,100025,100,99970,100,100027,100,99969,100,100033,100,99968,100,100045,100,99964,100,100052,100,99963,100,100075,100,99958,200,100080,100,99955,100,100085,100,99944,100
2019-06-28 09:31:32.742103114,100010,644,100002,100,100020,100,99992,544,100025,100,99982,100,100027,100,99970,100,100033,100,99969,100,100045,100,99968,100,100052,100,99964,100,100075,100,99963,100,100080,100,99958,200,100085,100,99955,100
2019-06-28 09:31:40.000000000,100010,351,100002,251,100020,247,99992,247,100025,247,99982,247,100027,100,99970,100,100033,100,99969,100,100045,100,99968,100,100052,100,99964,100,100075,100,99963,100,100080,100,99958,200,100085,100,99955,100
2019-06-28 09:31:40.550170547,100010,251,100002,251,100020,247,99992,247,100025,247,99982,247,100027,100,99970,100,100033,100,99968,100,100045,100,99964,100,100052,100,99963,100,100075,100,99958,200,100080,100,99955,100,100085,100,99944,100
2019-06-28 09:31:49.180772282,100010,151,100002,251,100020,247,99992,247,100025,247,99982,247,100027,100,99970,100,100033,100,99968,100,100045,100,99964,100,100052,100,99963,100,100075,100,99958,200,100080,100,99955,100,100085,100,99944,100
2019-06-28 09:31:50.000000000,100020,211,100002,211,100025,211,99992,211,100027,211,99982,211,100033,211,99970,211,100045,100,99968,100,100052,100,99964,100,100075,100,99963,100,100080,100,99958,200,100085,100,99955,100,100094,100,99944,100
2019-06-28 09:32:00.000000000,100020,251,100002,251,100025,247,99992,247,100027,247,99982,247,100033,100,99970,100,100045,100,99968,100,100052,100,99964,100,100075,100,99963,100,100080,100,99958,200,100085,100,99955,100,100094,100,99944,100
2019-06-28 09:32:10.000000000,100020,189,100002,189,100025,189,99992,189,100027,189,99982,189,100033,189,99970,189,100045,189,99968,189,100052,100,99964,100,100075,100,99963,100,100080,100,99958,200,100085,100,99955,100,100094,100,99944,100
2019-06-28 09:32:11.641271154,100020,89,100002,189,100025,189,99992,189,100027,189,99982,189,100033,189,99970,189,100045,189,99968,189,100052,100,99964,100,100075,100,99963,100,100080,100,99958,200,100085,100,99955,100,100094,100,99944,100
2019-06-28 09:32:14.073658704,100020,89,100002,189,100025,189,99992,189,100027,189,99982,189,100033,189,99970,189,100045,189,99968,189,100052,100,99964,100,100075,100,99963,100,100080,100,99958,200,100085,100,99955,100,100094,100,99944,100
2019-06-28 09:32:19.778589113,100020,89,100002,189,100025,189,99992,189,100027,189,99982,189,100033,189,99970,289,100045,189,99968,189,100052,100,99964,100,100075,100,99963,100,100080,100,99958,200,100085,100,99955,100,100094,100,99944,100
2019-06-28 09:32:20.000000000,100025,211,100002,211,100027,211,99992,211,100033,211,99982,211,100045,211,99970,311,100052,100,99968,100,100075,100,99964,100,100080,100,99963,100,100085,100,99958,200,100094,100,99955,100,100095,100,99944,100
2019-06-28 09:32:30.000000000,100025,322,100002,322,100027,322,99992,322,100033,100,99982,100,100045,100,99970,200,100052,100,99968,100,100075,100,99964,100,100080,100,99963,100,100085,100,99958,200,100094,100,99955,100,100095,100,99944,100
2019-06-28 09:32:40.000000000,100025,189,100002,189,100027,189,99992,189,100033,189,99982,189,100045,189,99970,289,100052,189,99968,189,100075,100,99964,100,100080,100,99963,100,100085,100,99958,200,100094,100,99955,100,100095,100,99944,100
2019-06-28 09:32:41.365193586,100025,189,100002,189,100027,189,99992,189,100033,189,99982,189,100045,189,99970,289,100052,189,99968,189,100075,100,99965,100,100080,100,99964,100,100085,100,99963,100,100094,100,99958,200,100095,100,99955,100
2019-06-28 09:32:50.000000000,100025,322,100002,322,100027,322,99992,322,100033,100,99982,100,100045,100,99970,200,100052,100,99968,100,100075,100,99965,100,100080,100,99964,100,100085,100,99963,100,100094,100,99958,200,100095,100,99955,100
2019-06-28 09:33:00.000000000,100025,251,100002,251,100027,247,99992,247,100033,247,99982,247,100045,100,99970,200,100052,100,99968,100,100075,100,99965,100,100080,100,99964,100,100085,100,99963,100,100094,100,99958,200,100095,100,99955,100
2019-06-28 09:33:10.000000000,100025,189,100002,189,100027,189,99992,189,100033,189,99982,189,100045,189,99970,289,100052,189,99968,189,100075,100,99965,100,100080,100,99964,100,100085,100,99963,100,100094,100,99958,200,100095,100,99955,100
2019-06-28 09:33:10.226036091,100025,189,100002,189,100027,189,99992,189,100033,189,99982,189,100045,189,99970,189,100052,189,99968,189,100075,100,99965,100,100080,100,99964,100,100085,100,99963,100,100094,100,99958,200,100095,100,99955,100
2019-06-28 09:33:20.000000000,100025,322,100002,322,100027,322,99992,322,100033,100,99982,100,100045,100,99970,100,100052,100,99968,100,100075,100,99965,100,100080,100,99964,100,100085,100,99963,100,100094,100,99958,200,100095,100,99955,100
2019-06-28 09:33:23.611412932,100025,322,100002,222,100027,322,99992,322,100033,100,99982,100,100045,100,99970,100,100052,100,99968,100,100075,100,99965,100,100080,100,99964,100,100085,100,99963,100,100094,100,99958,100,100095,100,99955,100
2019-06-28 09:33:25.924610963,100025,322,100002,222,100027,322,99992,322,100033,100,99982,100,100045,100,99970,100,100052,100,99968,100,100075,100,99965,100,100080,100,99964,100,100085,100,99958,100,100094,100,99955,100,100095,100,99944,100
2019-06-28 09:33:30.000000000,100025,189,99992,189,100027,189,99982,189,100033,189,99970,189,100045,189,99968,189,100052,189,99965,189,100075,100,99964,100,100080,100,99958,100,100085,100,99955,100,100094,100,99944,100,100095,100,99924,100
2019-06-28 09:33:37.550073674,100025,189,99992,189,100027,189,99982,189,100033,189,99970,189,100045,189,99968,189,100052,189,99965,189,100075,100,99964,100,100080,100,99958,100,100085,100,99957,100,100094,100,99955,100,100096,200,99944,100
2019-06-28 09:33:40.000000000,100025,544,99992,544,100027,100,99982,100,100033,100,99970,100,100045,100,99968,100,100052,100,99965,100,100075,100,99964,100,100080,100,99958,100,100085,100,99957,100,100094,100,99955,100,100096,200,99944,100
2019-06-28 09:33:45.647169832,100025,544,99992,544,100027,100,99982,100,100033,100,99970,100,100045,100,99968,100,100049,100,99965,100,100052,100,99964,100,100075,100,99958,100,100080,100,99957,100,100085,100,99955,100,100094,100,99944,100
2019-06-28 09:33:50.000000000,100025,189,99992,189,100027,189,99982,189,100033,189,99970,189,100045,189,99968,189,100049,189,99965,189,100052,100,99964,100,100075,100,99958,100,100080,100,99957,100,100085,100,99955,100,100094,100,99944,100
2019-06-28 09:34:00.000000000,100025,251,99992,251,100027,247,99982,247,100033,247,99970,247,100045,100,99968,100,100049,100,99965,100,100052,100,99964,100,100075,100,99958,100,100080,100,99957,100,100085,100,99955,100,100094,100,99944,100
2019-06-28 09:34:01.635015297,100025,251,99992,151,100027,247,99982,247,100033,247,99970,247,100045,100,99968,100,100049,100,99965,100,100052,100,99964,100,100080,100,99958,100,100085,100,99957,100,100094,100,99955,100,100096,200,99944,100
2019-06-28 09:34:08.869441208,100025,251,99992,51,100027,247,99982,247,100033,247,99970,247,100045,100,99968,100,100049,100,99965,100,100052,100,99964,100,100080,100,99958,100,100085,100,99957,100,100094,100,99955,100,100096,200,99944,100
2019-06-28 09:34:10.000000000,100025,251,99982,251,100027,247,99970,247,100033,247,99968,247,100045,100,99965,100,100049,100,99964,100,100052,100,99958,100,100080,100,99957,100,100085,100,99955,100,100094,100,99944,100,100096,200,99924,100
2019-06-28 09:34:20.000000000,100025,544,99982,544,100027,100,99970,100,100033,100,99968,100,100045,100,99965,100,100049,100,99964,100,100052,100,99958,100,100080,100,99957,100,100085,100,99955,100,100094,100,99944,100,100096,200,99924,100
2019-06-28 09:34:30.000000000,100025,544,99982,544,100027,100,99970,100,100033,100,99968,100,100045,100,99965,100,100049,100,99964,100,100052,100,99958,100,100080,100,99957,100,100085,100,99955,100,100094,100,99944,100,100096,200,99924,100
2019-06-28 09:34:40.000000000,100025,211,99982,211,100027,211,99970,211,100033,211,99968,211,100045,211,99965,211,100049,100,99964,100,100052,100,99958,100,100080,100,99957,100,100085,100,99955,100,100094,100,99944,100,100096,200,99924,100
2019-06-28 09:34:41.311279683,100025,211,99982,111,100027,211,99970,211,100033,111,99968,211,100045,211,99965,211,100049,100,99964,100,100052,100,99958,100,100080,100,99957,100,100085,100,99955,100,100094,100,99944,100,100096,200,99924,100
2019-06-28 09:34:43.432195556,99992,100,99982,111,100025,211,99970,211,100027,211,99968,211,100033,111,99965,211,100045,211,99964,100,100049,100,99958,100,100052,100,99957,100,100080,100,99955,100,100085,100,99944,100,100094,100,99924,100
2019-06-28 09:34:46.534178700,99992,100,99982,11,100025,211,99970,211,100027,211,99968,211,100033,111,99965,211,100045,211,99964,100,100049,100,99958,100,100080,100,99957,100,100085,100,99955,100,100094,100,99944,100,100096,200,99924,100
2019-06-28 09:34:50.000000000,99992,544,99970,544,100025,100,99968,100,100027,100,99965,100,100045,100,99964,100,100049,100,99958,100,100080,100,99957,100,100085,100,99955,100,100094,100,99944,100,100096,200,99924,100,100111,100,99918,100
2019-06-28 09:34:51.497080531,99992,544,99970,444,100025,100,99968,100,100027,100,99965,100,100045,100,99964,100,100049,100,99958,100,100080,100,99957,100,100085,100,99955,100,100094,100,99944,100,100096,200,99924,100,100111,100,99918,100
2019-06-28 09:34:58.614926790,99992,544,99970,444,100025,100,99968,100,100027,100,99965,100,100045,100,99964,100,100049,100,99958,100,100080,100,99957,100,100085,100,99955,100,100094,100,99944,100,100096,200,99924,100,100111,100,99918,100
2019-06-28 09:35:00.000000000,99992,322,99968,322,100025,322,99965,322,100027,100,99964,100,100045,100,99958,100,100049,100,99957,100,100080,100,99955,100,100085,100,99944,100,100094,100,99924,100,100096,200,99918,100,100111,100,99911,100
2019-06-28 09:35:10.000000000,99992,544,99968,544,100025,100,99965,100,100027,100,99964,100,100045,100,99958,100,100049,100,99957,100,100080,100,99955,100,100085,100,99944,100,100094,100,99924,100,100096,200,99918,100,100111,100,99911,100
2019-06-28 09:35:20.000000000,99992,251,99968,251,100025,247,99965,247,100027,247,99964,247,100045,100,99958,100,100049,100,99957,100,100080,100,99955,100,100085,100,99944,100,100094,100,99924,100,100096,200,99918,100,100111,100,99911,100
2019-06-28 09:35:26.960072058,99982,100,99968,251,99992,251,99965,247,100025,247,99964,247,100027,247,99958,100,100045,100,99957,100,100049,100,99955,100,100080,100,99944,100,100085,100,99924,100,100094,100,99918,100,100096,200,99911,100
2019-06-28 09:35:30.000000000,99982,189,99968,189,99992,189,99965,189,100025,189,99964,189,100027,189,99958,189,100045,189,99957,189,100049,100,99955,100,100080,100,99944,100,100085,100,99924,100,100094,100,99918,100,100096,200,99911,100
2019-06-28 09:35:38.770013286,99982,189,99968,189,99992,189,99965,189,100025,189,99964,189,100027,189,99958,189,100045,189,99957,189,100049,100,99955,100,100080,100,99944,100,100085,100,99924,100,100094,100,99918,100,100096,100,99911,100
2019-06-28 09:35:40.000000000,99982,189,99968,189,99992,189,99965,189,100025,189,99964,189,100027,189,99958,189,100045,189,99957,189,100049,100,99955,100,100080,100,99944,100,100085,100,99924,100,100094,100,99918,100,100096,100,99911,100
2019-06-28 09:35:50.000000000,99982,251,99968,251,99992,247,99965,247,100025,247,99964,247,100027,100,99958,100,100045,100,99957,100,100049,100,99955,100,100080,100,99944,100,100085,100,99924,100,100094,100,99918,100,100096,100,99911,100
2019-06-28 09:36:00.000000000,99982,322,99968,322,99992,322,99965,322,100025,100,99964,100,100027,100,99958,100,100045,100,99957,100,100049,100,99955,100,100080,100,99944,100,100085,100,99924,100,100094,100,99918,100,100096,100,99911,100
2019-06-28 09:36:08.302692568,99982,322,99968,322,99992,322,99965,322,100025,100,99964,100,100027,100,99958,100,100045,100,99957,100,100049,100,99955,100,100080,100,99944,100,100085,100,99924,100,100094,100,99923,100,100096,100,99918,100
2019-06-28 09:36:10.000000000,99982,251,99968,251,99992,247,99965,247,100025,247,99964,247,100027,100,99958,100,100045,100,99957,100,100049,100,99955,100,100080,100,99944,100,100085,100,99924,100,100094,100,99923,100,100096,100,99918,100
2019-06-28 09:36:16.202287365,99982,251,99968,251,99992,247,99965,247,100025,247,99964,247,100027,100,99958,100,100045,100,99957,100,100049,100,99955,100,100080,100,99924,100,100085,100,99923,100,100094,100,99918,100,100096,100,99911,100
2019-06-28 09:36:20.000000000,99982,322,99968,322,99992,322,99965,322,100025,100,99964,100,100027,100,99958,100,100045,100,99957,100,100049,100,99955,100,100080,100,99924,100,100085,100,99923,100,100094,100,99918,100,100096,100,99911,100
2019-06-28 09:36:20.671723269,99982,422,99968,322,99992,322,99965,322,100025,100,99964,100,100027,100,99958,100,100045,100,99957,100,100049,100,99955,100,100080,100,99924,100,100085,100,99923,100,100094,100,99918,100,100096,100,99911,100
2019-06-28 09:36:23.784394221,99982,422,99968,222,99992,322,99965,322,100025,100,99964,100,100027,100,99958,100,100045,100,99957,100,100049,100,99955,100,100080,100,99924,100,100085,100,99923,100,100094,100,99918,100,100096,100,99911,100
2019-06-28 09:36:25.163868153,99982,422,99968,222,99992,322,99965,322,100025,100,99964,100,100027,100,99958,100,100045,100,99957,100,100049,100,99955,100,100080,100,99924,100,100085,100,99923,100,100094,100,99918,100,100096,100,99911,100
2019-06-28 09:36:27.467405595,99982,422,99968,222,99992,322,99965,322,100025,100,99964,100,100027,100,99958,100,100045,100,99955,100,100049,100,99924,100,100080,100,99923,100,100085,100,99918,100,100094,100,99911,100,100096,100,99907,100
2019-06-28 09:36:30.000000000,99982,644,99965,544,99992,100,99964,100,100025,100,99958,100,100027,100,99955,100,100045,100,99924,100,100049,100,99923,100,100080,100,99918,100,100085,100,99911,100,100094,100,99907,100,100096,100,99897,200
2019-06-28 09:36:40.000000000,99982,422,99965,322,99992,322,99964,322,100025,100,99958,100,100027,100,99955,100,100045,100,99924,100,100049,100,99923,100,100080,100,99918,100,100085,100,99911,100,100094,100,99907,100,100096,100,99897,200
2019-06-28 09:36:42.472526209,99982,522,99965,322,99992,322,99964,322,100025,100,99958,100,100027,100,99955,100,100045,100,99924,100,100049,100,99923,100,100080,100,99918,100,100085,100,99911,100,100094,100,99907,100,100096,100,99897,200
2019-06-28 09:36:50.000000000,99982,411,99965,211,99992,211,99964,211,100025,211,99958,211,100027,211,99955,211,100045,100,99924,100,100049,100,99923,100,100080,100,99918,100,100085,100,99911,100,100094,100,99907,100,100096,100,99897,200
2019-06-28 09:37:00.000000000,99982,451,99965,251,99992,247,99964,247,100025,247,99958,247,100027,100,99955,100,100045,100,99924,100,100049,100,99923,100,100080,100,99918,100,100085,100,99911,100,100094,100,99907,100,100096,100,99897,200
2019-06-28 09:37:02.165287025,99982,551,99965,251,99992,247,99964,247,100025,247,99958,247,100027,100,99955,100,100045,100,99924,100,100049,100,99923,100,100080,100,99918,100,100085,100,99911,100,100094,100,99907,100,100096,100,99897,200
2019-06-28 09:37:10.000000000,99982,551,99965,251,99992,247,99964,247,100025,247,99958,247,100027,100,99955,100,100045,100,99924,100,100049,100,99923,100,100080,100,99918,100,100085,100,99911,100,100094,100,99907,100,100096,100,99897,200
2019-06-28 09:37:19.857146080,99982,551,99965,251,99992,247,99964,247,100025,247,99958,247,100027,100,99955,100,100045,100,99924,100,100049,100,99923,100,100080,100,99918,100,100085,100,99911,100,100094,100,99907,100,100096,100,99897,200
2019-06-28 09:37:20.000000000,99982,844,99965,544,99992,100,99964,100,100025,100,99958,100,100027,100,99955,100,100045,100,99924,100,100049,100,99923,100,100080,100,99918,100,100085,100,99911,100,100094,100,99907,100,100096,100,99897,200
2019-06-28 09:37:30.000000000,99982,511,99965,211,99992,211,99964,211,100025,211,99958,211,100027,211,99955,211,100045,100,99924,100,100049,100,99923,100,100080,100,99918,100,100085,100,99911,100,100094,100,99907,100,100096,100,99897,200
2019-06-28 09:37:40.000000000,99982,622,99965,322,99992,322,99964,322,100025,100,99958,100,100027,100,99955,100,100045,100,99924,100,100049,100,99923,100,100080,100,99918,100,100085,100,99911,100,100094,100,99907,100,100096,100,99897,200
2019-06-28 09:37:50.000000000,99982,511,99965,211,99992,211,99964,211,100025,211,99958,211,100027,211,99955,211,100045,100,99924,100,100049,100,99923,100,100080,100,99918,100,100085,100,99911,100,100094,100,99907,100,100096,100,99897,200
2019-06-28 09:37:50.083431575,99982,511,99965,111,99992,211,99964,211,100025,211,99958,211,100027,211,99955,211,100045,100,99924,100,100049,100,99923,100,100080,100,99918,100,100085,100,99911,100,100094,100,99907,100,100096,100,99897,200
2019-06-28 09:38:00.000000000,99982,844,99964,544,99992,100,99958,100,100025,100,99955,100,100027,100,99924,100,100045,100,99923,100,100049,100,99918,100,100080,100,99911,100,100085,100,99907,100,100094,100,99897,200,100096,100,99882,100
2019-06-28 09:38:10.000000000,99982,551,99964,251,99992,247,99958,247,100025,247,99955,247,100027,100,99924,100,100045,100,99923,100,100049,100,99918,100,100080,100,99911,100,100085,100,99907,100,100094,100,99897,200,100096,100,99882,100
2019-06-28 09:38:20.000000000,99982,844,99964,544,99992,100,99958,100,100025,100,99955,100,100027,100,99924,100,100045,100,99923,100,100049,100,99918,100,100080,100,99911,100,100085,100,99907,100,100094,100,99897,200,100096,100,99882,100
2019-06-28 09:38:22.115444955,99982,844,99964,544,99992,100,99958,100,100025,100,99955,100,100027,100,99924,100,100045,100,99923,100,100049,100,99918,100,100080,100,99911,100,100085,100,99907,100,100094,100,99898,100,100096,100,99897,200
2019-06-28 09:38:27.973079972,99982,844,99964,444,99992,100,99958,100,100025,100,99955,100,100027,100,99924,100,100045,100,99923,100,100049,100,99918,100,100080,100,99911,100,100085,100,99907,100,100094,100,99898,100,100096,100,99897,200
2019-06-28 09:38:30.000000000,99982,844,99958,544,99992,100,99955,100,100025,100,99924,100,100027,100,99923,100,100045,100,99918,100,100049,100,99911,100,100080,100,99907,100,100085,100,99898,100,100094,100,99897,200,100096,100,99882,100
2019-06-28 09:38:40.000000000,99982,511,99958,211,99992,211,99955,211,100025,211,99924,211,100027,211,99923,211,100045,100,99918,100,100049,100,99911,100,100080,100,99907,100,100085,100,99898,100,100094,100,99897,200,100096,100,99882,100
2019-06-28 09:38:43.254711180,99982,511,99958,211,99992,211,99955,211,100025,211,99924,211,100027,211,99923,211,100045,100,99918,100,100049,100,99917,100,100080,100,99911,100,100085,100,99907,100,100094,100,99898,100,100096,100,99897,200
2019-06-28 09:38:50.000000000,99982,511,99958,211,99992,211,99955,211,100025,211,99924,211,100027,211,99923,211,100045,100,99918,100,100049,100,99917,100,100080,100,99911,100,100085,100,99907,100,100094,100,99898,100,100096,100,99897,200
2019-06-28 09:39:00.000000000,99982,489,99958,189,99992,189,99955,189,100025,189,99924,189,100027,189,99923,189,100045,189,99918,189,100049,100,99917,100,100080,100,99911,100,100085,100,99907,100,100094,100,99898,100,100096,100,99897,200
2019-06-28 09:39:09.608069234,99970,100,99958,189,99982,489,99955,189,99992,189,99924,189,100025,189,99923,189,100027,189,99918,189,100045,189,99917,100,100049,100,99911,100,100080,100,99907,100,100085,100,99898,100,100094,100,99897,200
2019-06-28 09:39:10.000000000,99970,211,99958,211,99982,511,99955,211,99992,211,99924,211,100025,211,99923,211,100027,100,99918,100,100045,100,99917,100,100049,100,99911,100,100080,100,99907,100,100085,100,99898,100,100094,100,99897,200
2019-06-28 09:39:20.000000000,99970,189,99958,189,99982,489,99955,189,99992,189,99924,189,100025,189,99923,189,100027,189,99918,189,100045,100,99917,100,100049,100,99911,100,100080,100,99907,100,100085,100,99898,100,100094,100,99897,200
2019-06-28 09:39:30.000000000,99970,544,99958,544,99982,400,99955,100,99992,100,99924,100,100025,100,99923,100,100027,100,99918,100,100045,100,99917,100,100049,100,99911,100,100080,100,99907,100,100085,100,99898,100,100094,100,99897,200
2019-06-28 09:39:40.000000000,99970,322,99958,322,99982,622,99955,322,99992,100,99924,100,100025,100,99923,100,100027,100,99918,100,100045,100,99917,100,100049,100,99911,100,100080,100,99907,100,100085,100,99898,100,100094,100,99897,200
2019-06-28 09:39:43.636171868,99970,322,99958,322,99982,622,99955,322,99992,100,99924,100,100025,100,99923,100,100027,100,99917,100,100045,100,99911,100,100049,100,99907,100,100080,100,99898,100,100085,100,99897,200,100094,100,99882,100
2019-06-28 09:39:46.746079896,99970,322,99958,322,99982,622,99955,322,99992,100,99924,100,100025,100,99923,100,100027,100,99917,100,100045,100,99911,100,100049,100,99907,100,100080,100,99898,100,100094,100,99897,200,100111,100,99882,100
2019-06-28 09:39:50.000000000,99970,322,99958,322,99982,622,99955,322,99992,100,99924,100,100025,100,99923,100,100027,100,99917,100,100045,100,99911,100,100049,100,99907,100,100080,100,99898,100,100094,100,99897,200,100111,100,99882,100
2019-06-28 09:40:00.000000000,99970,189,99958,189,99982,489,99955,189,99992,189,99924,189,100025,189,99923,189,100027,189,99917,189,100045,100,99911,100,100049,100,99907,100,100080,100,99898,100,100094,100,99897,200,100111,100,99882,100
2019-06-28 09:40:10.000000000,99970,544,99958,544,99982,400,99955,100,99992,100,99924,100,100025,100,99923,100,100027,100,99917,100,100045,100,99911,100,100049,100,99907,100,100080,100,99898,100,100094,100,99897,200,100111,100,99882,100
2019-06-28 09:40:20.000000000,99970,211,99958,211,99982,511,99955,211,99992,211,99924,211,100025,211,99923,211,100027,100,99917,100,100045,100,99911,100,100049,100,99907,100,100080,100,99898,100,100094,100,99897,200,100111,100,99882,100
2019-06-28 09:40:30.000000000,99970,544,99958,544,99982,400,99955,100,99992,100,99924,100,100025,100,99923,100,100027,100,99917,100,100045,100,99911,100,100049,100,99907,100,100080,100,99898,100,100094,100,99897,200,100111,100,99882,100
2019-06-28 09:40:35.455238583,99970,544,99958,444,99982,400,99955,100,99992,100,99924,100,100025,100,99923,100,100027,100,99917,100,100045,100,99911,100,100049,100,99907,100,100080,100,99898,100,100094,100,99897,200,100111,100,99882,100
2019-06-28 09:40:40.000000000,99970,251,99955,251,99982,547,99924,247,99992,247,99923,247,100025,100,99917,100,100027,100,99911,100,100045,100,99907,100,100049,100,99898,100,100080,100,99897,200,100094,100,99882,100,100111,100,99881,100
2019-06-28 09:40:50.000000000,99970,211,99955,211,99982,511,99924,211,99992,211,99923,211,100025,211,99917,211,100027,100,99911,100,100045,100,99907,100,100049,100,99898,100,100080,100,99897,200,100094,100,99882,100,100111,100,99881,100
2019-06-28 09:41:00.000000000,99970,544,99955,544,99982,400,99924,100,99992,100,99923,100,100025,100,99917,100,100027,100,99911,100,100045,100,99907,100,100049,100,99898,100,100080,100,99897,200,100094,100,99882,100,100111,100,99881,100
2019-06-28 09:41:01.116226133,99970,544,99955,444,99982,400,99924,100,99992,100,99923,100,100025,100,99917,100,100027,100,99911,100,100045,100,99907,100,100049,100,99898,100,100080,100,99897,200,100094,100,99882,100,100111,100,99881,100
2019-06-28 09:41:04.725219753,99970,544,99955,444,99982,400,99924,100,99992,100,99923,100,100025,100,99917,100,100027,100,99911,100,100045,100,99907,100,100049,100,99898,100,100080,100,99897,200,100094,100,99882,100,100111,100,99881,100
2019-06-28 09:41:10.000000000,99970,189,99924,189,99982,489,99923,189,99992,189,99917,189,100025,189,99911,189,100027,189,99907,189,100045,100,99898,100,100049,100,99897,200,100080,100,99882,100,100094,100,99881,100,100111,100,99878,100
2019-06-28 09:41:20.000000000,99970,322,99924,322,99982,622,99923,322,99992,100,99917,100,100025,100,99911,100,100027,100,99907,100,100045,100,99898,100,100049,100,99897,200,100080,100,99882,100,100094,100,99881,100,100111,100,99878,100
2019-06-28 09:41:30.000000000,99970,251,99924,251,99982,547,99923,247,99992,247,99917,247,100025,100,99911,100,100027,100,99907,100,100045,100,99898,100,100049,100,99897,200,100080,100,99882,100,100094,100,99881,100,100111,100,99878,100
2019-06-28 09:41:40.000000000,99970,211,99924,211,99982,511,99923,211,99992,211,99917,211,100025,211,99911,211,100027,100,99907,100,100045,100,99898,100,100049,100,99897,200,100080,100,99882,100,100094,100,99881,100,100111,100,99878,100
2019-06-28 09:41:50.000000000,99970,544,99924,544,99982,400,99923,100,99992,100,99917,100,100025,100,99911,100,100027,100,99907,100,100045,100,99898,100,100049,100,99897,200,100080,100,99882,100,100094,100,99881,100,100111,100,99878,100
2019-06-28 09:42:00.000000000,99970,189,99924,189,99982,489,99923,189,99992,189,99917,189,100025,189,99911,189,100027,189,99907,189,100045,100,99898,100,100049,100,99897,200,100080,100,99882,100,100094,100,99881,100,100111,100,99878,100
2019-06-28 09:42:07.384998663,99970,189,99924,189,99982,489,99923,189,99992,189,99917,189,100025,189,99911,189,100027,189,99907,189,100045,100,99898,100,100049,100,99897,200,100080,100,99882,100,100094,100,99881,100,100111,100,99878,100
2019-06-28 09:42:10.000000000,99970,211,99924,211,99982,511,99923,211,99992,211,99917,211,100025,211,99911,211,100027,100,99907,100,100045,100,99898,100,100049,100,99897,200,100080,100,99882,100,100094,100,99881,100,100111,100,99878,100
2019-06-28 09:42:20.000000000,99970,251,99924,251,99982,547,99923,247,99992,247,99917,247,100025,100,99911,100,100027,100,99907,100,100045,100,99898,100,100049,100,99897,200,100080,100,99882,100,100094,100,99881,100,100111,100,99878,100
2019-06-28 09:42:30.000000000,99970,544,99924,544,99982,400,99923,100,99992,100,99917,100,100025,100,99911,100,100027,100,99907,100,100045,100,99898,100,100049,100,99897,200,100080,100,99882,100,100094,100,99881,100,100111,100,99878,100
2019-06-28 09:42:40.000000000,99970,189,99924,189,99982,489,99923,189,99992,189,99917,189,100025,189,99911,189,100027,189,99907,189,100045,100,99898,100,100049,100,99897,200,100080,100,99882,100,100094,100,99881,100,100111,100,99878,100
2019-06-28 09:42:50.000000000,99970,189,99924,189,99982,489,99923,189,99992,189,99917,189,100025,189,99911,189,100027,189,99907,189,100045,100,99898,100,100049,100,99897,200,100080,100,99882,100,100094,100,99881,100,100111,100,99878,100
2019-06-28 09:43:00.000000000,99970,211,99924,211,99982,511,99923,211,99992,211,99917,211,100025,211,99911,211,100027,100,99907,100,100045,100,99898,100,100049,100,99897,200,100080,100,99882,100,100094,100,99881,100,100111,100,99878,100
2019-06-28 09:43:03.991069031,99970,211,99924,111,99982,511,99923,211,99992,211,99917,211,100025,211,99911,211,100027,100,99907,100,100045,100,99898,100,100049,100,99897,200,100080,100,99882,100,100094,100,99881,100,100124,100,99878,100
2019-06-28 09:43:10.000000000,99970,211,99923,211,99982,511,99917,211,99992,211,99911,211,100025,211,99907,211,100027,100,99898,100,100045,100,99897,200,100049,100,99882,100,100080,100,99881,100,100094,100,99878,100,100124,100,99860,100
2019-06-28 09:43:11.509890168,99970,211,99923,211,99982,511,99917,211,99992,211,99911,211,100025,211,99907,211,100027,100,99898,100,100045,100,99897,200,100049,100,99882,100,100066,100,99881,100,100080,100,99878,100,100094,100,99860,100
2019-06-28 09:43:12.623862769,99970,211,99923,111,99982,511,99917,211,99992,211,99911,211,100025,211,99907,211,100027,100,99898,100,100045,100,99897,200,100049,100,99882,100,100066,100,99881,100,100080,100,99878,100,100094,100,99860,100
2019-06-28 09:43:13.865822074,99957,100,99923,111,99970,211,99917,211,99982,511,99911,211,99992,211,99907,211,100025,211,99898,100,100027,100,99897,200,100045,100,99882,100,100049,100,99881,100,100066,100,99878,100,100080,100,99860,100
2019-06-28 09:43:16.643963566,99970,211,99923,111,99982,511,99917,211,99992,211,99911,211,100025,211,99907,211,100027,100,99898,100,100034,100,99897,200,100045,100,99882,100,100049,100,99881,100,100066,100,99878,100,100080,100,99860,100
2019-06-28 09:43:20.000000000,99970,322,99917,322,99982,622,99911,322,99992,100,99907,100,100025,100,99898,100,100027,100,99897,200,100034,100,99882,100,100045,100,99881,100,100049,100,99878,100,100066,100,99860,100,100080,100,99853,100
2019-06-28 09:43:30.000000000,99970,322,99917,322,99982,622,99911,322,99992,100,99907,100,100025,100,99898,100,100027,100,99897,200,100034,100,99882,100,100045,100,99881,100,100049,100,99878,100,100066,100,99860,100,100080,100,99853,100
2019-06-28 09:43:33.776551104,99970,222,99917,322,99982,622,99911,322,99992,100,99907,100,100025,100,99898,100,100027,100,99897,200,100034,100,99882,100,100045,100,99881,100,100049,100,99878,100,100066,100,99860,100,100080,100,99853,100
2019-06-28 09:43:34.046421560,99970,222,99917,322,99982,622,99911,322,99992,100,99907,100,100025,100,99898,100,100027,100,99897,200,100034,100,99882,100,100045,100,99881,100,100049,100,99878,100,100066,100,99853,100,100080,100,99852,100
2019-06-28 09:43:36.866813370,99970,222,99962,100,99982,622,99917,322,99992,100,99911,322,100025,100,99907,100,100027,100,99898,100,100034,100,99897,200,100045,100,99882,100,100049,100,99881,100,100066,100,99878,100,100080,100,99853,100
2019-06-28 09:43:40.000000000,99982,489,99962,189,99992,189,99917,189,100025,189,99911,189,100027,189,99907,189,100034,189,99898,189,100045,100,99897,200,100049,100,99882,100,100066,100,99881,100,100080,100,99878,100,100094,100,99853,100
2019-06-28 09:43:45.744427889,99982,489,99977,100,99992,189,99962,189,100025,189,99917,189,100027,189,99911,189,100034,189,99907,189,100045,100,99898,189,100049,100,99897,200,100066,100,99882,100,100080,100,99881,100,100094,100,99878,100
2019-06-28 09:43:50.000000000,99982,551,99977,251,99992,247,99962,247,100025,247,99917,247,100027,100,99911,100,100034,100,99907,100,100045,100,99898,100,100049,100,99897,200,100066,100,99882,100,100080,100,99881,100,100094,100,99878,100
2019-06-28 09:43:50.903673859,99982,551,99977,251,99987,100,99962,247,99992,247,99917,247,100025,247,99911,100,100027,100,99907,100,100034,100,99898,100,100045,100,99897,200,100049,100,99882,100,100066,100,99881,100,100080,100,99878,100
2019-06-28 09:43:58.787638104,99982,551,99977,251,99987,100,99962,247,99992,247,99917,247,100025,247,99911,100,100027,100,99907,100,100034,100,99898,100,100045,100,99897,200,100049,100,99882,100,100066,100,99881,100,100080,100,99878,100
2019-06-28 09:44:00.000000000,99982,551,99977,251,99987,247,99962,247,99992,247,99917,247,100025,100,99911,100,100027,100,99907,100,100034,100,99898,100,100045,100,99897,200,100049,100,99882,100,100066,100,99881,100,100080,100,99878,100
2019-06-28 09:44:09.319463438,99982,551,99977,251,99987,247,99962,247,99992,247,99917,247,100025,100,99911,100,100027,100,99907,100,100034,100,99898,100,100045,100,99897,200,100049,100,99882,100,100066,100,99881,100,100080,100,99878,100
2019-06-28 09:44:10.000000000,99982,551,99977,251,99987,247,99962,247,99992,247,99917,247,100025,100,99911,100,100027,100,99907,100,100034,100,99898,100,100045,100,99897,200,100049,100,99882,100,100066,100,99881,100,100080,100,99878,100
2019-06-28 09:44:14.237103871,99982,451,99977,151,99987,247,99962,247,99992,247,99917,247,100025,100,99911,100,100027,100,99907,100,100034,100,99898,100,100045,100,99897,200,100049,100,99882,100,100066,100,99881,100,100080,100,99878,100
2019-06-28 09:44:15.391567616,99982,451,99977,151,99987,247,99962,247,99992,247,99917,247,100025,100,99911,100,100027,100,99907,100,100034,100,99898,100,100045,100,99897,200,100066,100,99882,100,100080,100,99881,100,100092,100,99878,100
2019-06-28 09:44:19.051979641,99982,451,99977,151,99987,247,99962,247,99992,247,99917,247,100025,100,99911,100,100027,100,99907,100,100034,100,99898,100,100045,100,99897,200,100066,100,99881,100,100080,100,99878,100,100092,100,99866,100
2019-06-28 09:44:20.000000000,99982,411,99962,211,99987,211,99917,211,99992,211,99911,211,100025,211,99907,211,100027,100,99898,100,100034,100,99897,200,100045,100,99881,100,100066,100,99878,100,100080,100,99866,100,100092,100,99852,100
2019-06-28 09:44:28.477225587,99982,411,99962,211,99987,211,99917,211,99992,211,99911,211,100025,211,99907,211,100027,100,99898,100,100034,100,99897,200,100045,100,99881,100,100066,100,99878,100,100080,100,99866,100,100092,100,99852,100
2019-06-28 09:44:30.000000000,99982,389,99962,189,99987,189,99917,189,99992,189,99911,189,100025,189,99907,189,100027,189,99898,189,100034,100,99897,200,100045,100,99881,100,100066,100,99878,100,100080,100,99866,100,100092,100,99852,100
2019-06-28 09:44:40.000000000,99982,451,99962,251,99987,247,99917,247,99992,247,99911,247,100025,100,99907,100,100027,100,99898,100,100034,100,99897,200,100045,100,99881,100,100066,100,99878,100,100080,100,99866,100,100092,100,99852,100
2019-06-28 09:44:41.336290391,99982,451,99962,251,99987,247,99917,247,99992,247,99911,247,100025,100,99907,100,100027,100,99898,100,100034,100,99897,200,100045,100,99881,100,100066,100,99878,100,100080,100,99866,100,100092,100,99852,100
2019-06-28 09:44:43.710672279,99982,351,99962,251,99987,247,99917,247,99992,247,99911,247,100025,100,99907,100,100027,100,99898,100,100045,100,99897,200,100066,100,99881,100,100080,100,99878,100,100092,100,99866,100,100094,100,99852,100
2019-06-28 09:44:50.000000000,99982,644,99962,544,99987,100,99917,100,99992,100,99911,100,100025,100,99907,100,100027,100,99898,100,100045,100,99897,200,100066,100,99881,100,100080,100,99878,100,100092,100,99866,100,100094,100,99852,100
2019-06-28 09:45:00.000000000,99982,351,99962,251,99987,247,99917,247,99992,247,99911,247,100025,100,99907,100,100027,100,99898,100,100045,100,99897,200,100066,100,99881,100,100080,100,99878,100,100092,100,99866,100,100094,100,99852,100
2019-06-28 09:45:00.649013711,99982,351,99978,100,99987,247,99962,251,99992,247,99917,247,100025,100,99911,247,100027,100,99907,100,100045,100,99898,100,100066,100,99897,200,100080,100,99881,100,100092,100,99878,100,100094,100,99866,100
2019-06-28 09:45:10.000000000,99982,289,99978,189,99987,189,99962,189,99992,189,99917,189,100025,189,99911,189,100027,189,99907,189,100045,100,99898,100,100066,100,99897,200,100080,100,99881,100,100092,100,99878,100,100094,100,99866,100
2019-06-28 09:45:16.000655463,99982,189,99978,189,99987,189,99962,189,99992,189,99917,189,100025,189,99911,189,100027,189,99907,189,100045,100,99897,200,100066,100,99881,100,100080,100,99878,100,100092,100,99866,100,100094,100,99852,100
2019-06-28 09:45:20.000000000,99982,322,99978,322,99987,322,99962,322,99992,100,99917,100,100025,100,99911,100,100027,100,99907,100,100045,100,99897,200,100066,100,99881,100,100080,100,99878,100,100092,100,99866,100,100094,100,99852,100
2019-06-28 09:45:24.397052694,99982,222,99978,322,99987,322,99962,322,99992,100,99917,100,100025,100,99907,100,100027,100,99897,200,100045,100,99881,100,100066,100,99878,100,100080,100,99866,100,100092,100,99852,100,100094,100,99841,100
2019-06-28 09:45:30.000000000,99987,189,99978,189,99992,189,99962,189,100025,189,99917,189,100027,189,99907,189,100045,189,99897,289,100066,100,99881,100,100080,100,99878,100,100092,100,99866,100,100094,100,99852,100,100122,100,99841,100
2019-06-28 09:45:30.182574664,99987,89,99978,189,99992,189,99962,189,100025,189,99917,189,100027,189,99907,189,100045,189,99897,289,100066,100,99881,100,100080,100,99878,100,100092,100,99866,100,100094,100,99852,100,100122,100,99841,100
2019-06-28 09:45:40.000000000,99992,189,99978,189,100025,189,99962,189,100027,189,99917,189,100045,189,99907,189,100066,189,99897,289,100080,100,99881,100,100092,100,99878,100,100094,100,99866,100,100122,100,99852,100,100130,100,99841,100
2019-06-28 09:45:43.300430418,99992,189,99982,100,100025,189,99978,189,100027,189,99962,189,100045,189,99917,189,100066,189,99907,189,100080,100,99897,289,100092,100,99881,100,100094,100,99878,100,100122,100,99866,100,100130,100,99852,100
2019-06-28 09:45:50.000000000,99992,322,99982,322,100025,322,99978,322,100027,100,99962,100,100045,100,99917,100,100066,100,99907,100,100080,100,99897,200,100092,100,99881,100,100094,100,99878,100,100122,100,99866,100,100130,100,99852,100
2019-06-28 09:45:57.665264950,99992,222,99982,322,100025,322,99978,322,100027,100,99962,100,100045,100,99907,100,100066,100,99897,200,100080,100,99881,100,100092,100,99878,100,100094,100,99866,100,100122,100,99852,100,100130,100,99841,100
2019-06-28 09:46:00.000000000,100025,251,99982,251,100027,247,99978,247,100045,247,99962,247,100066,100,99907,100,100080,100,99897,200,100092,100,99881,100,100094,100,99878,100,100122,100,99866,100,100130,100,99852,100,100131,100,99841,100
2019-06-28 09:46:03.276049093,100025,251,100012,100,100027,247,99982,251,100045,247,99978,247,100066,100,99962,247,100080,100,99907,100,100092,100,99897,200,100094,100,99881,100,100122,100,99878,100,100130,100,99866,100,100131,100,99852,100
2019-06-28 09:46:10.000000000,100025,189,100012,189,100027,189,99982,189,100045,189,99978,189,100066,189,99962,189,100080,189,99907,189,100092,100,99897,200,100094,100,99881,100,100122,100,99878,100,100130,100,99866,100,100131,100,99852,100
2019-06-28 09:46:20.000000000,100025,251,100012,251,100027,247,99982,247,100045,247,99978,247,100066,100,99962,100,100080,100,99907,100,100092,100,99897,200,100094,100,99881,100,100122,100,99878,100,100130,100,99866,100,100131,100,99852,100
2019-06-28 09:46:30.000000000,100025,211,100012,211,100027,211,99982,211,100045,211,99978,211,100066,211,99962,211,100080,100,99907,100,100092,100,99897,200,100094,100,99881,100,100122,100,99878,100,100130,100,99866,100,100131,100,99852,100
2019-06-28 09:46:39.621057104,100025,211,100012,211,100027,211,99982,211,100045,211,99978,211,100066,211,99962,211,100092,100,99907,100,100094,100,99897,200,100122,100,99881,100,100130,100,99878,100,100131,100,99866,100,100137,100,99852,100
2019-06-28 09:46:40.000000000,100025,251,100012,251,100027,247,99982,247,100045,247,99978,247,100066,100,99962,100,100092,100,99907,100,100094,100,99897,200,100122,100,99881,100,100130,100,99878,100,100131,100,99866,100,100137,100,99852,100
2019-06-28 09:46:42.235036272,100025,251,100012,151,100027,247,99982,247,100045,247,99978,247,100066,100,99962,100,100092,100,99907,100,100094,100,99897,200,100122,100,99881,100,100130,100,99878,100,100131,100,99866,100,100137,100,99852,100
2019-06-28 09:46:50.000000000,100025,322,99982,322,100027,322,99978,322,100045,100,99962,100,100066,100,99907,100,100092,100,99897,200,100094,100,99881,100,100122,100,99878,100,100130,100,99866,100,100131,100,99852,100,100137,100,99841,100
2019-06-28 09:47:00.000000000,100025,251,99982,251,100027,247,99978,247,100045,247,99962,247,100066,100,99907,100,100092,100,99897,200,100094,100,99881,100,100122,100,99878,100,100130,100,99866,100,100131,100,99852,100,100137,100,99841,100
2019-06-28 09:47:10.000000000,100025,251,99982,251,100027,247,99978,247,100045,247,99962,247,100066,100,99907,100,100092,100,99897,200,100094,100,99881,100,100122,100,99878,100,100130,100,99866,100,100131,100,99852,100,100137,100,99841,100
2019-06-28 09:47:10.928397496,100025,251,99982,251,100027,247,99978,247,100045,247,99962,247,100066,100,99907,100,100092,100,99897,200,100122,100,99881,100,100130,100,99878,200,100131,100,99866,100,100137,100,99852,100,100184,100,99841,100
2019-06-28 09:47:20.000000000,100025,544,99982,544,100027,100,99978,100,100045,100,99962,100,100066,100,99907,100,100092,100,99897,200,100122,100,99881,100,100130,100,99878,200,100131,100,99866,100,100137,100,99852,100,100184,100,99841,100
2019-06-28 09:47:30.000000000,100025,211,99982,211,100027,211,99978,211,100045,211,99962,211,100066,211,99907,211,100092,100,99897,200,100122,100,99881,100,100130,100,99878,200,100131,100,99866,100,100137,100,99852,100,100184,100,99841,100
2019-06-28 09:47:36.652424436,100025,211,99982,211,100027,211,99978,211,100045,211,99962,211,100066,211,99932,100,100092,100,99907,211,100122,100,99897,200,100130,100,99881,100,100131,100,99878,200,100137,100,99866,100,100184,100,99852,100
2019-06-28 09:47:37.559295454,100025,211,99982,111,100027,211,99978,211,100045,211,99962,211,100066,211,99932,100,100092,100,99907,211,100122,100,99897,200,100130,100,99881,100,100131,100,99878,200,100137,100,99866,100,100184,100,99852,100
2019-06-28 09:47:39.430128228,100025,211,100013,100,100027,211,99982,111,100045,211,99978,211,100066,211,99962,211,100092,100,99932,100,100122,100,99907,211,100130,100,99897,200,100131,100,99881,100,100137,100,99878,200,100184,100,99866,100
2019-06-28 09:47:40.000000000,100025,544,100013,544,100027,100,99978,100,100045,100,99962,100,100066,100,99932,100,100092,100,99907,100,100122,100,99897,200,100130,100,99881,100,100131,100,99878,200,100137,100,99866,100,100184,100,99852,100
2019-06-28 09:47:50.000000000,100025,544,100013,544,100027,100,99978,100,100045,100,99962,100,100066,100,99932,100,100092,100,99907,100,100122,100,99897,200,100130,100,99881,100,100131,100,99878,200,100137,100,99866,100,100184,100,99852,100
2019-06-28 09:48:00.000000000,100025,251,100013,251,100027,247,99978,247,100045,247,99962,247,100066,100,99932,100,100092,100,99907,100,100122,100,99897,200,100130,100,99881,100,100131,100,99878,200,100137,100,99866,100,100184,100,99852,100
2019-06-28 09:48:10.000000000,100025,211,100013,211,100027,211,99978,211,100045,211,99962,211,100066,211,99932,211,100092,100,99907,100,100122,100,99897,200,100130,100,99881,100,100131,100,99878,200,100137,100,99866,100,100184,100,99852,100
2019-06-28 09:48:12.864891782,100025,211,100013,211,100027,211,99978,211,100045,211,99962,211,100066,211,99932,211,100092,100,99907,100,100122,100,99897,200,100130,100,99881,100,100131,100,99878,200,100137,100,99866,100,100184,100,99841,100
2019-06-28 09:48:20.000000000,100025,322,100013,322,100027,322,99978,322,100045,100,99962,100,100066,100,99932,100,100092,100,99907,100,100122,100,99897,200,100130,100,99881,100,100131,100,99878,200,100137,100,99866,100,100184,100,99841,100
2019-06-28 09:48:30.000000000,100025,544,100013,544,100027,100,99978,100,100045,100,99962,100,100066,100,99932,100,100092,100,99907,100,100122,100,99897,200,100130,100,99881,100,100131,100,99878,200,100137,100,99866,100,100184,100,99841,100
2019-06-28 09:48:30.139421482,100025,544,100013,544,100027,100,99978,100,100045,100,99962,100,100066,100,99932,100,100092,100,99907,100,100122,100,99897,200,100130,100,99881,100,100131,100,99878,200,100137,100,99866,100,100184,100,99841,100
2019-06-28 09:48:40.000000000,100025,544,100013,544,100027,100,99978,100,100045,100,99962,100,100066,100,99932,100,100092,100,99907,100,100122,100,99897,200,100130,100,99881,100,100131,100,99878,200,100137,100,99866,100,100184,100,99841,100
2019-06-28 09:48:40.715835614,100025,544,100013,544,100027,100,99978,100,100045,100,99962,100,100066,100,99932,100,100092,100,99907,100,100122,100,99897,200,100130,100,99881,100,100131,100,99878,200,100137,100,99866,100,100184,100,99841,100
2019-06-28 09:48:50.000000000,100025,322,100013,322,100027,322,99978,322,100045,100,99962,100,100066,100,99932,100,100092,100,99907,100,100122,100,99897,200,100130,100,99881,100,100131,100,99878,200,100137,100,99866,100,100184,100,99841,100
2019-06-28 09:48:58.604998765,100025,322,100013,322,100027,322,99978,322,100045,100,99962,100,100066,100,99932,100,100092,100,99907,100,100122,100,99897,200,100130,100,99881,100,100131,100,99878,200,100137,100,99866,100,100238,100,99841,100
2019-06-28 09:49:00.000000000,100025,251,100013,251,100027,247,99978,247,100045,247,99962,247,100066,100,99932,100,100092,100,99907,100,100122,100,99897,200,100130,100,99881,100,100131,100,99878,200,100137,100,99866,100,100238,100,99841,100
2019-06-28 09:49:08.003182388,100025,251,100013,251,100027,247,99978,247,100045,247,99962,247,100066,100,99932,100,100092,100,99907,100,100122,100,99897,100,100130,100,99881,100,100131,100,99878,200,100137,100,99866,100,100238,100,99841,100
2019-06-28 09:49:10.000000000,100025,189,100013,189,100027,189,99978,189,100045,189,99962,189,100066,189,99932,189,100092,189,99907,189,100122,100,99897,100,100130,100,99881,100,100131,100,99878,200,100137,100,99866,100,100238,100,99841,100
2019-06-28 09:49:20.000000000,100025,544,100013,544,100027,100,99978,100,100045,100,99962,100,100066,100,99932,100,100092,100,99907,100,100122,100,99897,100,100130,100,99881,100,100131,100,99878,200,100137,100,99866,100,100238,100,99841,100
2019-06-28 09:49:28.516581166,100025,544,100013,544,100027,100,99978,100,100045,100,99962,100,100066,100,99932,100,100092,100,99907,100,100130,100,99897,100,100131,100,99881,100,100137,100,99878,200,100238,100,99866,100,100240,100,99841,100
2019-06-28 09:49:30.000000000,100025,189,100013,189,100027,189,99978,189,100045,189,99962,189,100066,189,99932,189,100092,189,99907,189,100130,100,99897,100,100131,100,99881,100,100137,100,99878,200,100238,100,99866,100,100240,100,99841,100
2019-06-28 09:49:40.000000000,100025,544,100013,544,100027,100,99978,100,100045,100,99962,100,100066,100,99932,100,100092,100,99907,100,100130,100,99897,100,100131,100,99881,100,100137,100,99878,200,100238,100,99866,100,100240,100,99841,100
2019-06-28 09:49:50.000000000,100025,211,100013,211,100027,211,99978,211,100045,211,99962,211,100066,211,99932,211,100092,100,99907,100,100130,100,99897,100,100131,100,99881,100,100137,100,99878,200,100238,100,99866,100,100240,100,99841,100
2019-06-28 09:50:00.000000000,100025,322,100013,322,100027,322,99978,322,100045,100,99962,100,100066,100,99932,100,100092,100,99907,100,100130,100,99897,100,100131,100,99881,100,100137,100,99878,200,100238,100,99866,100,100240,100,99841,100
2019-06-28 09:50:00.239921698,100025,322,100013,222,100027,322,99978,322,100045,100,99962,100,100066,100,99932,100,100092,100,99907,100,100130,100,99897,100,100137,100,99881,100,100238,100,99878,200,100240,100,99866,100,,,99841,100
2019-06-28 09:50:02.677238088,100025,322,100013,222,100027,322,99978,322,100045,100,99962,100,100066,100,99932,100,100092,100,99907,100,100137,100,99897,100,100238,100,99881,100,100240,100,99878,200,,,99866,100,,,99841,100
2019-06-28 09:50:08.483987668,100025,222,100013,222,100027,322,99978,322,100045,100,99962,100,100066,100,99932,100,100092,100,99907,100,100137,100,99897,100,100238,100,99881,100,100240,100,99878,200,,,99866,100,,,99841,100
2019-06-28 09:50:10.000000000,100027,322,99978,322,100045,322,99962,322,100066,100,99932,100,100092,100,99907,100,100137,100,99897,100,100238,100,99881,100,100240,100,99878,200,,,99866,100,,,99841,100,,,99773,100
2019-06-28 09:50:18.368720623,100027,322,99978,222,100045,322,99962,322,100066,100,99932,100,100092,100,99907,100,100137,100,99897,100,100238,100,99881,100,100240,100,99878,200,,,99866,100,,,99841,100,,,99773,100
2019-06-28 09:50:20.000000000,100027,189,99962,189,100045,189,99932,189,100066,189,99907,189,100092,189,99897,189,100137,189,99881,189,100238,100,99878,200,100240,100,99866,100,,,99841,100,,,99773,100,,,99748,100
2019-06-28 09:50:30.000000000,100027,544,99962,544,100045,100,99932,100,100066,100,99907,100,100092,100,99897,100,100137,100,99881,100,100238,100,99878,200,100240,100,99866,100,,,99841,100,,,99773,100,,,99748,100
2019-06-28 09:50:40.000000000,100027,322,99962,322,100045,322,99932,322,100066,100,99907,100,100092,100,99897,100,100137,100,99881,100,100238,100,99878,200,100240,100,99866,100,,,99841,100,,,99773,100,,,99748,100
2019-06-28 09:50:50.000000000,100027,211,99962,211,100045,211,99932,211,100066,211,99907,211,100092,211,99897,211,100137,100,99881,100,100238,100,99878,200,100240,100,99866,100,,,99841,100,,,99773,100,,,99748,100
2019-06-28 09:51:00.000000000,100027,251,99962,251,100045,247,99932,247,100066,247,99907,247,100092,100,99897,100,100137,100,99881,100,100238,100,99878,200,100240,100,99866,100,,,99841,100,,,99773,100,,,99748,100
2019-06-28 09:51:10.000000000,100027,322,99962,322,100045,322,99932,322,100066,100,99907,100,100092,100,99897,100,100137,100,99881,100,100238,100,99878,200,100240,100,99866,100,,,99841,100,,,99773,100,,,99748,100
2019-06-28 09:51:20.000000000,100027,211,99962,211,100045,211,99932,211,100066,211,99907,211,100092,211,99897,211,100137,100,99881,100,100238,100,99878,200,100240,100,99866,100,,,99841,100,,,99773,100,,,99748,100
2019-06-28 09:51:30.000000000,100027,251,99962,251,100045,247,99932,247,100066,247,99907,247,100092,100,99897,100,100137,100,99881,100,100238,100,99878,200,100240,100,99866,100,,,99841,100,,,99773,100,,,99748,100
2019-06-28 09:51:37.308883021,100027,251,99962,151,100045,247,99932,247,100066,247,99907,247,100092,100,99897,100,100137,100,99881,100,100238,100,99878,200,100240,100,99866,100,,,99841,100,,,99773,100,,,99748,100
2019-06-28 09:51:40.000000000,100027,251,99932,251,100045,247,99907,247,100066,247,99897,247,100092,100,99881,100,100137,100,99878,200,100238,100,99866,100,100240,100,99841,100,,,99773,100,,,99748,100,,,99579,100
2019-06-28 09:51:41.894538536,100027,251,99932,151,100045,247,99907,247,100066,247,99897,247,100092,100,99881,100,100137,100,99878,200,100238,100,99866,100,,,99841,100,,,99773,100,,,99748,100,,,99579,100
2019-06-28 09:51:48.255963147,100027,251,99932,51,100045,247,99907,247,100066,247,99897,247,100092,100,99881,100,100137,100,99878,200,100238,100,99866,100,,,99841,100,,,99773,100,,,99748,100,,,99579,100
2019-06-28 09:51:50.000000000,100027,189,99907,189,100045,189,99897,189,100066,189,99881,189,100092,189,99878,289,100137,189,99866,189,100238,100,99841,100,,,99773,100,,,99748,100,,,99579,100,,,99498,100
2019-06-28 09:51:54.052764308,100027,189,99907,89,100045,189,99897,189,100066,189,99881,189,100092,189,99878,289,100137,189,99866,189,100238,100,99841,100,,,99773,100,,,99748,100,,,99579,100,,,99498,100
2019-06-28 09:52:00.000000000,100027,544,99897,544,100045,100,99881,100,100066,100,99878,200,100092,100,99866,100,100137,100,99841,100,100238,100,99773,100,,,99748,100,,,99579,100,,,99498,100,,,99386,100
2019-06-28 09:52:10.000000000,100027,322,99897,322,100045,322,99881,322,100066,100,99878,200,100092,100,99866,100,100137,100,99841,100,100238,100,99773,100,,,99748,100,,,99579,100,,,99498,100,,,99386,100
2019-06-28 09:52:20.000000000,100027,211,99897,211,100045,211,99881,211,100066,211,99878,311,100092,211,99866,211,100137,100,99841,100,100238,100,99773,100,,,99748,100,,,99579,100,,,99498,100,,,99386,100
2019-06-28 09:52:30.000000000,100027,189,99897,189,100045,189,99881,189,100066,189,99878,289,100092,189,99866,189,100137,189,99841,189,100238,100,99773,100,,,99748,100,,,99579,100,,,99498,100,,,99386,100
2019-06-28 09:52:40.000000000,100027,251,99897,251,100045,247,99881,247,100066,247,99878,347,100092,100,99866,100,100137,100,99841,100,100238,100,99773,100,,,99748,100,,,99579,100,,,99498,100,,,99386,100
2019-06-28 09:52:50.000000000,100027,211,99897,211,100045,211,99881,211,100066,211,99878,311,100092,211,99866,211,100137,100,99841,100,100238,100,99773,100,,,99748,100,,,99579,100,,,99498,100,,,99386,100
2019-06-28 09:52:58.050036643,100027,211,99897,211,100045,211,99881,211,100066,211,99878,311,100092,211,99866,211,100137,100,99841,100,100238,100,99773,100,,,99748,100,,,99579,100,,,99498,100,,,99386,100
2019-06-28 09:53:00.000000000,100027,322,99897,322,100045,322,99881,322,100066,100,99878,200,100092,100,99866,100,100137,100,99841,100,100238,100,99773,100,,,99748,100,,,99579,100,,,99498,100,,,99386,100
2019-06-28 09:53:09.083568597,99932,100,99897,322,100027,322,99881,322,100045,322,99878,200,100066,100,99866,100,100092,100,99841,100,100137,100,99773,100,100238,100,99748,100,,,99579,100,,,99498,100,,,99386,100
2019-06-28 09:53:10.000000000,99932,189,99897,189,100027,189,99881,189,100045,189,99878,289,100066,189,99866,189,100092,189,99841,189,100137,100,99773,100,100238,100,99748,100,,,99579,100,,,99498,100,,,99386,100
2019-06-28 09:53:20.000000000,99932,544,99897,544,100027,100,99881,100,100045,100,99878,200,100066,100,99866,100,100092,100,99841,100,100137,100,99773,100,100238,100,99748,100,,,99579,100,,,99498,100,,,99386,100
2019-06-28 09:53:30.000000000,99932,322,99897,322,100027,322,99881,322,100045,100,99878,200,100066,100,99866,100,100092,100,99841,100,100137,100,99773,100,100238,100,99748,100,,,99579,100,,,99498,100,,,99386,100
2019-06-28 09:53:40.000000000,99932,322,99897,322,100027,322,99881,322,100045,100,99878,200,100066,100,99866,100,100092,100,99841,100,100137,100,99773,100,100238,100,99748,100,,,99579,100,,,99498,100,,,99386,100
2019-06-28 09:53:47.850807010,99932,322,99897,322,100027,322,99885,100,100045,100,99881,322,100066,100,99878,200,100092,100,99866,100,100238,100,99841,100,,,99773,100,,,99748,100,,,99579,100,,,99498,100
2019-06-28 09:53:50.000000000,99932,544,99897,544,100027,100,99885,100,100045,100,99881,100,100066,100,99878,200,100092,100,99866,100,100238,100,99841,100,,,99773,100,,,99748,100,,,99579,100,,,99498,100
2019-06-28 09:53:57.945112498,99932,644,99897,544,100027,100,99885,100,100045,100,99881,100,100066,100,99878,200,100092,100,99866,100,100238,100,99841,100,,,99773,100,,,99748,100,,,99579,100,,,99498,100
2019-06-28 09:54:00.000000000,99932,644,99897,544,100027,100,99885,100,100045,100,99881,100,100066,100,99878,200,100092,100,99866,100,100238,100,99841,100,,,99773,100,,,99748,100,,,99579,100,,,99498,100
2019-06-28 09:54:10.000000000,99932,644,99897,544,100027,100,99885,100,100045,100,99881,100,100066,100,99878,200,100092,100,99866,100,100238,100,99841,100,,,99773,100,,,99748,100,,,99579,100,,,99498,100
2019-06-28 09:54:20.000000000,99932,311,99897,211,100027,211,99885,211,100045,211,99881,211,100066,211,99878,311,100092,100,99866,100,100238,100,99841,100,,,99773,100,,,99748,100,,,99579,100,,,99498,100
2019-06-28 09:54:21.736501508,99932,311,99897,211,100027,211,99885,211,100045,211,99881,211,100066,211,99878,311,100092,100,99866,100,100238,100,99841,100,,,99773,100,,,99748,100,,,99579,100,,,99498,100
2019-06-28 09:54:25.696035808,99932,311,99897,211,100024,100,99885,211,100027,211,99881,211,100045,211,99878,311,100066,211,99866,100,100092,100,99841,100,100238,100,99773,100,,,99748,100,,,99579,100,,,99498,100
2019-06-28 09:54:30.000000000,99932,351,99897,251,100024,247,99885,247,100027,247,99881,247,100045,100,99878,200,100066,100,99866,100,100092,100,99841,100,100238,100,99773,100,,,99748,100,,,99579,100,,,99498,100
2019-06-28 09:54:40.000000000,99932,422,99897,322,100024,322,99885,322,100027,100,99881,100,100045,100,99878,200,100066,100,99866,100,100092,100,99841,100,100238,100,99773,100,,,99748,100,,,99579,100,,,99498,100
2019-06-28 09:54:50.000000000,99932,644,99897,544,100024,100,99885,100,100027,100,99881,100,100045,100,99878,200,100066,100,99866,100,100092,100,99841,100,100238,100,99773,100,,,99748,100,,,99579,100,,,99498,100
2019-06-28 09:54:54.447312159,99932,544,99897,544,100024,100,99885,100,100027,100,99881,100,100045,100,99878,200,100066,100,99866,100,100092,100,99841,100,100238,100,99773,100,,,99748,100,,,99579,100,,,99498,100
2019-06-28 09:54:57.596527742,99932,444,99897,544,100024,100,99885,100,100027,100,99881,100,100045,100,99878,200,100066,100,99866,100,100092,100,99841,100,100238,100,99773,100,,,99748,100,,,99579,100,,,99498,100
2019-06-28 09:55:00.000000000,100024,322,99897,322,100027,322,99885,322,100045,100,99881,100,100066,100,99878,200,100092,100,99866,100,100238,100,99841,100,,,99773,100,,,99748,100,,,99579,100,,,99498,100
2019-06-28 09:55:10.000000000,100024,211,99897,211,100027,211,99885,211,100045,211,99881,211,100066,211,99878,311,100092,100,99866,100,100238,100,99841,100,,,99773,100,,,99748,100,,,99579,100,,,99498,100
2019-06-28 09:55:13.958973482,99942,100,99897,211,100024,211,99885,211,100027,211,99881,211,100045,211,99878,311,100066,211,99866,100,100092,100,99841,100,100238,100,99773,100,,,99579,100,,,99498,100,,,99386,100
2019-06-28 09:55:20.000000000,99942,189,99897,189,100024,189,99885,189,100027,189,99881,189,100045,189,99878,289,100066,189,99866,189,100092,100,99841,100,100238,100,99773,100,,,99579,100,,,99498,100,,,99386,100
2019-06-28 09:55:30.000000000,99942,322,99897,322,100024,322,99885,322,100027,100,99881,100,100045,100,99878,200,100066,100,99866,100,100092,100,99841,100,100238,100,99773,100,,,99579,100,,,99498,100,,,99386,100
2019-06-28 09:55:40.000000000,99942,189,99897,189,100024,189,99885,189,100027,189,99881,189,100045,189,99878,289,100066,189,99866,189,100092,100,99841,100,100238,100,99773,100,,,99579,100,,,99498,100,,,99386,100
2019-06-28 09:55:50.000000000,99942,322,99897,322,100024,322,99885,322,100027,100,99881,100,100045,100,99878,200,100066,100,99866,100,100092,100,99841,100,100238,100,99773,100,,,99579,100,,,99498,100,,,99386,100
2019-06-28 09:56:00.000000000,99942,322,99897,322,100024,322,99885,322,100027,100,99881,100,100045,100,99878,200,100066,100,99866,100,100092,100,99841,100,100238,100,99773,100,,,99579,100,,,99498,100,,,99386,100
2019-06-28 09:56:10.000000000,99942,189,99897,189,100024,189,99885,189,100027,189,99881,189,100045,189,99878,289,100066,189,99866,189,100092,100,99841,100,100238,100,99773,100,,,99579,100,,,99498,100,,,99386,100
2019-06-28 09:56:20.000000000,99942,322,99897,322,100024,322,99885,322,100027,100,99881,100,100045,100,99878,200,100066,100,99866,100,100092,100,99841,100,100238,100,99773,100,,,99579,100,,,99498,100,,,99386,100
2019-06-28 09:56:30.000000000,99942,251,99897,251,100024,247,99885,247,100027,247,99881,247,100045,100,99878,200,100066,100,99866,100,100092,100,99841,100,100238,100,99773,100,,,99579,100,,,99498,100,,,99386,100
2019-06-28 09:56:40.000000000,99942,189,99897,189,100024,189,99885,189,100027,189,99881,189,100045,189,99878,289,100066,189,99866,189,100092,100,99841,100,100238,100,99773,100,,,99579,100,,,99498,100,,,99386,100
2019-06-28 09:56:50.000000000,99942,211,99897,211,100024,211,99885,211,100027,211,99881,211,100045,211,99878,311,100066,100,99866,100,100092,100,99841,100,100238,100,99773,100,,,99579,100,,,99498,100,,,99386,100
2019-06-28 09:56:54.973646226,99942,211,99897,111,100024,211,99885,211,100027,211,99881,211,100045,211,99878,311,100066,100,99866,100,100092,100,99841,100,100238,100,99773,100,,,99579,100,,,99498,100,,,99386,100
2019-06-28 09:57:00.000000000,99942,251,99885,251,100024,247,99881,247,100027,247,99878,347,100045,100,99866,100,100066,100,99841,100,100092,100,99773,100,100238,100,99579,100,,,99498,100,,,99386,100,,,99160,100
2019-06-28 09:57:02.677166201,99942,251,99885,251,100024,247,99881,247,100027,247,99878,347,100045,100,99866,100,100066,100,99841,100,100092,100,99773,100,100238,100,99579,100,,,99498,100,,,99386,100,,,99160,100
2019-06-28 09:57:10.000000000,99942,251,99885,251,100024,247,99881,247,100027,247,99878,347,100045,100,99866,100,100066,100,99841,100,100092,100,99773,100,100238,100,99579,100,,,99498,100,,,99386,100,,,99160,100
2019-06-28 09:57:13.167772481,99942,251,99885,151,100024,247,99881,247,100027,247,99878,347,100045,100,99866,100,100066,100,99841,100,100092,100,99773,100,100238,100,99579,100,,,99498,100,,,99386,100,,,99160,100
2019-06-28 09:57:15.856882848,99942,251,99885,151,100024,247,99881,247,100027,247,99878,347,100045,100,99866,100,100066,100,99841,100,100092,100,99773,100,100238,100,99579,100,,,99498,100,,,99386,100,,,99160,100
2019-06-28 09:57:20.000000000,99942,544,99881,544,100024,100,99878,200,100027,100,99866,100,100045,100,99841,100,100066,100,99773,100,100092,100,99579,100,100238,100,99498,100,,,99386,100,,,99160,100,,,99081,100
2019-06-28 09:57:30.000000000,99942,189,99881,189,100024,189,99878,289,100027,189,99866,189,100045,189,99841,189,100066,189,99773,189,100092,100,99579,100,100238,100,99498,100,,,99386,100,,,99160,100,,,99081,100
2019-06-28 09:57:33.045407159,99942,189,99881,189,100024,189,99878,289,100027,189,99866,189,100045,189,99841,189,100066,189,99773,189,100092,100,99579,100,100238,100,99498,100,,,99386,100,,,99160,100,,,99081,100
2019-06-28 09:57:40.000000000,99942,544,99881,544,100024,100,99878,200,100027,100,99866,100,100045,100,99841,100,100066,100,99773,100,100092,100,99579,100,100238,100,99498,100,,,99386,100,,,99160,100,,,99081,100
2019-06-28 09:57:50.000000000,99942,189,99881,189,100024,189,99878,289,100027,189,99866,189,100045,189,99841,189,100066,189,99773,189,100092,100,99579,100,100238,100,99498,100,,,99386,100,,,99160,100,,,99081,100
2019-06-28 09:58:00.000000000,99942,211,99881,211,100024,211,99878,311,100027,211,99866,211,100045,211,99841,211,100066,100,99773,100,100092,100,99579,100,100238,100,99498,100,,,99386,100,,,99160,100,,,99081,100
2019-06-28 09:58:05.063734347,99942,211,99881,111,100024,211,99878,311,100027,211,99866,211,100045,211,99841,211,100066,100,99773,100,100092,100,99579,100,100238,100,99498,100,,,99386,100,,,99160,100,,,99081,100
2019-06-28 09:58:10.000000000,99942,544,99878,644,100024,100,99866,100,100027,100,99841,100,100045,100,99773,100,100066,100,99579,100,100092,100,99498,100,100238,100,99386,100,,,99160,100,,,99081,100,,,99077,100
2019-06-28 09:58:11.199352508,99942,544,99878,644,100024,100,99866,100,100027,100,99841,100,100045,100,99773,100,100066,100,99579,100,100092,100,99386,100,100238,100,99160,100,,,99081,100,,,99077,100,,,98997,100
2019-06-28 09:58:12.840541558,99942,544,99878,544,100024,100,99866,100,100027,100,99841,100,100045,100,99773,100,100066,100,99579,100,100092,100,99386,100,100238,100,99160,100,,,99081,100,,,99077,100,,,98997,100
2019-06-28 09:58:20.000000000,99942,322,99878,322,100024,322,99866,322,100027,100,99841,100,100045,100,99773,100,100066,100,99579,100,100092,100,99386,100,100238,100,99160,100,,,99081,100,,,99077,100,,,98997,100
2019-06-28 09:58:30.000000000,99942,322,99878,322,100024,322,99866,322,100027,100,99841,100,100045,100,99773,100,100066,100,99579,100,100092,100,99386,100,100238,100,99160,100,,,99081,100,,,99077,100,,,98997,100
2019-06-28 09:58:40.000000000,99942,211,99878,211,100024,211,99866,211,100027,211,99841,211,100045,211,99773,211,100066,100,99579,100,100092,100,99386,100,100238,100,99160,100,,,99081,100,,,99077,100,,,98997,100
2019-06-28 09:58:43.819419986,99942,211,99878,111,100024,211,99866,211,100027,211,99841,211,100045,211,99773,211,100066,100,99579,100,100092,100,99386,100,100238,100,99160,100,,,99081,100,,,99077,100,,,98997,100
2019-06-28 09:58:49.567484744,99942,211,99878,111,100024,211,99866,211,100027,211,99841,211,100045,211,99773,211,100066,100,99579,100,100092,100,99386,100,100238,100,99160,100,,,99081,100,,,99077,100,,,98997,100
2019-06-28 09:58:50.000000000,99942,251,99866,251,100024,247,99841,247,100027,247,99773,247,100045,100,99579,100,100066,100,99386,100,100092,100,99160,100,100238,100,99081,100,,,99077,100,,,98997,100,,,98982,100
2019-06-28 09:58:59.914758528,99942,251,99866,251,100024,247,99841,247,100027,247,99773,247,100045,100,99579,100,100066,100,99386,100,100092,100,99160,100,100238,100,99081,100,,,99077,100,,,99043,100,,,98997,100
2019-06-28 09:59:00.000000000,99942,251,99866,251,100024,247,99841,247,100027,247,99773,247,100045,100,99579,100,100066,100,99386,100,100092,100,99160,100,100238,100,99081,100,,,99077,100,,,99043,100,,,98997,100
2019-06-28 09:59:10.000000000,99942,322,99866,322,100024,322,99841,322,100027,100,99773,100,100045,100,99579,100,100066,100,99386,100,100092,100,99160,100,100238,100,99081,100,,,99077,100,,,99043,100,,,98997,100
2019-06-28 09:59:10.333509274,99878,100,99866,322,99942,322,99841,322,100024,322,99773,100,100027,100,99579,100,100045,100,99386,100,100066,100,99160,100,100092,100,99081,100,100238,100,99077,100,,,99043,100,,,98997,100
2019-06-28 09:59:11.202587269,99878,100,99866,322,99942,322,99841,322,100024,322,99773,100,100027,100,99579,100,100045,100,99386,100,100066,100,99160,100,100092,100,99081,100,100238,100,99077,100,,,99054,100,,,99043,100
2019-06-28 09:59:20.000000000,99878,251,99866,251,99942,247,99841,247,100024,247,99773,247,100027,100,99579,100,100045,100,99386,100,100066,100,99160,100,100092,100,99081,100,100238,100,99077,100,,,99054,100,,,99043,100
2019-06-28 09:59:30.000000000,99878,211,99866,211,99942,211,99841,211,100024,211,99773,211,100027,211,99579,211,100045,100,99386,100,100066,100,99160,100,100092,100,99081,100,100238,100,99077,100,,,99054,100,,,99043,100
2019-06-28 09:59:40.000000000,99878,189,99866,189,99942,189,99841,189,100024,189,99773,189,100027,189,99579,189,100045,189,99386,189,100066,100,99160,100,100092,100,99081,100,100238,100,99077,100,,,99054,100,,,99043,100
2019-06-28 09:59:40.094795870,99878,189,99866,189,99942,189,99841,189,100024,189,99773,189,100027,189,99579,189,100045,189,99386,189,100066,100,99160,100,100092,100,99121,100,100238,100,99081,100,,,99077,100,,,99054,100
2019-06-28 09:59:50.000000000,99878,189,99866,189,99942,189,99841,189,100024,189,99773,189,100027,189,99579,189,100045,189,99386,189,100066,100,99160,100,100092,100,99121,100,100238,100,99081,100,,,99077,100,,,99054,100
2019-06-28 10:00:00.000000000,99878,189,99866,189,99942,189,99841,189,100024,189,99773,189,100027,189,99579,189,100045,189,99386,189,100066,100,99160,100,100092,100,99121,100,100238,100,99081,100,,,99077,100,,,99054,100
2019-06-28 10:00:10.000000000,99878,251,99866,251,99942,247,99841,247,100024,247,99773,247,100027,100,99579,100,100045,100,99386,100,100066,100,99160,100,100092,100,99121,100,100238,100,99081,100,,,99077,100,,,99054,100
2019-06-28 10:00:16.733152207,99878,251,99866,251,99942,247,99841,247,100024,247,99773,247,100027,100,99579,100,100045,100,99386,100,100066,100,99252,100,100092,100,99160,100,100238,100,99121,100,,,99081,100,,,99077,100
2019-06-28 10:00:20.000000000,99878,322,99866,322,99942,322,99841,322,100024,100,99773,100,100027,100,99579,100,100045,100,99386,100,100066,100,99252,100,100092,100,99160,100,100238,100,99121,100,,,99081,100,,,99077,100
2019-06-28 10:00:30.000000000,99878,189,99866,189,99942,189,99841,189,100024,189,99773,189,100027,189,99579,189,100045,189,99386,189,100066,100,99252,100,100092,100,99160,100,100238,100,99121,100,,,99081,100,,,99077,100
2019-06-28 10:00:40.000000000,99878,544,99866,544,99942,100,99841,100,100024,100,99773,100,100027,100,99579,100,100045,100,99386,100,100066,100,99252,100,100092,100,99160,100,100238,100,99121,100,,,99081,100,,,99077,100
2019-06-28 10:00:41.920152579,99878,544,99866,544,99942,100,99841,100,100024,100,99773,100,100027,100,99579,100,100045,100,99386,100,100066,100,99252,100,100092,100,99160,100,100238,100,99121,100,,,99081,100,,,99077,100
2019-06-28 10:00:48.682073429,99878,544,99866,544,99942,100,99841,100,100024,100,99773,100,100027,100,99579,100,100045,100,99386,100,100066,100,99252,100,100092,100,99160,100,100238,100,99121,100,,,99081,100,,,99077,100
2019-06-28 10:00:50.000000000,99878,251,99866,251,99942,247,99841,247,100024,247,99773,247,100027,100,99579,100,100045,100,99386,100,100066,100,99252,100,100092,100,99160,100,100238,100,99121,100,,,99081,100,,,99077,100
2019-06-28 10:01:00.000000000,99878,544,99866,544,99942,100,99841,100,100024,100,99773,100,100027,100,99579,100,100045,100,99386,100,100066,100,99252,100,100092,100,99160,100,100238,100,99121,100,,,99081,100,,,99077,100
2019-06-28 10:01:10.000000000,99878,322,99866,322,99942,322,99841,322,100024,100,99773,100,100027,100,99579,100,100045,100,99386,100,100066,100,99252,100,100092,100,99160,100,100238,100,99121,100,,,99081,100,,,99077,100
2019-06-28 10:01:11.017642049,99878,422,99866,322,99942,322,99841,322,100024,100,99773,100,100027,100,99579,100,100045,100,99386,100,100066,100,99252,100,100092,100,99160,100,100238,100,99121,100,,,99081,100,,,99077,100
2019-06-28 10:01:20.000000000,99878,351,99866,251,99942,247,99841,247,100024,247,99773,247,100027,100,99579,100,100045,100,99386,100,100066,100,99252,100,100092,100,99160,100,100238,100,99121,100,,,99081,100,,,99077,100
2019-06-28 10:01:28.273490681,99878,451,99866,251,99942,247,99841,247,100024,247,99773,247,100027,100,99579,100,100045,100,99386,100,100066,100,99252,100,100092,100,99160,100,100238,100,99121,100,,,99081,100,,,99077,100
2019-06-28 10:01:30.000000000,99878,522,99866,322,99942,322,99841,322,100024,100,99773,100,100027,100,99579,100,100045,100,99386,100,100066,100,99252,100,100092,100,99160,100,100238,100,99121,100,,,99081,100,,,99077,100
2019-06-28 10:01:35.034447485,99878,522,99866,322,99942,322,99841,322,100024,100,99773,100,100027,100,99579,100,100045,100,99386,100,100066,100,99252,100,100092,100,99121,100,100238,100,99081,100,,,99077,100,,,99054,100
2019-06-28 10:01:40.000000000,99878,522,99866,322,99942,322,99841,322,100024,100,99773,100,100027,100,99579,100,100045,100,99386,100,100066,100,99252,100,100092,100,99121,100,100238,100,99081,100,,,99077,100,,,99054,100
2019-06-28 10:01:50.000000000,99878,451,99866,251,99942,247,99841,247,100024,247,99773,247,100027,100,99579,100,100045,100,99386,100,100066,100,99252,100,100092,100,99121,100,100238,100,99081,100,,,99077,100,,,99054,100
2019-06-28 10:02:00.000000000,99878,744,99866,544,99942,100,99841,100,100024,100,99773,100,100027,100,99579,100,100045,100,99386,100,100066,100,99252,100,100092,100,99121,100,100238,100,99081,100,,,99077,100,,,99054,100
2019-06-28 10:02:03.035140326,99878,844,99866,544,99942,100,99841,100,100024,100,99773,100,100027,100,99579,100,100045,100,99386,100,100066,100,99252,100,100092,100,99121,100,100238,100,99081,100,,,99077,100,,,99054,100
2019-06-28 10:02:05.469177968,99878,944,99866,544,99942,100,99841,100,100024,100,99773,100,100027,100,99579,100,100045,100,99386,100,100066,100,99252,100,100092,100,99121,100,100238,100,99081,100,,,99077,100,,,99054,100
2019-06-28 10:02:09.791089320,99878,944,99866,544,99942,100,99841,100,100024,100,99773,100,100027,100,99579,100,100045,100,99386,100,100066,100,99252,100,100092,100,99121,100,100238,100,99081,100,,,99077,100,,,99063,100
2019-06-28 10:02:10.000000000,99878,611,99866,211,99942,211,99841,211,100024,211,99773,211,100027,211,99579,211,100045,100,99386,100,100066,100,99252,100,100092,100,99121,100,100238,100,99081,100,,,99077,100,,,99063,100
2019-06-28 10:02:20.000000000,99878,722,99866,322,99942,322,99841,322,100024,100,99773,100,100027,100,99579,100,100045,100,99386,100,100066,100,99252,100,100092,100,99121,100,100238,100,99081,100,,,99077,100,,,99063,100
2019-06-28 10:02:30.000000000,99878,611,99866,211,99942,211,99841,211,100024,211,99773,211,100027,211,99579,211,100045,100,99386,100,100066,100,99252,100,100092,100,99121,100,100238,100,99081,100,,,99077,100,,,99063,100
2019-06-28 10:02:31.784669560,99878,611,99866,11,99942,211,99841,211,100024,211,99773,211,100027,211,99579,211,100045,100,99386,100,100066,100,99252,100,100092,100,99121,100,100238,100,99081,100,,,99077,100,,,99063,100
2019-06-28 10:02:34.830979605,99877,100,99866,11,99878,611,99841,211,99942,211,99773,211,100024,211,99579,211,100027,211,99386,100,100045,100,99252,100,100066,100,99121,100,100092,100,99081,100,100238,100,99077,100,,,99063,100
2019-06-28 10:02:34.899805345,99877,100,99866,11,99878,611,99841,211,99942,211,99773,211,100024,211,99579,211,100027,211,99386,100,100045,100,99252,100,100066,100,99121,100,100092,100,99105,100,100238,100,99081,100,,,99077,100
2019-06-28 10:02:40.000000000,99877,211,99841,211,99878,611,99773,211,99942,211,99579,211,100024,211,99386,211,100027,100,99252,100,100045,100,99121,100,100066,100,99105,100,100092,100,99081,100,100238,100,99077,100,,,99063,100
2019-06-28 10:02:48.394151540,99877,211,99841,111,99878,611,99773,211,99942,211,99579,211,100024,211,99386,211,100027,100,99252,100,100045,100,99121,100,100066,100,99105,100,100092,100,99081,100,100238,100,99077,100,,,99063,100
2019-06-28 10:02:50.000000000,99877,251,99773,251,99878,647,99579,247,99942,247,99386,247,100024,100,99252,100,100027,100,99121,100,100045,100,99105,100,100066,100,99081,100,100092,100,99077,100,100238,100,99063,100,,,99054,100
2019-06-28 10:02:56.995051206,99877,251,99773,251,99878,647,99579,247,99942,247,99386,247,100024,100,99252,100,100027,100,99156,100,100045,100,99121,100,100092,100,99105,100,100238,100,99081,100,,,99077,100,,,99063,100
2019-06-28 10:03:00.000000000,99877,322,99773,322,99878,722,99579,322,99942,100,99386,100,100024,100,99252,100,100027,100,99156,100,100045,100,99121,100,100092,100,99105,100,100238,100,99081,100,,,99077,100,,,99063,100
2019-06-28 10:03:10.000000000,99877,322,99773,322,99878,722,99579,322,99942,100,99386,100,100024,100,99252,100,100027,100,99156,100,100045,100,99121,100,100092,100,99105,100,100238,100,99081,100,,,99077,100,,,99063,100
2019-06-28 10:03:12.612839795,99877,322,99773,322,99878,722,99579,322,99942,100,99386,100,100024,100,99298,100,100027,100,99252,100,100045,100,99156,100,100092,100,99121,100,100238,100,99105,100,,,99081,100,,,99063,100
2019-06-28 10:03:18.697247978,99877,322,99773,322,99878,722,99647,100,99942,100,99579,322,100024,100,99386,100,100027,100,99298,100,100045,100,99252,100,100092,100,99156,100,100238,100,99121,100,,,99105,100,,,99081,100
2019-06-28 10:03:20.000000000,99877,189,99773,189,99878,589,99647,189,99942,189,99579,189,100024,189,99386,189,100027,189,99298,189,100045,100,99252,100,100092,100,99156,100,100238,100,99121,100,,,99105,100,,,99081,100
2019-06-28 10:03:30.000000000,99877,251,99773,251,99878,647,99647,247,99942,247,99579,247,100024,100,99386,100,100027,100,99298,100,100045,100,99252,100,100092,100,99156,100,100238,100,99121,100,,,99105,100,,,99081,100
2019-06-28 10:03:30.563138350,99866,100,99773,251,99877,251,99647,247,99878,647,99579,247,99942,247,99386,100,100024,100,99298,100,100027,100,99252,100,100045,100,99156,100,100092,100,99121,100,100238,100,99105,100,,,99081,100
2019-06-28 10:03:40.000000000,99866,322,99773,322,99877,322,99647,322,99878,500,99579,100,99942,100,99386,100,100024,100,99298,100,100027,100,99252,100,100045,100,99156,100,100092,100,99121,100,100238,100,99105,100,,,99081,100
2019-06-28 10:03:41.508673219,99866,322,99773,222,99877,322,99647,322,99878,500,99579,100,99942,100,99386,100,100024,100,99298,100,100027,100,99252,100,100045,100,99156,100,100092,100,99121,100,100238,100,99105,100,,,99081,100
2019-06-28 10:03:43.392364786,99866,322,99773,122,99877,322,99647,322,99878,500,99579,100,99942,100,99386,100,100024,100,99298,100,100027,100,99252,100,100045,100,99156,100,100092,100,99121,100,100238,100,99105,100,,,99081,100
2019-06-28 10:03:47.154841042,99866,322,99773,122,99877,322,99647,322,99878,500,99579,100,99942,100,99546,100,100024,100,99386,100,100027,100,99298,100,100045,100,99252,100,100092,100,99156,100,100238,100,99121,100,,,99105,100
2019-06-28 10:03:50.000000000,99866,189,99647,189,99877,189,99579,189,99878,589,99546,189,99942,189,99386,189,100024,189,99298,189,100027,100,99252,100,100045,100,99156,100,100092,100,99121,100,100238,100,99105,100,,,99081,100
2019-06-28 10:04:00.000000000,99866,544,99647,544,99877,100,99579,100,99878,500,99546,100,99942,100,99386,100,100024,100,99298,100,100027,100,99252,100,100045,100,99156,100,100092,100,99121,100,100238,100,99105,100,,,99081,100
2019-06-28 10:04:03.932288489,99866,544,99647,444,99877,100,99579,100,99878,500,99546,100,99942,100,99386,100,100024,100,99298,100,100027,100,99252,100,100045,100,99156,100,100092,100,99121,100,100238,100,99105,100,,,99081,100
2019-06-28 10:04:07.573204479,99866,544,99647,344,99877,100,99579,100,99878,500,99546,100,99942,100,99386,100,100024,100,99298,100,100027,100,99252,100,100045,100,99156,100,100092,100,99121,100,100238,100,99105,100,,,99081,100
2019-06-28 10:04:10.000000000,99866,211,99579,211,99877,211,99546,211,99878,611,99386,211,99942,211,99298,211,100024,100,99252,100,100027,100,99156,100,100045,100,99121,100,100092,100,99105,100,100238,100,99081,100,,,99063,100
2019-06-28 10:04:16.041489784,99866,211,99579,111,99877,211,99546,211,99878,611,99386,211,99942,211,99298,211,100024,100,99252,100,100027,100,99156,100,100045,100,99121,100,100092,100,99105,100,100238,100,99081,100,,,99063,100
2019-06-28 10:04:18.676164033,99866,211,99579,111,99877,211,99546,211,99878,611,99424,100,99942,111,99386,211,100024,100,99298,211,100027,100,99252,100,100045,100,99156,100,100092,100,99121,100,100238,100,99105,100,,,99081,100
2019-06-28 10:04:19.641587438,99866,211,99579,111,99877,211,99546,211,99878,611,99433,100,99942,111,99424,100,100024,100,99386,211,100027,100,99298,211,100045,100,99252,100,100092,100,99156,100,100238,100,99121,100,,,99105,100
2019-06-28 10:04:20.000000000,99866,211,99546,211,99877,211,99433,211,99878,611,99424,211,100024,211,99386,211,100027,100,99298,100,100045,100,99252,100,100092,100,99156,100,100238,100,99121,100,,,99105,100,,,99081,100
2019-06-28 10:04:30.000000000,99866,189,99546,189,99877,189,99433,189,99878,589,99424,189,100024,189,99386,189,100027,189,99298,189,100045,100,99252,100,100092,100,99156,100,100238,100,99121,100,,,99105,100,,,99081,100
2019-06-28 10:04:40.000000000,99866,211,99546,211,99877,211,99433,211,99878,611,99424,211,100024,211,99386,211,100027,100,99298,100,100045,100,99252,100,100092,100,99156,100,100238,100,99121,100,,,99105,100,,,99081,100
2019-06-28 10:04:49.291012283,99866,211,99546,211,99877,211,99433,211,99878,611,99424,211,99949,100,99386,211,100024,211,99298,100,100027,100,99252,100,100045,100,99156,100,100092,100,99121,100,100238,100,99105,100,,,99063,100
2019-06-28 10:04:50.000000000,99866,211,99546,211,99877,211,99433,211,99878,611,99424,211,99949,211,99386,211,100024,100,99298,100,100027,100,99252,100,100045,100,99156,100,100092,100,99121,100,100238,100,99105,100,,,99063,100
2019-06-28 10:05:00.000000000,99866,251,99546,251,99877,247,99433,247,99878,647,99424,247,99949,100,99386,100,100024,100,99298,100,100027,100,99252,100,100045,100,99156,100,100092,100,99121,100,100238,100,99105,100,,,99063,100
2019-06-28 10:05:04.198378553,99866,251,99582,100,99877,247,99546,251,99878,647,99433,247,99949,100,99424,247,100024,100,99386,100,100027,100,99298,100,100045,100,99252,100,100092,100,99156,100,100238,100,99121,100,,,99105,100
2019-06-28 10:05:09.340950285,99865,100,99582,100,99866,251,99546,251,99877,247,99433,247,99878,647,99424,147,99949,100,99386,100,100024,100,99298,100,100027,100,99252,100,100045,100,99156,100,100092,100,99121,100,100238,100,99105,100
2019-06-28 10:05:10.000000000,99865,322,99582,322,99866,322,99546,322,99877,100,99433,100,99878,500,99386,100,99949,100,99298,100,100024,100,99252,100,100027,100,99156,100,100045,100,99121,100,100092,100,99105,100,100238,100,99063,100
2019-06-28 10:05:20.000000000,99865,544,99582,544,99866,100,99546,100,99877,100,99433,100,99878,500,99386,100,99949,100,99298,100,100024,100,99252,100,100027,100,99156,100,100045,100,99121,100,100092,100,99105,100,100238,100,99063,100
2019-06-28 10:05:21.383840247,99865,544,99582,544,99866,100,99580,100,99877,100,99546,100,99878,500,99433,100,99949,100,99386,100,100024,100,99298,100,100027,100,99252,100,100045,100,99156,100,100092,100,99121,100,100238,100,99105,100
2019-06-28 10:05:30.000000000,99865,251,99582,251,99866,247,99580,247,99877,247,99546,247,99878,500,99433,100,99949,100,99386,100,100024,100,99298,100,100027,100,99252,100,100045,100,99156,100,100092,100,99121,100,100238,100,99105,100
2019-06-28 10:05:40.000000000,99865,251,99582,251,99866,247,99580,247,99877,247,99546,247,99878,500,99433,100,99949,100,99386,100,100024,100,99298,100,100027,100,99252,100,100045,100,99156,100,100092,100,99121,100,100238,100,99105,100
2019-06-28 10:05:43.920990023,99865,251,99582,251,99866,247,99580,247,99877,247,99546,247,99878,500,99433,100,99949,100,99386,100,100024,100,99298,100,100027,100,99252,100,100045,100,99235,100,100092,100,99156,100,100238,100,99121,100
2019-06-28 10:05:46.042017693,99865,251,99582,251,99866,247,99580,247,99877,247,99546,247,99878,500,99433,100,99949,100,99386,100,100024,100,99298,100,100027,100,99252,100,100045,100,99235,100,100092,100,99191,100,100238,100,99156,100
2019-06-28 10:05:50.000000000,99865,544,99582,544,99866,100,99580,100,99877,100,99546,100,99878,500,99433,100,99949,100,99386,100,100024,100,99298,100,100027,100,99252,100,100045,100,99235,100,100092,100,99191,100,100238,100,99156,100
2019-06-28 10:06:00.000000000,99865,211,99582,211,99866,211,99580,211,99877,211,99546,211,99878,611,99433,211,99949,100,99386,100,100024,100,99298,100,100027,100,99252,100,100045,100,99235,100,100092,100,99191,100,100238,100,99156,100
2019-06-28 10:06:10.000000000,99865,251,99582,251,99866,247,99580,247,99877,247,99546,247,99878,500,99433,100,99949,100,99386,100,100024,100,99298,100,100027,100,99252,100,100045,100,99235,100,100092,100,99191,100,100238,100,99156,100
2019-06-28 10:06:20.000000000,99865,251,99582,251,99866,247,99580,247,99877,247,99546,247,99878,500,99433,100,99949,100,99386,100,100024,100,99298,100,100027,100,99252,100,100045,100,99235,100,100092,100,99191,100,100238,100,99156,100
2019-06-28 10:06:30.000000000,99865,189,99582,189,99866,189,99580,189,99877,189,99546,189,99878,589,99433,189,99949,189,99386,189,100024,100,99298,100,100027,100,99252,100,100045,100,99235,100,100092,100,99191,100,100238,100,99156,100
2019-06-28 10:06:34.349586460,99865,189,99582,189,99866,189,99580,189,99877,189,99546,189,99878,589,99433,189,99949,189,99386,189,100024,100,99298,100,100027,100,99254,100,100045,100,99252,100,100092,100,99235,100,100238,100,99191,100
2019-06-28 10:06:40.000000000,99865,251,99582,251,99866,247,99580,247,99877,247,99546,247,99878,500,99433,100,99949,100,99386,100,100024,100,99298,100,100027,100,99254,100,100045,100,99252,100,100092,100,99235,100,100238,100,99191,100
2019-06-28 10:06:49.785959341,99865,251,99582,251,99866,247,99580,247,99877,247,99546,247,99878,500,99433,100,99949,100,99386,100,100024,100,99298,100,100027,100,99268,100,100045,100,99254,100,100092,100,99252,100,100238,100,99235,100
2019-06-28 10:06:50.000000000,99865,189,99582,189,99866,189,99580,189,99877,189,99546,189,99878,589,99433,189,99949,189,99386,189,100024,100,99298,100,100027,100,99268,100,100045,100,99254,100,100092,100,99252,100,100238,100,99235,100
2019-06-28 10:06:51.908262211,99647,100,99582,189,99865,189,99580,189,99866,189,99546,189,99877,189,99433,189,99878,589,99386,189,99949,189,99298,100,100024,100,99268,100,100027,100,99254,100,100045,100,99252,100,100092,100,99235,100
2019-06-28 10:06:54.573500366,99647,100,99582,189,99865,189,99580,289,99866,189,99546,189,99877,189,99433,189,99878,489,99386,189,99949,189,99298,100,100024,100,99268,100,100027,100,99254,100,100045,100,99252,100,100092,100,99235,100
2019-06-28 10:07:00.000000000,99647,189,99582,189,99865,189,99580,289,99866,189,99546,189,99877,189,99433,189,99878,489,99386,189,99949,100,99298,100,100024,100,99268,100,100027,100,99254,100,100045,100,99252,100,100092,100,99235,100
2019-06-28 10:07:08.582651240,99647,189,99582,189,99865,189,99580,289,99866,189,99546,189,99877,189,99433,189,99878,489,99386,189,99949,100,99329,100,100024,100,99298,100,100027,100,99268,100,100045,100,99254,100,100092,100,99252,100
2019-06-28 10:07:10.000000000,99647,251,99582,251,99865,247,99580,347,99866,247,99546,247,99877,100,99433,100,99878,400,99386,100,99949,100,99329,100,100024,100,99298,100,100027,100,99268,100,100045,100,99254,100,100092,100,99252,100
2019-06-28 10:07:20.000000000,99647,251,99582,251,99865,247,99580,347,99866,247,99546,247,99877,100,99433,100,99878,400,99386,100,99949,100,99329,100,100024,100,99298,100,100027,100,99268,100,100045,100,99254,100,100092,100,99252,100
2019-06-28 10:07:30.000000000,99647,544,99582,544,99865,100,99580,200,99866,100,99546,100,99877,100,99433,100,99878,400,99386,100,99949,100,99329,100,100024,100,99298,100,100027,100,99268,100,100045,100,99254,100,100092,100,99252,100
2019-06-28 10:07:34.266298829,99647,544,99582,444,99865,100,99580,200,99866,100,99546,100,99877,100,99433,100,99878,400,99386,100,99949,100,99329,100,100024,100,99298,100,100027,100,99268,100,100045,100,99254,100,100092,100,99252,100
2019-06-28 10:07:40.000000000,99647,251,99580,351,99865,247,99546,247,99866,247,99433,247,99877,100,99386,100,99878,400,99329,100,99949,100,99298,100,100024,100,99268,100,100027,100,99254,100,100045,100,99252,100,100092,100,99235,100
2019-06-28 10:07:50.000000000,99647,544,99580,644,99865,100,99546,100,99866,100,99433,100,99877,100,99386,100,99878,400,99329,100,99949,100,99298,100,100024,100,99268,100,100027,100,99254,100,100045,100,99252,100,100092,100,99235,100
2019-06-28 10:07:53.923774699,99647,544,99580,544,99865,100,99546,100,99866,100,99433,100,99877,100,99386,100,99878,400,99329,100,99949,100,99298,100,100024,100,99268,100,100027,100,99254,100,100045,100,99252,100,100092,100,99235,100
2019-06-28 10:07:53.943910671,99647,544,99580,444,99865,100,99546,100,99866,100,99433,100,99877,100,99386,100,99878,400,99329,100,99949,100,99298,100,100027,100,99268,100,100045,100,99254,100,100092,100,99252,100,100238,100,99235,100
2019-06-28 10:07:54.148370525,99647,544,99580,344,99865,100,99546,100,99866,100,99433,100,99877,100,99386,100,99878,400,99329,100,99949,100,99298,100,100027,100,99268,100,100045,100,99254,100,100092,100,99252,100,100238,100,99235,100
2019-06-28 10:08:00.000000000,99647,211,99546,211,99865,211,99433,211,99866,211,99386,211,99877,211,99329,211,99878,400,99298,100,99949,100,99268,100,100027,100,99254,100,100045,100,99252,100,100092,100,99235,100,100238,100,99156,100
2019-06-28 10:08:10.000000000,99647,189,99546,189,99865,189,99433,189,99866,189,99386,189,99877,189,99329,189,99878,489,99298,189,99949,100,99268,100,100027,100,99254,100,100045,100,99252,100,100092,100,99235,100,100238,100,99156,100
2019-06-28 10:08:16.544825548,99647,189,99546,89,99865,189,99433,189,99866,189,99386,189,99877,189,99329,189,99878,489,99298,189,99949,100,99268,100,100027,100,99252,100,100045,100,99235,100,100092,100,99156,100,100238,100,99121,100
2019-06-28 10:08:20.000000000,99647,322,99433,322,99865,322,99386,322,99866,100,99329,100,99877,100,99298,100,99878,400,99268,100,99949,100,99252,100,100027,100,99235,100,100045,100,99156,100,100092,100,99121,100,100238,100,99105,100
