,ask_price_1,ask_size_1,bid_price_1,bid_size_1,ask_price_2,ask_size_2,bid_price_2,bid_size_2,ask_price_3,ask_size_3,bid_price_3,bid_size_3,ask_price_4,ask_size_4,bid_price_4,bid_size_4,ask_price_5,ask_size_5,bid_price_5,bid_size_5,ask_price_6,ask_size_6,bid_price_6,bid_size_6,ask_price_7,ask_size_7,bid_price_7,bid_size_7,ask_price_8,ask_size_8,bid_price_8,bid_size_8,ask_price_9,ask_size_9,bid_price_9,bid_size_9,ask_price_10,ask_size_10,bid_price_10,bid_size_10
2019-06-28 09:30:00.000000000,,,99857,100,,,,,,,,,,,,,,,,,,,,,,,,,,,,,,,,,,,,
2019-06-28 09:30:00.000000002,100084,100,99857,100,100168,100,,,,,,,,,,,,,,,,,,,,,,,,,,,,,,,,,,
2019-06-28 09:30:00.000000004,100084,100,100042,100,100168,100,99857,100,,,,,,,,,,,,,,,,,,,,,,,,,,,,,,,,
2019-06-28 09:30:00.000000008,100084,100,100042,100,100168,100,99889,100,,,99857,100,,,,,,,,,,,,,,,,,,,,,,,,,,,,
2019-06-28 09:30:00.000000012,100084,100,100042,100,100168,100,99986,100,,,99889,100,,,99857,100,,,,,,,,,,,,,,,,,,,,,,,,
2019-06-28 09:30:00.000000013,100084,100,99986,100,100168,100,99889,100,,,99857,100,,,,,,,,,,,,,,,,,,,,,,,,,,,,
2019-06-28 09:30:00.000000015,100041,100,99986,100,100084,100,99889,100,100168,100,99857,100,,,,,,,,,,,,,,,,,,,,,,,,,,,,
2019-06-28 09:30:00.000000016,100041,100,99989,100,100084,100,99986,100,100168,100,99961,100,,,99941,100,,,99889,100,,,99857,100,,,,,,,,,,,,,,,,
2019-06-28 09:30:00.000000017,100041,100,99989,100,100084,100,99986,100,100168,100,99969,100,,,99961,100,,,99941,100,,,99889,100,,,99857,100,,,,,,,,,,,,
2019-06-28 09:30:00.000000019,100041,100,99989,100,100084,100,99986,100,100168,100,99969,100,,,99961,100,,,99941,100,,,99936,100,,,99889,100,,,99857,100,,,,,,,,
2019-06-28 09:30:00.000000020,100041,100,99999,100,100084,100,99989,100,100168,100,99986,100,,,99969,100,,,99961,100,,,99941,100,,,99936,100,,,99889,100,,,99857,100,,,,
2019-06-28 09:30:00.000000021,100084,100,99999,100,100168,100,99989,100,,,99986,100,,,99969,100,,,99961,100,,,99941,100,,,99936,100,,,99889,100,,,99857,100,,,,
2019-06-28 09:30:00.000000022,100076,100,100002,100,100084,100,99999,100,100087,100,99989,100,100168,100,99986,100,,,99969,100,,,99961,100,,,99941,100,,,99936,100,,,99889,100,,,99857,100
2019-06-28 09:30:00.000000026,100076,100,100002,100,100084,100,99999,100,100087,100,99989,100,100168,100,99986,100,,,99969,100,,,99961,100,,,99941,100,,,99936,100,,,99889,100,,,99857,100
2019-06-28 09:30:00.000000028,100076,100,100002,100,100084,100,99999,100,100087,100,99989,100,100133,100,99986,100,100168,100,99969,100,,,99961,100,,,99941,100,,,99936,100,,,99889,100,,,99857,100
2019-06-28 09:30:00.000000030,100076,100,100041,100,100084,100,100002,100,100087,100,99999,100,100133,100,99989,100,100168,100,99986,100,,,99969,100,,,99961,100,,,99941,100,,,99936,100,,,99889,100
2019-06-28 09:30:00.000000031,100076,100,100002,100,100084,100,99999,100,100087,100,99989,100,100133,100,99986,100,100168,100,99969,100,,,99961,100,,,99941,100,,,99936,100,,,99889,100,,,99857,100
2019-06-28 09:30:00.000000036,100006,100,100002,100,100075,100,99999,100,100076,100,99989,100,100084,100,99986,100,100087,100,99969,100,100133,100,99961,100,100168,100,99941,100,,,99936,100,,,99889,100,,,99857,100
2019-06-28 09:30:00.000000037,100006,100,100002,100,100075,100,99999,100,100076,100,99989,100,100084,100,99986,100,100087,100,99969,100,100133,100,99961,100,100168,100,99941,100,,,99939,100,,,99936,100,,,99889,100
2019-06-28 09:30:00.000000038,100075,100,100002,100,100076,100,99999,100,100084,100,99989,100,100087,100,99986,100,100133,100,99969,100,100168,100,99961,100,,,99941,100,,,99939,100,,,99936,100,,,99889,100
2019-06-28 09:30:00.000000040,100075,100,99999,100,100076,100,99989,100,100084,100,99986,100,100087,100,99969,100,100133,100,99961,100,100168,100,99941,100,,,99939,100,,,99936,100,,,99889,100,,,99857,100
2019-06-28 09:30:00.000000042,100075,100,99999,100,100076,100,99989,100,100084,100,99986,100,100087,100,99969,100,100133,100,99961,100,100168,100,99941,100,,,99939,100,,,99936,100,,,99928,100,,,99889,100
2019-06-28 09:30:00.000000043,100038,100,99999,100,100075,100,99989,100,100076,100,99986,100,100084,100,99969,100,100087,100,99961,100,100133,100,99941,100,100168,100,99939,100,,,99936,100,,,99928,100,,,99889,100
2019-06-28 09:30:00.000000047,100038,100,99999,100,100075,100,99989,100,100076,100,99986,100,100084,100,99969,100,100087,100,99961,100,100120,100,99941,100,100133,100,99939,100,100168,100,99936,100,,,99928,100,,,99889,100
2019-06-28 09:30:00.000000049,100006,200,99999,100,100038,100,99989,100,100075,100,99986,100,100076,100,99969,100,100084,100,99961,100,100087,100,99941,100,100120,100,99939,100,100133,100,99936,100,100168,100,99928,100,,,99921,100
2019-06-28 09:30:00.000000051,100006,100,99999,100,100038,100,99989,100,100075,100,99986,100,100076,100,99969,100,100084,100,99961,100,100087,100,99941,100,100120,100,99939,100,100133,100,99936,100,100168,100,99928,100,,,99921,100
2019-06-28 09:30:00.000000053,100006,100,99999,100,100038,100,99989,100,100075,100,99986,100,100076,100,99969,100,100084,100,99961,100,100087,100,99941,100,100120,100,99939,100,100133,100,99936,100,100168,100,99928,100,,,99921,100
2019-06-28 09:30:00.000000054,100001,100,99999,100,100006,100,99989,100,100038,100,99986,100,100075,100,99969,100,100076,100,99961,100,100084,100,99941,100,100087,100,99939,100,100120,100,99936,100,100133,100,99928,100,100168,100,99921,100
2019-06-28 09:30:00.000000055,100001,100,99999,100,100006,100,99989,100,100009,100,99986,100,100038,100,99969,100,100075,100,99961,100,100076,100,99941,100,100084,100,99939,100,100087,100,99936,100,100120,100,99928,100,100133,100,99921,100
2019-06-28 09:30:00.000000056,100001,100,99999,100,100006,100,99989,100,100009,100,99986,100,100038,100,99969,100,100075,100,99961,100,100076,100,99941,100,100084,100,99939,100,100087,100,99936,100,100120,100,99928,100,100133,100,99921,100
2019-06-28 09:30:00.000000061,100001,100,99999,100,100006,100,99989,100,100009,100,99986,100,100038,100,99969,100,100075,200,99961,100,100076,100,99941,100,100084,100,99939,100,100087,100,99936,100,100120,100,99928,100,100133,100,99921,100
2019-06-28 09:30:00.000000062,100001,100,99999,100,100006,100,99989,100,100009,100,99986,100,100038,100,99969,100,100075,200,99961,100,100076,100,99956,100,100084,100,99941,100,100087,100,99939,100,100120,100,99936,100,100133,100,99928,100
2019-06-28 09:30:00.000000063,100001,100,99999,100,100006,100,99989,100,100009,100,99986,100,100038,100,99969,100,100075,200,99961,100,100076,100,99956,100,100084,100,99941,100,100087,100,99939,100,100120,100,99938,100,100133,100,99936,100
2019-06-28 09:30:00.000000064,100001,100,99999,100,100006,100,99989,100,100009,100,99986,100,100033,100,99969,100,100038,100,99961,100,100075,200,99956,100,100076,100,99941,100,100084,100,99939,100,100087,100,99938,100,100120,100,99936,100
2019-06-28 09:30:00.000000065,100001,100,99999,100,100006,100,99991,100,100009,100,99989,100,100033,100,99986,100,100038,100,99969,100,100075,200,99961,100,100076,100,99956,100,100084,100,99941,100,100087,100,99939,100,100120,100,99938,100
2019-06-28 09:30:00.000000068,100001,100,100000,100,100006,100,99999,100,100009,100,99991,100,100033,100,99989,100,100038,100,99986,100,100075,200,99969,100,100076,100,99961,100,100084,100,99956,100,100087,100,99941,100,100120,100,99939,100
2019-06-28 09:30:00.000000071,100001,100,100000,100,100006,100,99999,100,100009,100,99991,100,100033,100,99989,100,100038,100,99986,100,100075,200,99969,100,100076,100,99961,100,100084,100,99956,100,100087,100,99941,100,100120,100,99939,100
2019-06-28 09:30:00.000000073,100001,100,100000,100,100006,100,99999,100,100009,100,99991,100,100033,100,99989,100,100038,100,99986,100,100075,200,99969,100,100076,100,99961,100,100084,100,99956,100,100087,100,99941,100,100120,100,99939,100
2019-06-28 09:30:00.000000074,100001,100,100000,100,100006,100,99999,100,100009,100,99991,100,100033,100,99989,100,100038,100,99986,100,100075,200,99969,100,100076,100,99961,100,100084,100,99956,100,100087,100,99941,100,100120,100,99939,100
2019-06-28 09:30:00.000000076,100001,100,99999,100,100006,100,99991,100,100009,100,99989,100,100033,100,99986,100,100038,100,99969,100,100075,200,99961,100,100076,100,99956,100,100084,100,99941,100,100087,100,99939,100,100120,100,99938,100
2019-06-28 09:30:00.000000077,100001,100,99999,100,100005,100,99991,100,100006,100,99989,100,100009,100,99986,100,100033,100,99969,100,100038,100,99961,100,100075,200,99956,100,100076,100,99941,100,100084,100,99939,100,100087,100,99938,100
2019-06-28 09:30:00.000000078,100001,100,99999,100,100005,100,99991,100,100006,100,99989,100,100009,100,99986,100,100028,100,99969,100,100033,100,99961,100,100038,100,99956,100,100075,200,99941,100,100076,100,99939,100,100084,100,99938,100
2019-06-28 09:30:00.000000080,100001,100,99999,100,100005,100,99991,100,100006,100,99989,100,100009,100,99986,100,100028,100,99969,100,100033,100,99961,100,100038,100,99956,100,100075,200,99941,100,100076,100,99939,100,100084,100,99938,100
2019-06-28 09:30:00.000000083,100001,100,99999,100,100005,100,99991,100,100006,100,99989,100,100009,100,99986,100,100028,100,99969,100,100033,100,99961,100,100038,100,99956,100,100075,200,99941,100,100076,100,99939,100,100084,100,99938,100
2019-06-28 09:30:00.000000085,100005,100,99999,100,100006,100,99991,100,100009,100,99989,100,100028,100,99986,100,100033,100,99969,100,100038,100,99961,100,100075,200,99956,100,100076,100,99941,100,100084,100,99939,100,100087,100,99938,100
2019-06-28 09:30:00.000000087,100005,100,99999,100,100006,100,99991,100,100009,100,99989,100,100024,100,99986,100,100028,100,99969,100,100033,100,99961,100,100038,100,99956,100,100075,200,99941,100,100076,100,99939,100,100084,100,99938,100
2019-06-28 09:30:00.000000093,100005,100,99999,100,100006,100,99991,100,100009,100,99989,100,100024,100,99986,100,100028,100,99969,100,100033,100,99961,100,100038,100,99956,100,100047,100,99941,100,100075,300,99939,100,100076,100,99938,100
2019-06-28 09:30:00.000000096,100005,100,99999,100,100006,100,99991,100,100009,100,99989,100,100024,100,99986,100,100028,100,99969,100,100033,100,99961,100,100038,100,99956,100,100047,100,99941,100,100075,300,99939,100,100076,100,99938,100
2019-06-28 09:30:00.000000098,100005,100,99999,100,100006,100,99991,100,100009,100,99989,100,100024,100,99986,100,100028,100,99969,100,100033,100,99961,100,100038,100,99956,100,100047,100,99941,100,100075,300,99939,100,100076,100,99938,100
2019-06-28 09:30:03.062089267,100005,100,99999,100,100006,100,99991,100,100009,100,99989,100,100024,100,99986,100,100028,100,99969,100,100033,100,99961,100,100038,100,99941,100,100047,100,99939,100,100075,300,99938,100,100076,100,99936,100
2019-06-28 09:30:09.986678354,100005,100,99999,100,100006,100,99991,100,100009,100,99989,100,100024,100,99986,100,100028,100,99969,100,100033,100,99961,100,100038,100,99941,100,100047,100,99939,100,100075,200,99938,100,100076,100,99936,100
2019-06-28 09:30:10.000000000,100005,396,99999,396,100006,100,99991,100,100009,100,99989,100,100024,100,99986,100,100028,100,99969,100,100033,100,99961,100,100038,100,99941,100,100047,100,99939,100,100075,200,99938,100,100076,100,99936,100
2019-06-28 09:30:12.777791506,100005,396,99999,396,100006,100,99991,100,100009,100,99989,100,100024,100,99986,100,100028,100,99969,100,100033,100,99961,100,100038,100,99941,100,100047,100,99939,100,100075,200,99938,100,100076,100,99936,100
2019-06-28 09:30:20.000000000,100005,396,99999,396,100006,100,99991,100,100009,100,99989,100,100024,100,99986,100,100028,100,99969,100,100033,100,99961,100,100038,100,99941,100,100047,100,99939,100,100075,200,99938,100,100076,100,99936,100
2019-06-28 09:30:21.432986471,100005,396,99999,396,100006,100,99991,100,100009,100,99989,100,100024,100,99986,100,100028,100,99969,100,100033,100,99961,100,100038,100,99941,100,100041,100,99939,100,100047,100,99938,100,100075,200,99936,100
2019-06-28 09:30:30.000000000,100005,159,99999,159,100006,159,99991,159,100009,159,99989,159,100024,159,99986,159,100028,159,99969,159,100033,100,99961,100,100038,100,99941,100,100041,100,99939,100,100047,100,99938,100,100075,200,99936,100
2019-06-28 09:30:38.923709922,100005,159,99999,159,100006,159,99991,159,100009,159,99989,159,100024,159,99986,159,100028,159,99969,159,100033,100,99961,100,100038,100,99941,100,100041,100,99939,100,100047,100,99938,100,100075,200,99936,100
2019-06-28 09:30:40.000000000,100005,248,99999,248,100006,248,99991,248,100009,100,99989,100,100024,100,99986,100,100028,100,99969,100,100033,100,99961,100,100038,100,99941,100,100041,100,99939,100,100047,100,99938,100,100075,200,99936,100
2019-06-28 09:30:50.000000000,100005,248,99999,248,100006,248,99991,248,100009,100,99989,100,100024,100,99986,100,100028,100,99969,100,100033,100,99961,100,100038,100,99941,100,100041,100,99939,100,100047,100,99938,100,100075,200,99936,100
2019-06-28 09:31:00.000000000,100005,201,99999,201,100006,198,99991,198,100009,198,99989,198,100024,100,99986,100,100028,100,99969,100,100033,100,99961,100,100038,100,99941,100,100041,100,99939,100,100047,100,99938,100,100075,200,99936,100
2019-06-28 09:31:05.794923083,100005,201,100000,100,100006,198,99999,201,100009,198,99991,198,100024,100,99989,198,100028,100,99986,100,100033,100,99969,100,100038,100,99961,100,100041,100,99941,100,100047,100,99939,100,100075,200,99938,100
2019-06-28 09:31:10.000000000,100005,174,100000,174,100006,174,99999,174,100009,174,99991,174,100024,174,99989,174,100028,100,99986,100,100033,100,99969,100,100038,100,99961,100,100041,100,99941,100,100047,100,99939,100,100075,200,99938,100
2019-06-28 09:31:20.000000000,100005,396,100000,396,100006,100,99999,100,100009,100,99991,100,100024,100,99989,100,100028,100,99986,100,100033,100,99969,100,100038,100,99961,100,100041,100,99941,100,100047,100,99939,100,100075,200,99938,100
2019-06-28 09:31:30.000000000,100005,396,100000,396,100006,100,99999,100,100009,100,99991,100,100024,100,99989,100,100028,100,99986,100,100033,100,99969,100,100038,100,99961,100,100041,100,99941,100,100047,100,99939,100,100075,200,99938,100
2019-06-28 09:31:40.000000000,100005,248,100000,248,100006,248,99999,248,100009,100,99991,100,100024,100,99989,100,100028,100,99986,100,100033,100,99969,100,100038,100,99961,100,100041,100,99941,100,100047,100,99939,100,100075,200,99938,100
2019-06-28 09:31:49.680351975,100005,148,100000,248,100006,248,99999,248,100009,100,99991,100,100024,100,99989,100,100028,100,99986,100,100033,100,99969,100,100038,100,99961,100,100041,100,99941,100,100047,100,99938,100,100075,200,99936,100
2019-06-28 09:31:50.000000000,100006,248,100000,248,100009,248,99999,248,100024,100,99991,100,100028,100,99989,100,100033,100,99986,100,100038,100,99969,100,100041,100,99961,100,100047,100,99941,100,100075,200,99938,100,100076,100,99936,100
2019-06-28 09:32:00.000000000,100006,396,100000,396,100009,100,99999,100,100024,100,99991,100,100028,100,99989,100,100033,100,99986,100,100038,100,99969,100,100041,100,99961,100,100047,100,99941,100,100075,200,99938,100,100076,100,99936,100
2019-06-28 09:32:07.495825102,100006,396,100000,396,100009,100,99999,100,100024,100,99991,100,100028,100,99989,100,100033,100,99986,100,100038,100,99969,100,100041,100,99961,100,100047,100,99941,100,100075,200,99938,100,100076,100,99936,100
2019-06-28 09:32:10.000000000,100006,159,100000,159,100009,159,99999,159,100024,159,99991,159,100028,159,99989,159,100033,159,99986,159,100038,100,99969,100,100041,100,99961,100,100047,100,99941,100,100075,200,99938,100,100076,100,99936,100
2019-06-28 09:32:20.000000000,100006,201,100000,201,100009,198,99999,198,100024,198,99991,198,100028,100,99989,100,100033,100,99986,100,100038,100,99969,100,100041,100,99961,100,100047,100,99941,100,100075,200,99938,100,100076,100,99936,100
2019-06-28 09:32:22.955067661,100006,101,100000,201,100009,198,99999,198,100024,198,99991,198,100028,100,99989,100,100033,100,99986,100,100038,100,99969,100,100041,100,99961,100,100047,100,99941,100,100075,200,99938,100,100076,100,99936,100
2019-06-28 09:32:30.000000000,100009,248,100000,248,100024,248,99999,248,100028,100,99991,100,100033,100,99989,100,100038,100,99986,100,100041,100,99969,100,100047,100,99961,100,100075,200,99941,100,100076,100,99938,100,100084,100,99936,100
2019-06-28 09:32:40.000000000,100009,201,100000,201,100024,198,99999,198,100028,198,99991,198,100033,100,99989,100,100038,100,99986,100,100041,100,99969,100,100047,100,99961,100,100075,200,99941,100,100076,100,99938,100,100084,100,99936,100
2019-06-28 09:32:45.288648690,100009,101,100000,201,100024,198,99999,198,100028,198,99991,198,100033,100,99989,100,100038,100,99986,100,100041,100,99969,100,100047,100,99961,100,100075,200,99941,100,100076,100,99938,100,100084,100,99936,100
2019-06-28 09:32:50.000000000,100024,159,100000,159,100028,159,99999,159,100033,159,99991,159,100038,159,99989,159,100041,159,99986,159,100047,100,99969,100,100075,200,99961,100,100076,100,99941,100,100084,100,99938,100,100087,100,99936,100
2019-06-28 09:32:54.561040562,100024,59,100000,159,100028,159,99999,159,100033,159,99991,159,100038,159,99989,159,100041,159,99986,159,100047,100,99969,100,100075,200,99961,100,100076,100,99941,100,100084,100,99938,100,100087,100,99936,100
2019-06-28 09:32:58.878400270,100028,159,100024,41,100033,159,100000,159,100038,159,99999,159,100041,159,99991,159,100047,100,99989,159,100075,200,99986,159,100076,100,99969,100,100084,100,99961,100,100087,100,99941,100,100110,100,99938,100
2019-06-28 09:33:00.000000000,100028,201,100024,142,100033,198,100000,198,100038,198,99999,198,100041,100,99991,100,100047,100,99989,100,100075,200,99986,100,100076,100,99969,100,100084,100,99961,100,100087,100,99941,100,100110,100,99938,100
2019-06-28 09:33:10.000000000,100028,201,100024,142,100033,198,100000,198,100038,198,99999,198,100041,100,99991,100,100047,100,99989,100,100075,200,99986,100,100076,100,99969,100,100084,100,99961,100,100087,100,99941,100,100110,100,99938,100
2019-06-28 09:33:20.000000000,100028,201,100024,142,100033,198,100000,198,100038,198,99999,198,100041,100,99991,100,100047,100,99989,100,100075,200,99986,100,100076,100,99969,100,100084,100,99961,100,100087,100,99941,100,100110,100,99938,100
2019-06-28 09:33:21.163278380,100028,101,100024,142,100033,198,100000,198,100038,198,99999,198,100041,100,99991,100,100047,100,99989,100,100075,200,99986,100,100076,100,99969,100,100084,100,99961,100,100087,100,99941,100,100110,100,99938,100
2019-06-28 09:33:30.000000000,100033,248,100024,189,100038,248,100000,248,100041,100,99999,100,100047,100,99991,100,100075,200,99989,100,100076,100,99986,100,100084,100,99969,100,100087,100,99961,100,100110,100,99941,100,100120,100,99938,100
2019-06-28 09:33:40.000000000,100033,174,100024,115,100038,174,100000,174,100041,174,99999,174,100047,174,99991,174,100075,200,99989,100,100076,100,99986,100,100084,100,99969,100,100087,100,99961,100,100110,100,99941,100,100120,100,99938,100
2019-06-28 09:33:41.489651145,100033,74,100024,115,100038,174,100000,174,100041,174,99999,174,100047,174,99991,174,100075,200,99989,100,100076,100,99986,100,100084,100,99969,100,100087,100,99961,100,100110,100,99941,100,100120,100,99938,100
2019-06-28 09:33:50.000000000,100038,201,100024,142,100041,198,100000,198,100047,198,99999,198,100075,200,99991,100,100076,100,99989,100,100084,100,99986,100,100087,100,99969,100,100110,100,99961,100,100120,100,99941,100,100121,100,99938,100
2019-06-28 09:34:00.000000000,100038,248,100024,189,100041,248,100000,248,100047,100,99999,100,100075,200,99991,100,100076,100,99989,100,100084,100,99986,100,100087,100,99969,100,100110,100,99961,100,100120,100,99941,100,100121,100,99938,100
2019-06-28 09:34:10.000000000,100038,174,100024,115,100041,174,100000,174,100047,174,99999,174,100075,274,99991,174,100076,100,99989,100,100084,100,99986,100,100087,100,99969,100,100110,100,99961,100,100120,100,99941,100,100121,100,99938,100
2019-06-28 09:34:20.000000000,100038,201,100024,142,100041,198,100000,198,100047,198,99999,198,100075,200,99991,100,100076,100,99989,100,100084,100,99986,100,100087,100,99969,100,100110,100,99961,100,100120,100,99941,100,100121,100,99938,100
2019-06-28 09:34:30.000000000,100038,248,100024,189,100041,248,100000,248,100047,100,99999,100,100075,200,99991,100,100076,100,99989,100,100084,100,99986,100,100087,100,99969,100,100110,100,99961,100,100120,100,99941,100,100121,100,99938,100
2019-06-28 09:34:34.874428172,100038,248,100024,89,100041,248,100000,248,100047,100,99999,100,100075,200,99991,100,100076,100,99989,100,100084,100,99986,100,100110,100,99969,100,100120,100,99961,100,100121,100,99941,100,100130,100,99938,100
2019-06-28 09:34:40.000000000,100038,159,100000,159,100041,159,99999,159,100047,159,99991,159,100075,259,99989,159,100076,159,99986,159,100084,100,99969,100,100110,100,99961,100,100120,100,99941,100,100121,100,99938,100,100130,100,99928,100
2019-06-28 09:34:45.464260719,100038,159,100000,159,100041,159,99999,159,100047,159,99991,159,100075,259,99989,159,100076,159,99986,159,100084,100,99969,100,100110,100,99961,100,100120,100,99941,100,100121,100,99938,100,100130,100,99928,100
2019-06-28 09:34:45.678476482,100038,159,100000,59,100041,159,99999,159,100047,159,99991,159,100075,259,99989,159,100076,159,99986,159,100084,100,99969,100,100110,100,99961,100,100120,100,99941,100,100121,100,99938,100,100130,100,99928,100
2019-06-28 09:34:50.000000000,100038,159,99999,159,100041,159,99991,159,100047,159,99989,159,100075,259,99986,159,100076,159,99969,159,100084,100,99961,100,100110,100,99941,100,100120,100,99938,100,100121,100,99928,100,100130,100,99921,100
2019-06-28 09:34:54.766450546,100038,159,99999,159,100041,159,99991,159,100047,159,99989,159,100075,259,99986,159,100076,159,99969,159,100110,100,99961,100,100120,100,99941,100,100121,100,99938,100,100130,100,99928,100,100168,100,99921,100
2019-06-28 09:35:00.000000000,100038,396,99999,396,100041,100,99991,100,100047,100,99989,100,100075,200,99986,100,100076,100,99969,100,100110,100,99961,100,100120,100,99941,100,100121,100,99938,100,100130,100,99928,100,100168,100,99921,100
2019-06-28 09:35:05.593934596,100024,100,99999,396,100038,396,99991,100,100041,100,99989,100,100047,100,99986,100,100075,200,99969,100,100076,100,99961,100,100110,100,99941,100,100120,100,99938,100,100121,100,99928,100,100130,100,99921,100
2019-06-28 09:35:10.000000000,100024,201,99999,201,100038,198,99991,198,100041,198,99989,198,100047,100,99986,100,100075,200,99969,100,100076,100,99961,100,100110,100,99941,100,100120,100,99938,100,100121,100,99928,100,100130,100,99921,100
2019-06-28 09:35:20.000000000,100024,159,99999,159,100038,159,99991,159,100041,159,99989,159,100047,159,99986,159,100075,259,99969,159,100076,100,99961,100,100110,100,99941,100,100120,100,99938,100,100121,100,99928,100,100130,100,99921,100
2019-06-28 09:35:23.179967946,100024,159,99999,59,100038,159,99991,159,100041,159,99989,159,100047,159,99986,159,100075,259,99969,159,100076,100,99961,100,100110,100,99941,100,100120,100,99938,100,100121,100,99928,100,100130,100,99921,100
2019-06-28 09:35:25.615405254,100000,100,99999,59,100024,159,99991,159,100038,159,99989,159,100041,159,99986,159,100047,159,99969,159,100075,259,99961,100,100076,100,99941,100,100110,100,99938,100,100120,100,99928,100,100121,100,99921,100
2019-06-28 09:35:28.471535114,100000,200,99999,59,100024,159,99991,159,100038,159,99989,159,100041,159,99986,159,100047,159,99969,159,100075,259,99961,100,100076,100,99941,100,100110,100,99938,100,100120,100,99928,100,100121,100,99921,100
2019-06-28 09:35:30.000000000,100000,274,99991,174,100024,174,99989,174,100038,174,99986,174,100041,174,99969,174,100047,100,99961,100,100075,200,99941,100,100076,100,99938,100,100110,100,99928,100,100120,100,99921,100,100121,100,99920,100
2019-06-28 09:35:39.631640629,100000,274,99991,174,100024,174,99989,174,100038,174,99986,174,100041,174,99969,174,100047,100,99961,100,100075,200,99941,100,100110,100,99938,100,100120,100,99928,100,100121,100,99921,100,100130,100,99920,100
2019-06-28 09:35:40.000000000,100000,496,99991,396,100024,100,99989,100,100038,100,99986,100,100041,100,99969,100,100047,100,99961,100,100075,200,99941,100,100110,100,99938,100,100120,100,99928,100,100121,100,99921,100,100130,100,99920,100
2019-06-28 09:35:50.000000000,100000,348,99991,248,100024,248,99989,248,100038,100,99986,100,100041,100,99969,100,100047,100,99961,100,100075,200,99941,100,100110,100,99938,100,100120,100,99928,100,100121,100,99921,100,100130,100,99920,100
2019-06-28 09:35:53.165885636,100000,248,99991,248,100024,248,99989,248,100038,100,99986,100,100041,100,99969,100,100047,100,99961,100,100075,200,99941,100,100110,100,99938,100,100120,100,99928,100,100121,100,99921,100,100130,100,99920,100
2019-06-28 09:35:53.568896599,100000,148,99991,248,100024,248,99989,248,100038,100,99986,100,100041,100,99969,100,100047,100,99961,100,100075,200,99941,100,100110,100,99938,100,100120,100,99928,100,100121,100,99921,100,100130,100,99920,100
2019-06-28 09:36:00.000000000,100024,201,99991,201,100038,198,99989,198,100041,198,99986,198,100047,100,99969,100,100075,200,99961,100,100110,100,99941,100,100120,100,99938,100,100121,100,99928,100,100130,100,99921,100,100263,100,99920,100
2019-06-28 09:36:10.000000000,100024,201,99991,201,100038,198,99989,198,100041,198,99986,198,100047,100,99969,100,100075,200,99961,100,100110,100,99941,100,100120,100,99938,100,100121,100,99928,100,100130,100,99921,100,100263,100,99920,100
2019-06-28 09:36:10.337402721,100024,201,99991,201,100038,198,99989,198,100041,198,99986,198,100047,100,99969,100,100075,100,99961,100,100110,100,99941,100,100120,100,99938,100,100121,100,99928,100,100130,100,99921,100,100263,100,99920,100
2019-06-28 09:36:20.000000000,100024,248,99991,248,100038,248,99989,248,100041,100,99986,100,100047,100,99969,100,100075,100,99961,100,100110,100,99941,100,100120,100,99938,100,100121,100,99928,100,100130,100,99921,100,100263,100,99920,100
2019-06-28 09:36:30.000000000,100024,396,99991,396,100038,100,99989,100,100041,100,99986,100,100047,100,99969,100,100075,100,99961,100,100110,100,99941,100,100120,100,99938,100,100121,100,99928,100,100130,100,99921,100,100263,100,99920,100
2019-06-28 09:36:38.985505813,100024,296,99991,396,100038,100,99989,100,100041,100,99986,100,100047,100,99969,100,100075,100,99961,100,100110,100,99941,100,100120,100,99938,100,100121,100,99928,100,100130,100,99921,100,100263,100,99920,100
2019-06-28 09:36:40.000000000,100038,396,99991,396,100041,100,99989,100,100047,100,99986,100,100075,100,99969,100,100110,100,99961,100,100120,100,99941,100,100121,100,99938,100,100130,100,99928,100,100263,100,99921,100,100432,100,99920,100
2019-06-28 09:36:50.000000000,100038,248,99991,248,100041,248,99989,248,100047,100,99986,100,100075,100,99969,100,100110,100,99961,100,100120,100,99941,100,100121,100,99938,100,100130,100,99928,100,100263,100,99921,100,100432,100,99920,100
2019-06-28 09:36:52.733598252,100038,148,99991,248,100041,248,99989,248,100047,100,99986,100,100075,100,99969,100,100110,100,99961,100,100120,100,99941,100,100121,100,99938,100,100130,100,99928,100,100263,100,99921,100,100432,100,99920,100
2019-06-28 09:36:53.728860157,100038,148,99991,248,100041,248,99989,248,100047,100,99986,100,100075,100,99969,100,100110,100,99961,100,100120,100,99941,100,100121,100,99938,100,100130,100,99928,100,100263,100,99921,100,100373,100,99920,100
2019-06-28 09:37:00.000000000,100041,396,99991,396,100047,100,99989,100,100075,100,99986,100,100110,100,99969,100,100120,100,99961,100,100121,100,99941,100,100130,100,99938,100,100263,100,99928,100,100373,100,99921,100,100432,100,99920,100
2019-06-28 09:37:10.000000000,100041,159,99991,159,100047,159,99989,159,100075,159,99986,159,100110,159,99969,159,100120,159,99961,159,100121,100,99941,100,100130,100,99938,100,100263,100,99928,100,100373,100,99921,100,100432,100,99920,100
2019-06-28 09:37:20.000000000,100041,159,99991,159,100047,159,99989,159,100075,159,99986,159,100110,159,99969,159,100120,159,99961,159,100121,100,99941,100,100130,100,99938,100,100263,100,99928,100,100373,100,99921,100,100432,100,99920,100
2019-06-28 09:37:27.363500223,100041,159,99991,159,100047,159,99989,159,100075,159,99986,159,100110,159,99969,159,100120,159,99961,159,100121,100,99941,100,100130,100,99938,100,100263,100,99928,100,100373,100,99920,100,100432,100,99863,100
2019-06-28 09:37:30.000000000,100041,159,99991,159,100047,159,99989,159,100075,159,99986,159,100110,159,99969,159,100120,159,99961,159,100121,100,99941,100,100130,100,99938,100,100263,100,99928,100,100373,100,99920,100,100432,100,99863,100
2019-06-28 09:37:40.000000000,100041,201,99991,201,100047,198,99989,198,100075,198,99986,198,100110,100,99969,100,100120,100,99961,100,100121,100,99941,100,100130,100,99938,100,100263,100,99928,100,100373,100,99920,100,100432,100,99863,100
2019-06-28 09:37:43.504100496,100041,101,99991,201,100047,198,99989,198,100075,198,99986,198,100120,100,99969,100,100121,100,99961,100,100130,100,99941,100,100263,100,99938,100,100373,100,99928,100,100432,100,99920,100,100585,100,99863,100
2019-06-28 09:37:50.000000000,100047,248,99991,248,100075,248,99989,248,100120,100,99986,100,100121,100,99969,100,100130,100,99961,100,100263,100,99941,100,100373,100,99938,100,100432,100,99928,100,100585,100,99920,100,,,99863,100
2019-06-28 09:38:00.000000000,100047,248,99991,248,100075,248,99989,248,100120,100,99986,100,100121,100,99969,100,100130,100,99961,100,100263,100,99941,100,100373,100,99938,100,100432,100,99928,100,100585,100,99920,100,,,99863,100
2019-06-28 09:38:03.507370319,100047,248,100038,100,100075,248,99991,248,100120,100,99989,248,100121,100,99986,100,100130,100,99969,100,100263,100,99961,100,100373,100,99941,100,100432,100,99938,100,100585,100,99928,100,,,99920,100
2019-06-28 09:38:10.000000000,100047,159,100038,159,100075,159,99991,159,100120,159,99989,159,100121,159,99986,159,100130,159,99969,159,100263,100,99961,100,100373,100,99941,100,100432,100,99938,100,100585,100,99928,100,,,99920,100
2019-06-28 09:38:20.000000000,100047,159,100038,159,100075,159,99991,159,100120,159,99989,159,100121,159,99986,159,100130,159,99969,159,100263,100,99961,100,100373,100,99941,100,100432,100,99938,100,100585,100,99928,100,,,99920,100
2019-06-28 09:38:30.000000000,100047,174,100038,174,100075,174,99991,174,100120,174,99989,174,100121,174,99986,174,100130,100,99969,100,100263,100,99961,100,100373,100,99941,100,100432,100,99938,100,100585,100,99928,100,,,99920,100
2019-06-28 09:38:30.215808135,100047,174,100038,174,100075,174,99991,174,100120,174,99989,174,100121,174,99986,174,100130,100,99969,100,100373,100,99961,100,100432,100,99941,100,100441,100,99938,100,100585,100,99928,100,,,99920,100
2019-06-28 09:38:40.000000000,100047,174,100038,174,100075,174,99991,174,100120,174,99989,174,100121,174,99986,174,100130,100,99969,100,100373,100,99961,100,100432,100,99941,100,100441,100,99938,100,100585,100,99928,100,,,99920,100
2019-06-28 09:38:50.000000000,100047,201,100038,201,100075,198,99991,198,100120,198,99989,198,100121,100,99986,100,100130,100,99969,100,100373,100,99961,100,100432,100,99941,100,100441,100,99938,100,100585,100,99928,100,,,99920,100
2019-06-28 09:39:00.000000000,100047,174,100038,174,100075,174,99991,174,100120,174,99989,174,100121,174,99986,174,100130,100,99969,100,100373,100,99961,100,100432,100,99941,100,100441,100,99938,100,100585,100,99928,100,,,99920,100
2019-06-28 09:39:10.000000000,100047,159,100038,159,100075,159,99991,159,100120,159,99989,159,100121,159,99986,159,100130,159,99969,159,100373,100,99961,100,100432,100,99941,100,100441,100,99938,100,100585,100,99928,100,,,99920,100
2019-06-28 09:39:20.000000000,100047,396,100038,396,100075,100,99991,100,100120,100,99989,100,100121,100,99986,100,100130,100,99969,100,100373,100,99961,100,100432,100,99941,100,100441,100,99938,100,100585,100,99928,100,,,99920,100
2019-06-28 09:39:30.000000000,100047,248,100038,248,100075,248,99991,248,100120,100,99989,100,100121,100,99986,100,100130,100,99969,100,100373,100,99961,100,100432,100,99941,100,100441,100,99938,100,100585,100,99928,100,,,99920,100
2019-06-28 09:39:40.000000000,100047,248,100038,248,100075,248,99991,248,100120,100,99989,100,100121,100,99986,100,100130,100,99969,100,100373,100,99961,100,100432,100,99941,100,100441,100,99938,100,100585,100,99928,100,,,99920,100
2019-06-28 09:39:50.000000000,100047,174,100038,174,100075,174,99991,174,100120,174,99989,174,100121,174,99986,174,100130,100,99969,100,100373,100,99961,100,100432,100,99941,100,100441,100,99938,100,100585,100,99928,100,,,99920,100
2019-06-28 09:40:00.000000000,100047,248,100038,248,100075,248,99991,248,100120,100,99989,100,100121,100,99986,100,100130,100,99969,100,100373,100,99961,100,100432,100,99941,100,100441,100,99938,100,100585,100,99928,100,,,99920,100
2019-06-28 09:40:10.000000000,100047,174,100038,174,100075,174,99991,174,100120,174,99989,174,100121,174,99986,174,100130,100,99969,100,100373,100,99961,100,100432,100,99941,100,100441,100,99938,100,100585,100,99928,100,,,99920,100
2019-06-28 09:40:20.000000000,100047,159,100038,159,100075,159,99991,159,100120,159,99989,159,100121,159,99986,159,100130,159,99969,159,100373,100,99961,100,100432,100,99941,100,100441,100,99938,100,100585,100,99928,100,,,99920,100
2019-06-28 09:40:22.347029468,100047,59,100038,159,100075,159,99991,159,100120,159,99989,159,100121,159,99986,159,100130,159,99969,159,100373,100,99961,100,100432,100,99938,100,100441,100,99928,100,100585,100,99920,100,,,99863,100
2019-06-28 09:40:30.000000000,100075,174,100038,174,100120,174,99991,174,100121,174,99989,174,100130,174,99986,174,100373,100,99969,100,100432,100,99961,100,100441,100,99938,100,100585,100,99928,100,,,99920,100,,,99863,100
2019-06-28 09:40:36.592329871,100075,74,100038,174,100120,174,99991,174,100121,174,99989,174,100130,174,99986,174,100373,100,99969,100,100432,100,99961,100,100441,100,99938,100,100585,100,99928,100,,,99920,100,,,99863,100
2019-06-28 09:40:40.000000000,100120,174,100038,174,100121,174,99991,174,100130,174,99989,174,100373,174,99986,174,100432,100,99969,100,100441,100,99961,100,100585,100,99938,100,,,99928,100,,,99920,100,,,99863,100
2019-06-28 09:40:45.997784630,100120,174,100038,174,100121,174,99991,174,100130,174,99989,174,100373,174,99986,174,100432,100,99969,100,100441,100,99961,100,100585,100,99938,100,101651,100,99928,100,,,99920,100,,,99863,100
2019-06-28 09:40:50.000000000,100120,201,100038,201,100121,198,99991,198,100130,198,99989,198,100373,100,99986,100,100432,100,99969,100,100441,100,99961,100,100585,100,99938,100,101651,100,99928,100,,,99920,100,,,99863,100
2019-06-28 09:40:54.412234546,100120,201,100047,100,100121,198,100038,201,100130,198,99991,198,100373,100,99989,198,100432,100,99986,100,100441,100,99969,100,100585,100,99961,100,101651,100,99938,100,,,99928,100,,,99920,100
2019-06-28 09:41:00.000000000,100120,174,100047,174,100121,174,100038,174,100130,174,99991,174,100373,174,99989,174,100432,100,99986,100,100441,100,99969,100,100585,100,99961,100,101651,100,99938,100,,,99928,100,,,99920,100
2019-06-28 09:41:10.000000000,100120,248,100047,248,100121,248,100038,248,100130,100,99991,100,100373,100,99989,100,100432,100,99986,100,100441,100,99969,100,100585,100,99961,100,101651,100,99938,100,,,99928,100,,,99920,100
2019-06-28 09:41:18.409979976,100120,148,100047,248,100121,248,100038,248,100130,100,99991,100,100373,100,99989,100,100432,100,99986,100,100441,100,99969,100,100585,100,99961,100,101651,100,99938,100,,,99928,100,,,99920,100
2019-06-28 09:41:20.000000000,100121,248,100047,248,100130,248,100038,248,100373,100,99991,100,100432,100,99989,100,100441,100,99986,100,100585,100,99969,100,101651,100,99961,100,,,99938,100,,,99928,100,,,99920,100
2019-06-28 09:41:26.710186687,100121,248,100047,248,100130,248,100038,248,100373,100,99991,100,100432,100,99989,100,100441,100,99986,100,100585,100,99969,100,101454,100,99961,100,101651,100,99938,100,,,99928,100,,,99920,100
2019-06-28 09:41:30.000000000,100121,248,100047,248,100130,248,100038,248,100373,100,99991,100,100432,100,99989,100,100441,100,99986,100,100585,100,99969,100,101454,100,99961,100,101651,100,99938,100,,,99928,100,,,99920,100
2019-06-28 09:41:38.935140513,100121,148,100047,248,100130,248,100038,248,100373,100,99991,100,100432,100,99989,100,100441,100,99986,100,100585,100,99969,100,101454,100,99961,100,101651,100,99938,100,,,99928,100,,,99920,100
2019-06-28 09:41:39.809924576,100121,48,100047,248,100130,248,100038,248,100373,100,99991,100,100432,100,99989,100,100441,100,99986,100,100585,100,99969,100,101454,100,99961,100,101651,100,99938,100,,,99928,100,,,99920,100
2019-06-28 09:41:39.839115481,100130,248,100121,52,100373,100,100047,248,100432,100,100038,248,100441,100,99991,100,100585,100,99989,100,101454,100,99986,100,101651,100,99969,100,,,99961,100,,,99938,100,,,99920,100
2019-06-28 09:41:40.000000000,100130,201,100121,153,100373,198,100047,198,100432,198,100038,198,100441,100,99991,100,100585,100,99989,100,101454,100,99986,100,101651,100,99969,100,,,99961,100,,,99938,100,,,99920,100
2019-06-28 09:41:50.000000000,100130,396,100121,348,100373,100,100047,100,100432,100,100038,100,100441,100,99991,100,100585,100,99989,100,101454,100,99986,100,101651,100,99969,100,,,99961,100,,,99938,100,,,99920,100
2019-06-28 09:41:57.197056257,100130,396,100121,448,100373,100,100038,100,100432,100,99991,100,100441,100,99989,100,100585,100,99986,100,101454,100,99969,100,101651,100,99961,100,,,99938,100,,,99920,100,,,99863,100
2019-06-28 09:41:58.085634927,100130,296,100121,448,100373,100,100038,100,100432,100,99991,100,100441,100,99989,100,100585,100,99986,100,101454,100,99969,100,101651,100,99961,100,,,99938,100,,,99920,100,,,99863,100
2019-06-28 09:42:00.000000000,100373,159,100121,211,100432,159,100038,159,100441,159,99991,159,100585,159,99989,159,101454,159,99986,159,101651,100,99969,100,,,99961,100,,,99938,100,,,99920,100,,,99863,100
2019-06-28 09:42:10.000000000,100373,248,100121,300,100432,248,100038,248,100441,100,99991,100,100585,100,99989,100,101454,100,99986,100,101651,100,99969,100,,,99961,100,,,99938,100,,,99920,100,,,99863,100
2019-06-28 09:42:20.000000000,100373,201,100121,253,100432,198,100038,198,100441,198,99991,198,100585,100,99989,100,101454,100,99986,100,101651,100,99969,100,,,99961,100,,,99938,100,,,99920,100,,,99863,100
2019-06-28 09:42:30.000000000,100373,174,100121,226,100432,174,100038,174,100441,174,99991,174,100585,174,99989,174,101454,100,99986,100,101651,100,99969,100,,,99961,100,,,99938,100,,,99920,100,,,99863,100
2019-06-28 09:42:38.312656706,100373,74,100121,226,100432,174,100038,174,100441,174,99991,174,100585,174,99989,174,101454,100,99986,100,101651,100,99969,100,,,99938,100,,,99920,100,,,99863,100,,,99849,100
2019-06-28 09:42:40.000000000,100432,174,100121,226,100441,174,100038,174,100585,174,99991,174,101454,174,99989,174,101651,100,99986,100,,,99969,100,,,99938,100,,,99920,100,,,99863,100,,,99849,100
2019-06-28 09:42:50.000000000,100432,159,100121,211,100441,159,100038,159,100585,159,99991,159,101454,159,99989,159,101651,159,99986,159,,,99969,100,,,99938,100,,,99920,100,,,99863,100,,,99849,100
2019-06-28 09:43:00.000000000,100432,174,100121,226,100441,174,100038,174,100585,174,99991,174,101454,174,99989,174,101651,100,99986,100,,,99969,100,,,99938,100,,,99920,100,,,99863,100,,,99849,100
2019-06-28 09:43:08.470575170,100432,174,100121,226,100441,174,100038,174,100585,174,99991,174,101454,174,99989,174,101651,100,99986,100,101653,100,99969,100,,,99938,100,,,99920,100,,,99863,100,,,99849,100
2019-06-28 09:43:10.000000000,100432,174,100121,226,100441,174,100038,174,100585,174,99991,174,101454,174,99989,174,101651,100,99986,100,101653,100,99969,100,,,99938,100,,,99920,100,,,99863,100,,,99849,100
2019-06-28 09:43:20.000000000,100432,248,100121,300,100441,248,100038,248,100585,100,99991,100,101454,100,99989,100,101651,100,99986,100,101653,100,99969,100,,,99938,100,,,99920,100,,,99863,100,,,99849,100
2019-06-28 09:43:20.894509954,100432,248,100121,300,100441,248,100038,248,100585,100,99991,100,101454,100,99989,100,101618,100,99986,100,101651,100,99938,100,101653,100,99920,100,,,99863,100,,,99849,100,,,99482,100
2019-06-28 09:43:22.979183279,100432,148,100121,300,100441,248,100038,248,100585,100,99991,100,101454,100,99989,100,101618,100,99986,100,101651,100,99938,100,,,99920,100,,,99863,100,,,99849,100,,,99482,100
2019-06-28 09:43:30.000000000,100441,396,100121,448,100585,100,100038,100,101454,100,99991,100,101618,100,99989,100,101651,100,99986,100,,,99938,100,,,99920,100,,,99863,100,,,99849,100,,,99482,100
2019-06-28 09:43:40.000000000,100441,159,100121,211,100585,159,100038,159,101454,159,99991,159,101618,159,99989,159,101651,159,99986,159,,,99938,100,,,99920,100,,,99863,100,,,99849,100,,,99482,100
2019-06-28 09:43:41.511982676,100441,159,100373,100,100585,159,100121,211,101454,159,100038,159,101618,159,99991,159,101651,159,99989,159,,,99986,159,,,99938,100,,,99920,100,,,99863,100,,,99849,100
2019-06-28 09:43:50.000000000,100441,159,100373,159,100585,159,100121,211,101454,159,100038,159,101618,159,99991,159,101651,159,99989,159,,,99986,100,,,99938,100,,,99920,100,,,99863,100,,,99849,100
2019-06-28 09:43:57.964912375,100441,159,100373,259,100585,159,100121,211,101454,159,100038,159,101618,159,99991,159,101651,159,99989,159,,,99986,100,,,99938,100,,,99920,100,,,99863,100,,,99849,100
2019-06-28 09:44:00.000000000,100441,396,100373,496,100585,100,100121,152,101454,100,100038,100,101618,100,99991,100,101651,100,99989,100,,,99986,100,,,99938,100,,,99920,100,,,99863,100,,,99849,100
2019-06-28 09:44:04.555182594,100441,296,100373,496,100585,100,100121,152,101454,100,100038,100,101618,100,99991,100,101651,100,99989,100,,,99986,100,,,99938,100,,,99920,100,,,99863,100,,,99849,100
2019-06-28 09:44:10.000000000,100585,248,100373,348,101454,248,100121,300,101618,100,100038,100,101651,100,99991,100,,,99989,100,,,99986,100,,,99938,100,,,99920,100,,,99863,100,,,99849,100
2019-06-28 09:44:10.022005178,100585,248,100432,100,101454,248,100373,348,101618,100,100121,300,101651,100,100038,100,,,99991,100,,,99989,100,,,99986,100,,,99938,100,,,99920,100,,,99863,100
2019-06-28 09:44:20.000000000,100585,159,100432,159,101454,159,100373,259,101618,159,100121,211,101651,159,100038,159,101652,59,99991,159,,,99989,100,,,99986,100,,,99938,100,,,99920,100,,,99863,100
2019-06-28 09:44:27.318748429,100585,59,100432,159,101454,159,100373,259,101618,159,100121,211,101651,159,100038,159,101652,59,99991,159,,,99989,100,,,99986,100,,,99938,100,,,99920,100,,,99863,100
2019-06-28 09:44:30.000000000,101454,174,100432,174,101618,174,100373,274,101651,174,100121,226,101652,74,100038,174,,,99991,100,,,99989,100,,,99986,100,,,99938,100,,,99920,100,,,99863,100
2019-06-28 09:44:40.000000000,101454,159,100432,159,101618,159,100373,259,101651,159,100121,211,101652,59,100038,159,,,99991,159,,,99989,100,,,99986,100,,,99938,100,,,99920,100,,,99863,100
2019-06-28 09:44:49.329379790,101454,159,101158,100,101618,159,100432,159,101651,159,100373,259,101652,59,100121,211,,,100038,159,,,99991,159,,,99989,100,,,99986,100,,,99938,100,,,99920,100
2019-06-28 09:44:50.000000000,101454,201,101158,201,101618,198,100432,198,101651,198,100373,298,,,100121,152,,,100038,100,,,99991,100,,,99989,100,,,99986,100,,,99938,100,,,99920,100
2019-06-28 09:45:00.000000000,101454,201,101158,201,101618,198,100432,198,101651,198,100373,298,,,100121,152,,,100038,100,,,99991,100,,,99989,100,,,99986,100,,,99938,100,,,99920,100
2019-06-28 09:45:10.000000000,101454,248,101158,248,101618,248,100432,248,101651,100,100373,200,,,100121,152,,,100038,100,,,99991,100,,,99989,100,,,99986,100,,,99938,100,,,99920,100
2019-06-28 09:45:18.185351272,101454,248,101158,248,101600,100,100432,248,101618,248,100373,200,101651,100,100121,152,,,100038,100,,,99991,100,,,99989,100,,,99986,100,,,99938,100,,,99920,100
2019-06-28 09:45:20.000000000,101454,174,101158,174,101600,174,100432,174,101618,174,100373,274,101651,174,100121,226,,,100038,100,,,99991,100,,,99989,100,,,99986,100,,,99938,100,,,99920,100
2019-06-28 09:45:30.000000000,101454,396,101158,396,101600,100,100432,100,101618,100,100373,200,101651,100,100121,152,,,100038,100,,,99991,100,,,99989,100,,,99986,100,,,99938,100,,,99920,100
2019-06-28 09:45:30.211180770,101454,296,101158,396,101600,100,100432,100,101618,100,100373,200,101651,100,100121,152,,,100038,100,,,99991,100,,,99989,100,,,99986,100,,,99938,100,,,99920,100
2019-06-28 09:45:40.000000000,101600,201,101158,201,101618,198,100432,198,101651,198,100373,298,,,100121,152,,,100038,100,,,99991,100,,,99989,100,,,99986,100,,,99938,100,,,99920,100
2019-06-28 09:45:41.409110813,101600,201,101158,201,101618,198,100432,198,101651,198,100373,298,101762,100,100121,152,,,100038,100,,,99991,100,,,99989,100,,,99986,100,,,99938,100,,,99920,100
2019-06-28 09:45:50.000000000,101600,201,101158,201,101618,198,100432,198,101651,198,100373,298,101762,100,100121,152,,,100038,100,,,99991,100,,,99989,100,,,99986,100,,,99938,100,,,99920,100
2019-06-28 09:45:51.003643359,101600,201,101507,100,101618,198,101158,201,101651,198,100432,198,101762,100,100373,298,,,100121,152,,,100038,100,,,99991,100,,,99989,100,,,99986,100,,,99938,100
2019-06-28 09:45:59.509089697,101543,100,101158,201,101600,201,100432,198,101618,198,100373,298,101651,198,100121,152,101762,100,100038,100,,,99991,100,,,99989,100,,,99986,100,,,99938,100,,,99920,100
2019-06-28 09:46:00.000000000,101543,201,101158,201,101600,198,100432,198,101618,198,100373,298,101651,100,100121,152,101762,100,100038,100,,,99991,100,,,99989,100,,,99986,100,,,99938,100,,,99920,100
2019-06-28 09:46:04.674411292,101543,201,101159,100,101600,198,101158,201,101618,198,100432,198,101651,100,100373,298,101762,100,100121,152,,,100038,100,,,99991,100,,,99989,100,,,99986,100,,,99938,100
2019-06-28 09:46:07.016728825,101543,201,101159,100,101600,198,101158,201,101618,198,100432,198,101651,100,100373,298,101762,100,100121,152,,,100038,100,,,99991,100,,,99989,100,,,99938,100,,,99920,100
2019-06-28 09:46:08.829545116,101543,201,101159,100,101600,198,101158,201,101618,198,100432,198,101651,100,100373,198,101762,100,100121,152,,,100038,100,,,99991,100,,,99989,100,,,99938,100,,,99920,100
2019-06-28 09:46:10.000000000,101543,174,101159,174,101600,174,101158,174,101618,174,100432,174,101651,174,100373,174,101762,100,100121,152,,,100038,100,,,99991,100,,,99989,100,,,99938,100,,,99920,100
2019-06-28 09:46:13.508315412,101543,174,101503,100,101600,174,101159,174,101618,174,101158,174,101651,174,100432,174,101762,100,100373,174,,,100121,100,,,100038,100,,,99991,100,,,99989,100,,,99938,100
2019-06-28 09:46:20.000000000,101543,396,101503,396,101600,100,101159,100,101618,100,101158,100,101651,100,100432,100,101762,100,100373,100,,,100121,100,,,100038,100,,,99991,100,,,99989,100,,,99938,100
2019-06-28 09:46:29.431444620,101543,396,101503,296,101600,100,101159,100,101618,100,101158,100,101651,100,100432,100,101690,100,100373,100,101762,100,100121,100,,,100038,100,,,99991,100,,,99989,100,,,99938,100
2019-06-28 09:46:30.000000000,101543,396,101159,396,101600,100,101158,100,101618,100,100432,100,101651,100,100373,100,101690,100,100121,100,101762,100,100038,100,,,99991,100,,,99989,100,,,99938,100,,,99920,100
2019-06-28 09:46:33.239563844,101543,396,101444,100,101600,100,101159,396,101618,100,101158,100,101651,100,100432,100,101690,100,100373,100,101762,100,100121,100,,,100038,100,,,99991,100,,,99989,100,,,99938,100
2019-06-28 09:46:40.000000000,101543,396,101444,396,101600,100,101159,100,101618,100,101158,100,101651,100,100432,100,101690,100,100373,100,101762,100,100121,100,,,100038,100,,,99991,100,,,99989,100,,,99938,100
2019-06-28 09:46:44.684044700,101543,396,101444,396,101555,100,101159,100,101600,100,101158,100,101618,100,100432,100,101651,100,100373,100,101762,100,100121,100,,,100038,100,,,99991,100,,,99989,100,,,99938,100
2019-06-28 09:46:50.000000000,101543,396,101444,396,101555,100,101159,100,101600,100,101158,100,101618,100,100432,100,101651,100,100373,100,101762,100,100121,100,,,100038,100,,,99991,100,,,99989,100,,,99938,100
2019-06-28 09:46:51.143534697,101543,396,101444,396,101555,100,101159,200,101600,100,101158,100,101618,100,100432,100,101651,100,100373,100,101762,100,100121,100,,,100038,100,,,99991,100,,,99989,100,,,99938,100
2019-06-28 09:46:58.341238206,101543,396,101444,396,101555,100,101159,200,101573,100,101158,100,101600,100,100432,100,101618,100,100373,100,101651,100,100121,100,101762,100,100038,100,,,99991,100,,,99989,100,,,99938,100
2019-06-28 09:47:00.000000000,101543,248,101444,248,101555,248,101159,348,101573,100,101158,100,101600,100,100432,100,101618,100,100373,100,101651,100,100121,100,101762,100,100038,100,,,99991,100,,,99989,100,,,99938,100
2019-06-28 09:47:05.938085865,101543,248,101444,248,101555,248,101159,348,101573,100,101158,100,101600,100,100432,100,101618,100,100373,100,101634,100,100121,100,101651,100,100038,100,101762,100,99991,100,,,99989,100,,,99938,100
2019-06-28 09:47:10.000000000,101543,174,101444,174,101555,174,101159,274,101573,174,101158,174,101600,174,100432,174,101618,100,100373,100,101634,100,100121,100,101651,100,100038,100,101762,100,99991,100,,,99989,100,,,99938,100
2019-06-28 09:47:16.380728033,101543,74,101444,174,101555,174,101159,274,101573,174,101158,174,101600,174,100432,174,101618,100,100373,100,101634,100,100121,100,101651,100,100038,100,101762,100,99991,100,,,99989,100,,,99938,100
2019-06-28 09:47:20.000000000,101555,174,101444,174,101573,174,101159,274,101600,174,101158,174,101618,174,100432,174,101634,100,100373,100,101651,100,100121,100,101762,100,100038,100,,,99991,100,,,99989,100,,,99938,100
2019-06-28 09:47:30.000000000,101555,201,101444,201,101573,198,101159,298,101600,198,101158,198,101618,100,100432,100,101634,100,100373,100,101651,100,100121,100,101762,100,100038,100,,,99991,100,,,99989,100,,,99938,100
2019-06-28 09:47:35.242008461,101555,201,101444,201,101573,198,101159,298,101600,198,101158,198,101618,100,101106,100,101634,100,100432,100,101651,100,100373,100,101762,100,100121,100,,,100038,100,,,99991,100,,,99989,100
2019-06-28 09:47:40.000000000,101555,174,101444,174,101573,174,101159,274,101600,174,101158,174,101618,174,101106,174,101634,100,100432,100,101651,100,100373,100,101762,100,100121,100,,,100038,100,,,99991,100,,,99989,100
2019-06-28 09:47:47.423999883,101503,100,101444,174,101555,174,101159,274,101573,174,101158,174,101600,174,101106,174,101618,174,100432,100,101634,100,100373,100,101651,100,100121,100,101762,100,100038,100,,,99991,100,,,99989,100
2019-06-28 09:47:50.000000000,101503,174,101444,174,101555,174,101159,274,101573,174,101158,174,101600,174,101106,174,101618,100,100432,100,101634,100,100373,100,101651,100,100121,100,101762,100,100038,100,,,99991,100,,,99989,100
2019-06-28 09:47:50.789177304,101503,174,101444,174,101555,174,101161,100,101573,174,101159,274,101600,174,101158,174,101634,100,101106,174,101651,100,100432,100,101762,100,100373,100,,,100121,100,,,100038,100,,,99991,100
2019-06-28 09:48:00.000000000,101503,248,101444,248,101555,248,101161,248,101573,100,101159,200,101600,100,101158,100,101634,100,101106,100,101651,100,100432,100,101762,100,100373,100,,,100121,100,,,100038,100,,,99991,100
2019-06-28 09:48:10.000000000,101503,248,101444,248,101555,248,101161,248,101573,100,101159,200,101600,100,101158,100,101634,100,101106,100,101651,100,100432,100,101762,100,100373,100,,,100121,100,,,100038,100,,,99991,100
2019-06-28 09:48:12.790759771,101503,248,101444,148,101555,248,101161,248,101573,100,101159,200,101600,100,101106,100,101634,100,100432,100,101651,100,100373,100,101762,100,100121,100,,,100038,100,,,99991,100,,,99989,100
2019-06-28 09:48:20.000000000,101503,248,101161,248,101555,248,101159,348,101573,100,101106,100,101600,100,100432,100,101634,100,100373,100,101651,100,100121,100,101762,100,100038,100,,,99991,100,,,99989,100,,,99938,100
2019-06-28 09:48:27.907905294,101503,248,101161,248,101555,248,101159,348,101573,100,101106,100,101600,100,100697,100,101634,100,100432,100,101651,100,100373,100,101762,100,100121,100,,,100038,100,,,99991,100,,,99989,100
2019-06-28 09:48:30.000000000,101503,396,101161,396,101555,100,101159,200,101573,100,101106,100,101600,100,100697,100,101634,100,100432,100,101651,100,100373,100,101762,100,100121,100,,,100038,100,,,99991,100,,,99989,100
2019-06-28 09:48:35.339599637,101503,396,101161,296,101555,100,101159,200,101573,100,101106,100,101600,100,100697,100,101634,100,100432,100,101651,100,100373,100,101762,100,100121,100,,,100038,100,,,99991,100,,,99989,100
2019-06-28 09:48:40.000000000,101503,174,101159,274,101555,174,101106,174,101573,174,100697,174,101600,174,100432,174,101634,100,100373,100,101651,100,100121,100,101762,100,100038,100,,,99991,100,,,99989,100,,,99938,100
2019-06-28 09:48:50.000000000,101503,159,101159,259,101555,159,101106,159,101573,159,100697,159,101600,159,100432,159,101634,159,100373,159,101651,100,100121,100,101762,100,100038,100,,,99991,100,,,99989,100,,,99938,100
2019-06-28 09:49:00.000000000,101503,201,101159,301,101555,198,101106,198,101573,198,100697,198,101600,100,100432,100,101634,100,100373,100,101651,100,100121,100,101762,100,100038,100,,,99991,100,,,99989,100,,,99938,100
2019-06-28 09:49:02.830430475,101444,100,101159,301,101503,201,101106,198,101555,198,100697,198,101573,198,100432,100,101600,100,100373,100,101634,100,100121,100,101651,100,100038,100,101762,100,99991,100,,,99989,100,,,99938,100
2019-06-28 09:49:09.405714037,101444,200,101159,301,101503,201,101106,198,101555,198,100697,198,101573,198,100432,100,101600,100,100373,100,101634,100,100121,100,101651,100,100038,100,101762,100,99991,100,,,99989,100,,,99938,100
2019-06-28 09:49:10.000000000,101444,259,101159,259,101503,159,101106,159,101555,159,100697,159,101573,159,100432,159,101600,159,100373,159,101634,100,100121,100,101651,100,100038,100,101762,100,99991,100,,,99989,100,,,99938,100
2019-06-28 09:49:20.000000000,101444,259,101159,259,101503,159,101106,159,101555,159,100697,159,101573,159,100432,159,101600,159,100373,159,101634,100,100121,100,101651,100,100038,100,101762,100,99991,100,,,99989,100,,,99938,100
2019-06-28 09:49:20.685621901,101444,259,101176,100,101503,159,101159,259,101555,159,101106,159,101573,59,100697,159,101600,159,100432,159,101634,100,100373,159,101651,100,100121,100,101762,100,100038,100,,,99991,100,,,99989,100
2019-06-28 09:49:30.000000000,101444,259,101176,159,101503,159,101159,259,101555,159,101106,159,101600,159,100697,159,101634,159,100432,159,101651,100,100373,100,101762,100,100121,100,,,100038,100,,,99991,100,,,99989,100
2019-06-28 09:49:30.350942879,101444,259,101176,159,101503,159,101162,100,101555,159,101159,259,101600,159,101106,159,101634,159,100697,159,101651,100,100432,159,101762,100,100373,100,,,100121,100,,,100038,100,,,99991,100
2019-06-28 09:49:32.112007575,101444,259,101176,159,101503,159,101162,100,101555,159,101159,259,101600,159,101106,159,101634,159,101058,100,101651,100,100697,159,101762,100,100432,159,,,100373,100,,,100121,100,,,100038,100
2019-06-28 09:49:35.700521254,101444,259,101176,159,101503,159,101162,100,101555,159,101159,259,101600,159,101106,159,101634,159,101058,100,101651,100,100857,100,101762,100,100697,59,,,100432,159,,,100373,100,,,100121,100
2019-06-28 09:49:40.000000000,101444,348,101176,248,101503,248,101162,248,101555,100,101159,200,101600,100,101106,100,101634,100,101058,100,101651,100,100857,100,101762,100,100432,100,,,100373,100,,,100121,100,,,100038,100
2019-06-28 09:49:44.564909842,101431,100,101176,148,101444,348,101162,248,101503,248,101159,200,101555,100,101106,100,101600,100,101058,100,101634,100,100857,100,101651,100,100432,100,101762,100,100373,100,,,100121,100,,,100038,100
2019-06-28 09:49:50.000000000,101431,396,101162,396,101444,200,101159,200,101503,100,101106,100,101555,100,101058,100,101600,100,100857,100,101634,100,100432,100,101651,100,100373,100,101762,100,100121,100,,,100038,100,,,99991,100
2019-06-28 09:50:00.000000000,101431,159,101162,159,101444,259,101159,259,101503,159,101106,159,101555,159,101058,159,101600,159,100857,159,101634,100,100432,100,101651,100,100373,100,101762,100,100121,100,,,100038,100,,,99991,100
2019-06-28 09:50:10.000000000,101431,174,101162,174,101444,274,101159,274,101503,174,101106,174,101555,174,101058,174,101600,100,100857,100,101634,100,100432,100,101651,100,100373,100,101762,100,100121,100,,,100038,100,,,99991,100
2019-06-28 09:50:15.303141502,101431,174,101162,74,101444,274,101159,274,101503,174,101106,174,101555,174,101058,174,101600,100,100857,100,101634,100,100432,100,101651,100,100373,100,101762,100,100121,100,,,100038,100,,,99991,100
2019-06-28 09:50:20.000000000,101431,159,101159,259,101444,259,101106,159,101503,159,101058,159,101555,159,100857,159,101600,159,100432,159,101634,100,100373,100,101651,100,100121,100,101762,100,100038,100,,,99991,100,,,99989,100
2019-06-28 09:50:30.000000000,101431,396,101159,496,101444,200,101106,100,101503,100,101058,100,101555,100,100857,100,101600,100,100432,100,101634,100,100373,100,101651,100,100121,100,101762,100,100038,100,,,99991,100,,,99989,100
2019-06-28 09:50:33.378379208,101431,396,101159,396,101444,200,101106,100,101503,100,101058,100,101555,100,100857,100,101600,100,100432,100,101634,100,100373,100,101651,100,100121,100,101762,100,100038,100,,,99991,100,,,99989,100
2019-06-28 09:50:40.000000000,101431,248,101159,248,101444,348,101106,248,101503,100,101058,100,101555,100,100857,100,101600,100,100432,100,101634,100,100373,100,101651,100,100121,100,101762,100,100038,100,,,99991,100,,,99989,100
2019-06-28 09:50:50.000000000,101431,201,101159,201,101444,298,101106,198,101503,198,101058,198,101555,100,100857,100,101600,100,100432,100,101634,100,100373,100,101651,100,100121,100,101762,100,100038,100,,,99991,100,,,99989,100
2019-06-28 09:50:56.761112682,101431,201,101225,100,101444,298,101159,201,101503,198,101106,198,101555,100,101058,198,101600,100,100857,100,101634,100,100432,100,101651,100,100373,100,101762,100,100121,100,,,100038,100,,,99991,100
2019-06-28 09:51:00.000000000,101431,248,101225,248,101444,348,101159,248,101503,100,101106,100,101555,100,101058,100,101600,100,100857,100,101634,100,100432,100,101651,100,100373,100,101762,100,100121,100,,,100038,100,,,99991,100
2019-06-28 09:51:02.029569198,101431,248,101225,148,101444,348,101159,248,101503,100,101106,100,101555,100,101058,100,101600,100,100957,100,101634,100,100857,100,101651,100,100432,100,101762,100,100373,100,,,100121,100,,,100038,100
2019-06-28 09:51:10.000000000,101431,248,101159,248,101444,348,101106,248,101503,100,101058,100,101555,100,100957,100,101600,100,100857,100,101634,100,100432,100,101651,100,100373,100,101762,100,100121,100,,,100038,100,,,99991,100
2019-06-28 09:51:14.960439897,101431,248,101159,248,101444,348,101106,248,101503,100,101058,100,101555,100,100957,100,101634,100,100857,100,101651,100,100783,100,101762,100,100432,100,,,100373,100,,,100121,100,,,100038,100
2019-06-28 09:51:20.000000000,101431,201,101159,201,101444,298,101106,198,101503,198,101058,198,101555,100,100957,100,101634,100,100857,100,101651,100,100783,100,101762,100,100432,100,,,100373,100,,,100121,100,,,100038,100
2019-06-28 09:51:27.711536899,101431,201,101159,201,101444,298,101106,198,101503,198,101058,198,101555,100,100957,100,101634,100,100857,100,101651,100,100810,100,101762,100,100783,100,,,100432,100,,,100373,100,,,100121,100
2019-06-28 09:51:30.000000000,101431,248,101159,248,101444,348,101106,248,101503,100,101058,100,101555,100,100957,100,101634,100,100857,100,101651,100,100810,100,101762,100,100783,100,,,100432,100,,,100373,100,,,100121,100
2019-06-28 09:51:35.939614203,101431,248,101159,148,101444,348,101106,248,101503,100,101058,100,101634,100,100957,100,101651,100,100857,100,101762,100,100810,100,,,100783,100,,,100432,100,,,100373,100,,,100121,100
2019-06-28 09:51:40.000000000,101431,201,101106,201,101444,298,101058,198,101503,198,100957,198,101634,100,100857,100,101651,100,100810,100,101762,100,100783,100,,,100432,100,,,100373,100,,,100121,100,,,100038,100
2019-06-28 09:51:48.026317579,101431,201,101106,101,101444,298,101058,198,101503,198,100957,198,101634,100,100857,100,101651,100,100810,100,101762,100,100783,100,,,100432,100,,,100373,100,,,100121,100,,,100038,100
2019-06-28 09:51:50.000000000,101431,174,101058,174,101444,274,100957,174,101503,174,100857,174,101634,174,100810,174,101651,100,100783,100,101762,100,100432,100,,,100373,100,,,100121,100,,,100038,100,,,99991,100
2019-06-28 09:52:00.000000000,101431,159,101058,159,101444,259,100957,159,101503,159,100857,159,101634,159,100810,159,101651,159,100783,159,101762,100,100432,100,,,100373,100,,,100121,100,,,100038,100,,,99991,100
2019-06-28 09:52:05.546836697,101058,41,100957,159,101431,159,100857,159,101444,259,100810,159,101503,159,100783,159,101634,159,100432,100,101651,159,100373,100,101762,100,100121,100,,,100038,100,,,99991,100,,,99989,100
2019-06-28 09:52:10.000000000,101058,189,100957,248,101431,248,100857,248,101444,200,100810,100,101503,100,100783,100,101634,100,100432,100,101651,100,100373,100,101762,100,100121,100,,,100038,100,,,99991,100,,,99989,100
2019-06-28 09:52:13.248934537,101058,189,100957,148,101431,248,100857,248,101444,200,100810,100,101503,100,100432,100,101634,100,100373,100,101651,100,100121,100,101762,100,100038,100,,,99991,100,,,99989,100,,,99938,100
2019-06-28 09:52:20.000000000,101058,337,100857,396,101431,100,100810,100,101444,200,100432,100,101503,100,100373,100,101634,100,100121,100,101651,100,100038,100,101762,100,99991,100,,,99989,100,,,99938,100,,,99920,100
2019-06-28 09:52:30.000000000,101058,337,100857,396,101431,100,100810,100,101444,200,100432,100,101503,100,100373,100,101634,100,100121,100,101651,100,100038,100,101762,100,99991,100,,,99989,100,,,99938,100,,,99920,100
2019-06-28 09:52:36.054592259,101058,337,100857,396,101431,100,100821,100,101444,200,100810,100,101503,100,100432,100,101634,100,100373,100,101651,100,100121,100,101762,100,100038,100,,,99991,100,,,99989,100,,,99938,100
2019-06-28 09:52:40.000000000,101058,189,100857,248,101431,248,100821,248,101444,200,100810,100,101503,100,100432,100,101634,100,100373,100,101651,100,100121,100,101762,100,100038,100,,,99991,100,,,99989,100,,,99938,100
2019-06-28 09:52:50.000000000,101058,189,100857,248,101431,248,100821,248,101444,200,100810,100,101503,100,100432,100,101634,100,100373,100,101651,100,100121,100,101762,100,100038,100,,,99991,100,,,99989,100,,,99938,100
2019-06-28 09:53:00.000000000,101058,189,100857,248,101431,248,100821,248,101444,200,100810,100,101503,100,100432,100,101634,100,100373,100,101651,100,100121,100,101762,100,100038,100,,,99991,100,,,99989,100,,,99938,100
2019-06-28 09:53:10.000000000,101058,115,100857,174,101431,174,100821,174,101444,274,100810,174,101503,174,100432,174,101634,100,100373,100,101651,100,100121,100,101762,100,100038,100,,,99991,100,,,99989,100,,,99938,100
2019-06-28 09:53:10.228413294,101057,100,100857,174,101058,115,100821,174,101431,174,100810,174,101444,274,100432,174,101503,174,100373,100,101634,100,100121,100,101651,100,100038,100,101762,100,99991,100,,,99989,100,,,99938,100
2019-06-28 09:53:20.000000000,101057,174,100857,174,101058,115,100821,174,101431,174,100810,174,101444,274,100432,174,101503,100,100373,100,101634,100,100121,100,101651,100,100038,100,101762,100,99991,100,,,99989,100,,,99938,100
2019-06-28 09:53:30.000000000,101057,396,100857,396,101058,41,100821,100,101431,100,100810,100,101444,200,100432,100,101503,100,100373,100,101634,100,100121,100,101651,100,100038,100,101762,100,99991,100,,,99989,100,,,99938,100
2019-06-28 09:53:40.000000000,101057,201,100857,201,101058,139,100821,198,101431,198,100810,198,101444,200,100432,100,101503,100,100373,100,101634,100,100121,100,101651,100,100038,100,101762,100,99991,100,,,99989,100,,,99938,100
2019-06-28 09:53:50.000000000,101057,174,100857,174,101058,115,100821,174,101431,174,100810,174,101444,274,100432,174,101503,100,100373,100,101634,100,100121,100,101651,100,100038,100,101762,100,99991,100,,,99989,100,,,99938,100
2019-06-28 09:53:50.556892743,101057,174,100857,174,101058,115,100821,174,101431,174,100810,174,101444,274,100705,100,101503,100,100432,174,101634,100,100373,100,101651,100,100121,100,101762,100,100038,100,,,99991,100,,,99989,100
2019-06-28 09:54:00.000000000,101057,159,100857,159,101058,100,100821,159,101431,159,100810,159,101444,259,100705,159,101503,159,100432,159,101634,100,100373,100,101651,100,100121,100,101762,100,100038,100,,,99991,100,,,99989,100
2019-06-28 09:54:03.157733568,101057,159,100857,159,101058,100,100821,159,101431,159,100810,159,101444,159,100705,159,101503,159,100432,159,101634,100,100373,100,101651,100,100121,100,101762,100,100038,100,,,99991,100,,,99989,100
2019-06-28 09:54:10.000000000,101057,396,100857,396,101058,41,100821,100,101431,100,100810,100,101444,100,100705,100,101503,100,100432,100,101634,100,100373,100,101651,100,100121,100,101762,100,100038,100,,,99991,100,,,99989,100
2019-06-28 09:54:20.000000000,101057,159,100857,159,101058,100,100821,159,101431,159,100810,159,101444,159,100705,159,101503,159,100432,159,101634,100,100373,100,101651,100,100121,100,101762,100,100038,100,,,99991,100,,,99989,100
2019-06-28 09:54:20.539593209,101057,159,100857,59,101058,100,100821,159,101431,159,100810,159,101444,159,100705,159,101503,159,100432,159,101634,100,100373,100,101651,100,100121,100,101762,100,100038,100,,,99991,100,,,99989,100
2019-06-28 09:54:27.121928052,101057,159,100857,59,101058,100,100821,159,101431,159,100810,159,101444,159,100705,159,101503,159,100703,100,101634,100,100432,159,101651,100,100373,100,101762,100,100121,100,,,100038,100,,,99991,100
2019-06-28 09:54:30.000000000,101057,396,100821,396,101058,41,100810,100,101431,100,100705,100,101444,100,100703,100,101503,100,100432,100,101634,100,100373,100,101651,100,100121,100,101762,100,100038,100,,,99991,100,,,99989,100
2019-06-28 09:54:34.206806645,101057,396,100821,296,101058,41,100810,100,101431,100,100705,100,101444,100,100703,100,101503,100,100432,100,101634,100,100373,100,101651,100,100121,100,101762,100,100038,100,,,99991,100,,,99989,100
2019-06-28 09:54:35.764594971,101057,396,100821,196,101058,41,100810,100,101431,100,100705,100,101444,100,100703,100,101503,100,100432,100,101634,100,100373,100,101651,100,100121,100,101762,100,100038,100,,,99991,100,,,99989,100
2019-06-28 09:54:40.000000000,101057,174,100810,174,101058,115,100705,174,101431,174,100703,174,101444,174,100432,174,101503,100,100373,100,101634,100,100121,100,101651,100,100038,100,101762,100,99991,100,,,99989,100,,,99938,100
2019-06-28 09:54:50.000000000,101057,201,100810,201,101058,139,100705,198,101431,198,100703,198,101444,100,100432,100,101503,100,100373,100,101634,100,100121,100,101651,100,100038,100,101762,100,99991,100,,,99989,100,,,99938,100
2019-06-28 09:55:00.000000000,101057,159,100810,159,101058,100,100705,159,101431,159,100703,159,101444,159,100432,159,101503,159,100373,159,101634,100,100121,100,101651,100,100038,100,101762,100,99991,100,,,99989,100,,,99938,100
2019-06-28 09:55:10.000000000,101057,396,100810,396,101058,41,100705,100,101431,100,100703,100,101444,100,100432,100,101503,100,100373,100,101634,100,100121,100,101651,100,100038,100,101762,100,99991,100,,,99989,100,,,99938,100
2019-06-28 09:55:20.000000000,101057,174,100810,174,101058,115,100705,174,101431,174,100703,174,101444,174,100432,174,101503,100,100373,100,101634,100,100121,100,101651,100,100038,100,101762,100,99991,100,,,99989,100,,,99938,100
2019-06-28 09:55:30.000000000,101057,174,100810,174,101058,115,100705,174,101431,174,100703,174,101444,174,100432,174,101503,100,100373,100,101634,100,100121,100,101651,100,100038,100,101762,100,99991,100,,,99989,100,,,99938,100
2019-06-28 09:55:40.000000000,101057,159,100810,159,101058,100,100705,159,101431,159,100703,159,101444,159,100432,159,101503,159,100373,159,101634,100,100121,100,101651,100,100038,100,101762,100,99991,100,,,99989,100,,,99938,100
2019-06-28 09:55:50.000000000,101057,396,100810,396,101058,41,100705,100,101431,100,100703,100,101444,100,100432,100,101503,100,100373,100,101634,100,100121,100,101651,100,100038,100,101762,100,99991,100,,,99989,100,,,99938,100
2019-06-28 09:56:00.000000000,101057,248,100810,248,101058,189,100705,248,101431,100,100703,100,101444,100,100432,100,101503,100,100373,100,101634,100,100121,100,101651,100,100038,100,101762,100,99991,100,,,99989,100,,,99938,100
2019-06-28 09:56:10.000000000,101057,248,100810,248,101058,189,100705,248,101431,100,100703,100,101444,100,100432,100,101503,100,100373,100,101634,100,100121,100,101651,100,100038,100,101762,100,99991,100,,,99989,100,,,99938,100
2019-06-28 09:56:16.387347989,101057,248,100821,100,101058,189,100810,248,101431,100,100705,248,101444,100,100703,100,101503,100,100432,100,101634,100,100373,100,101651,100,100121,100,101762,100,100038,100,,,99991,100,,,99989,100
2019-06-28 09:56:20.000000000,101057,396,100821,396,101058,41,100810,100,101431,100,100705,100,101444,100,100703,100,101503,100,100432,100,101634,100,100373,100,101651,100,100121,100,101762,100,100038,100,,,99991,100,,,99989,100
2019-06-28 09:56:24.731873519,101057,396,100821,296,101058,41,100705,100,101431,100,100703,100,101444,100,100432,100,101503,100,100373,100,101634,100,100121,100,101651,100,100038,100,101762,100,99991,100,,,99989,100,,,99938,100
2019-06-28 09:56:30.000000000,101057,201,100705,201,101058,139,100703,198,101431,198,100432,198,101444,100,100373,100,101503,100,100121,100,101634,100,100038,100,101651,100,99991,100,101762,100,99989,100,,,99938,100,,,99920,100
2019-06-28 09:56:40.000000000,101057,174,100705,174,101058,115,100703,174,101431,174,100432,174,101444,174,100373,174,101503,100,100121,100,101634,100,100038,100,101651,100,99991,100,101762,100,99989,100,,,99938,100,,,99920,100
2019-06-28 09:56:44.498749492,100906,100,100705,174,101057,174,100703,174,101058,115,100432,174,101431,174,100373,174,101444,174,100121,100,101503,100,100038,100,101634,100,99991,100,101651,100,99989,100,101762,100,99938,100,,,99920,100
2019-06-28 09:56:50.000000000,100906,396,100705,396,101057,100,100703,100,101058,41,100432,100,101431,100,100373,100,101444,100,100121,100,101503,100,100038,100,101634,100,99991,100,101651,100,99989,100,101762,100,99938,100,,,99920,100
2019-06-28 09:57:00.000000000,100906,159,100705,159,101057,159,100703,159,101058,100,100432,159,101431,159,100373,159,101444,159,100121,159,101503,100,100038,100,101634,100,99991,100,101651,100,99989,100,101762,100,99938,100,,,99920,100
2019-06-28 09:57:10.000000000,100906,174,100705,174,101057,174,100703,174,101058,115,100432,174,101431,174,100373,174,101444,100,100121,100,101503,100,100038,100,101634,100,99991,100,101651,100,99989,100,101762,100,99938,100,,,99920,100
2019-06-28 09:57:20.000000000,100906,159,100705,159,101057,159,100703,159,101058,100,100432,159,101431,159,100373,159,101444,159,100121,159,101503,100,100038,100,101634,100,99991,100,101651,100,99989,100,101762,100,99938,100,,,99920,100
2019-06-28 09:57:26.089745711,100906,59,100705,159,101057,159,100703,59,101058,100,100432,159,101431,159,100373,159,101444,159,100121,159,101503,100,100038,100,101634,100,99991,100,101651,100,99989,100,101762,100,99938,100,,,99920,100
2019-06-28 09:57:30.000000000,101057,248,100705,248,101058,189,100432,248,101431,100,100373,100,101444,100,100121,100,101503,100,100038,100,101634,100,99991,100,101651,100,99989,100,101762,100,99938,100,,,99920,100,,,99482,100
2019-06-28 09:57:36.789288812,101057,248,100822,100,101058,189,100705,248,101431,100,100432,248,101444,100,100373,100,101503,100,100121,100,101634,100,100038,100,101651,100,99991,100,101762,100,99989,100,,,99938,100,,,99920,100
2019-06-28 09:57:40.000000000,101057,396,100822,396,101058,41,100705,100,101431,100,100432,100,101444,100,100373,100,101503,100,100121,100,101634,100,100038,100,101651,100,99991,100,101762,100,99989,100,,,99938,100,,,99920,100
2019-06-28 09:57:50.000000000,101057,201,100822,201,101058,139,100705,198,101431,198,100432,198,101444,100,100373,100,101503,100,100121,100,101634,100,100038,100,101651,100,99991,100,101762,100,99989,100,,,99938,100,,,99920,100
2019-06-28 09:57:58.998886938,101057,201,100950,100,101058,139,100822,201,101431,98,100705,198,101444,100,100432,198,101503,100,100373,100,101634,100,100121,100,101651,100,100038,100,101762,100,99991,100,,,99989,100,,,99938,100
2019-06-28 09:58:00.000000000,101057,174,100950,174,101058,115,100822,174,101444,174,100705,174,101503,174,100432,174,101634,100,100373,100,101651,100,100121,100,101762,100,100038,100,,,99991,100,,,99989,100,,,99938,100
2019-06-28 09:58:10.000000000,101057,201,100950,201,101058,139,100822,198,101444,198,100705,198,101503,100,100432,100,101634,100,100373,100,101651,100,100121,100,101762,100,100038,100,,,99991,100,,,99989,100,,,99938,100
2019-06-28 09:58:10.966702715,101057,201,100950,201,101058,139,100822,298,101444,198,100705,198,101503,100,100432,100,101634,100,100373,100,101651,100,100121,100,101762,100,100038,100,,,99991,100,,,99989,100,,,99938,100
2019-06-28 09:58:11.046604046,101057,201,100950,201,101058,139,100868,100,101444,198,100822,298,101503,100,100705,98,101634,100,100432,100,101651,100,100373,100,101762,100,100121,100,,,100038,100,,,99991,100,,,99989,100
2019-06-28 09:58:12.220606778,101030,100,100950,201,101057,201,100868,100,101058,139,100822,298,101444,198,100705,98,101503,100,100432,100,101634,100,100373,100,101651,100,100121,100,101762,100,100038,100,,,99991,100,,,99989,100
2019-06-28 09:58:20.000000000,101030,159,100950,159,101057,159,100868,159,101058,100,100822,259,101444,159,100432,159,101503,159,100373,159,101634,100,100121,100,101651,100,100038,100,101762,100,99991,100,,,99989,100,,,99938,100
2019-06-28 09:58:20.051064686,101030,159,100950,59,101057,159,100868,159,101058,100,100822,259,101444,159,100432,159,101503,159,100373,159,101634,100,100121,100,101651,100,100038,100,101762,100,99991,100,,,99989,100,,,99920,100
2019-06-28 09:58:30.000000000,101030,248,100868,248,101057,248,100822,348,101058,41,100432,100,101444,100,100373,100,101503,100,100121,100,101634,100,100038,100,101651,100,99991,100,101762,100,99989,100,,,99920,100,,,99482,100
2019-06-28 09:58:36.535636226,101030,248,100868,148,101057,248,100822,348,101058,41,100432,100,101444,100,100373,100,101503,100,100121,100,101634,100,100038,100,101651,100,99991,100,101762,100,99989,100,,,99920,100,,,99482,100
2019-06-28 09:58:40.000000000,101030,201,100822,301,101057,198,100432,198,101058,139,100373,198,101444,100,100121,100,101503,100,100038,100,101634,100,99991,100,101651,100,99989,100,101762,100,99920,100,,,99482,100,,,,
2019-06-28 09:58:50.000000000,101030,248,100822,348,101057,248,100432,248,101058,41,100373,100,101444,100,100121,100,101503,100,100038,100,101634,100,99991,100,101651,100,99989,100,101762,100,99920,100,,,99482,100,,,,
2019-06-28 09:59:00.000000000,101030,174,100822,274,101057,174,100432,174,101058,115,100373,174,101444,174,100121,174,101503,100,100038,100,101634,100,99991,100,101651,100,99989,100,101762,100,99920,100,,,99482,100,,,,
2019-06-28 09:59:05.998749002,101030,174,100822,274,101057,174,100653,100,101058,115,100432,174,101444,174,100373,174,101503,100,100121,174,101634,100,100038,100,101762,100,99991,100,,,99989,100,,,99920,100,,,99482,100
2019-06-28 09:59:10.000000000,101030,201,100822,301,101057,198,100653,198,101058,139,100432,198,101444,100,100373,100,101503,100,100121,100,101634,100,100038,100,101762,100,99991,100,,,99989,100,,,99920,100,,,99482,100
2019-06-28 09:59:14.611400904,101030,201,100822,301,101057,198,100653,198,101058,139,100432,198,101106,100,100373,100,101444,100,100121,100,101503,100,100038,100,101634,100,99991,100,101762,100,99989,100,,,99920,100,,,99482,100
2019-06-28 09:59:20.000000000,101030,201,100822,301,101057,198,100653,198,101058,139,100432,198,101106,100,100373,100,101444,100,100121,100,101503,100,100038,100,101634,100,99991,100,101762,100,99989,100,,,99920,100,,,99482,100
2019-06-28 09:59:30.000000000,101030,248,100822,348,101057,248,100653,248,101058,41,100432,100,101106,100,100373,100,101444,100,100121,100,101503,100,100038,100,101634,100,99991,100,101762,100,99989,100,,,99920,100,,,99482,100
2019-06-28 09:59:40.000000000,101030,159,100822,259,101057,159,100653,159,101058,100,100432,159,101106,159,100373,159,101444,159,100121,159,101503,100,100038,100,101634,100,99991,100,101762,100,99989,100,,,99920,100,,,99482,100
2019-06-28 09:59:50.000000000,101030,248,100822,348,101057,248,100653,248,101058,41,100432,100,101106,100,100373,100,101444,100,100121,100,101503,100,100038,100,101634,100,99991,100,101762,100,99989,100,,,99920,100,,,99482,100
2019-06-28 09:59:55.532919358,101030,248,100822,348,101057,248,100653,248,101058,41,100616,100,101106,100,100432,100,101444,100,100373,100,101503,100,100121,100,101634,100,100038,100,101762,100,99991,100,,,99989,100,,,99920,100
2019-06-28 09:59:59.667242951,100950,100,100822,348,101030,248,100653,248,101057,248,100616,100,101058,41,100432,100,101106,100,100373,100,101444,100,100121,100,101503,100,100038,100,101634,100,99991,100,101762,100,99989,100,,,99920,100
2019-06-28 10:00:00.000000000,100950,159,100822,259,101030,159,100653,159,101057,159,100616,159,101058,100,100432,159,101106,159,100373,159,101444,100,100121,100,101503,100,100038,100,101634,100,99991,100,101762,100,99989,100,,,99920,100
2019-06-28 10:00:10.000000000,100950,174,100822,274,101030,174,100653,174,101057,174,100616,174,101058,115,100432,174,101106,100,100373,100,101444,100,100121,100,101503,100,100038,100,101634,100,99991,100,101762,100,99989,100,,,99920,100
2019-06-28 10:00:20.000000000,100950,396,100822,496,101030,100,100653,100,101057,100,100616,100,101058,41,100432,100,101106,100,100373,100,101444,100,100121,100,101503,100,100038,100,101634,100,99991,100,101762,100,99989,100,,,99920,100
2019-06-28 10:00:30.000000000,100950,248,100822,348,101030,248,100653,248,101057,100,100616,100,101058,41,100432,100,101106,100,100373,100,101444,100,100121,100,101503,100,100038,100,101634,100,99991,100,101762,100,99989,100,,,99920,100
2019-06-28 10:00:40.000000000,100950,201,100822,301,101030,198,100653,198,101057,198,100616,198,101058,41,100432,100,101106,100,100373,100,101444,100,100121,100,101503,100,100038,100,101634,100,99991,100,101762,100,99989,100,,,99920,100
2019-06-28 10:00:40.680286171,100950,301,100822,301,101030,198,100653,198,101057,198,100616,198,101058,41,100432,100,101106,100,100373,100,101444,100,100121,100,101503,100,100038,100,101634,100,99991,100,101762,100,99989,100,,,99920,100
2019-06-28 10:00:50.000000000,100950,274,100822,274,101030,174,100653,174,101057,174,100616,174,101058,115,100432,174,101106,100,100373,100,101444,100,100121,100,101503,100,100038,100,101634,100,99991,100,101762,100,99989,100,,,99920,100
2019-06-28 10:01:00.000000000,100950,301,100822,301,101030,198,100653,198,101057,198,100616,198,101058,41,100432,100,101106,100,100373,100,101444,100,100121,100,101503,100,100038,100,101634,100,99991,100,101762,100,99989,100,,,99920,100
2019-06-28 10:01:10.000000000,100950,274,100822,274,101030,174,100653,174,101057,174,100616,174,101058,115,100432,174,101106,100,100373,100,101444,100,100121,100,101503,100,100038,100,101634,100,99991,100,101762,100,99989,100,,,99920,100
2019-06-28 10:01:20.000000000,100950,496,100822,496,101030,100,100653,100,101057,100,100616,100,101058,41,100432,100,101106,100,100373,100,101444,100,100121,100,101503,100,100038,100,101634,100,99991,100,101762,100,99989,100,,,99920,100
2019-06-28 10:01:23.168083701,100950,496,100822,496,101030,100,100653,100,101057,100,100616,100,101058,41,100432,100,101106,100,100373,100,101444,100,100121,100,101503,100,100038,100,101634,100,99991,100,101762,100,99989,100,,,99941,100
2019-06-28 10:01:30.000000000,100950,259,100822,259,101030,159,100653,159,101057,159,100616,159,101058,100,100432,159,101106,159,100373,159,101444,100,100121,100,101503,100,100038,100,101634,100,99991,100,101762,100,99989,100,,,99941,100
2019-06-28 10:01:40.000000000,100950,274,100822,274,101030,174,100653,174,101057,174,100616,174,101058,115,100432,174,101106,100,100373,100,101444,100,100121,100,101503,100,100038,100,101634,100,99991,100,101762,100,99989,100,,,99941,100
2019-06-28 10:01:43.107064236,100950,274,100822,274,101030,174,100653,174,101057,174,100616,174,101058,115,100432,174,101106,100,100406,100,101444,100,100373,100,101503,100,100121,100,101634,100,100038,100,101762,100,99991,100,,,99989,100
2019-06-28 10:01:50.000000000,100950,496,100822,496,101030,100,100653,100,101057,100,100616,100,101058,41,100432,100,101106,100,100406,100,101444,100,100373,100,101503,100,100121,100,101634,100,100038,100,101762,100,99991,100,,,99989,100
2019-06-28 10:01:50.561029220,100950,496,100822,496,101030,100,100653,100,101057,100,100616,100,101058,41,100432,100,101106,100,100406,100,101444,100,100373,100,101503,100,100173,100,101634,100,100121,100,101762,100,100038,100,,,99991,100
2019-06-28 10:01:53.172833434,100950,596,100822,496,101030,100,100653,100,101057,100,100616,100,101058,41,100432,100,101106,100,100406,100,101444,100,100373,100,101503,100,100173,100,101634,100,100121,100,101762,100,100038,100,,,99991,100
2019-06-28 10:01:57.586744901,100950,596,100822,496,101030,100,100653,100,101057,100,100616,100,101058,41,100432,100,101106,100,100406,100,101444,100,100373,100,101503,100,100173,100,101634,100,100153,100,101762,100,100121,100,,,100038,100
2019-06-28 10:01:59.177427419,100950,496,100822,496,101030,100,100653,100,101057,100,100616,100,101058,41,100432,100,101106,100,100406,100,101444,100,100373,100,101503,100,100173,100,101634,100,100153,100,101762,100,100121,100,,,100038,100
2019-06-28 10:02:00.000000000,100950,259,100822,259,101030,159,100653,159,101057,159,100616,159,101058,100,100432,159,101106,159,100406,159,101444,100,100373,100,101503,100,100173,100,101634,100,100153,100,101762,100,100121,100,,,100038,100
2019-06-28 10:02:07.491901969,100950,259,100822,259,101030,159,100653,159,101057,159,100616,159,101058,100,100432,159,101106,159,100406,59,101444,100,100373,100,101503,100,100322,100,101634,100,100173,100,101762,100,100153,100,,,100121,100
2019-06-28 10:02:10.000000000,100950,348,100822,348,101030,248,100653,248,101057,100,100616,100,101058,41,100432,100,101106,100,100373,100,101444,100,100322,100,101503,100,100173,100,101634,100,100153,100,101762,100,100121,100,,,100038,100
2019-06-28 10:02:11.329154528,100950,348,100822,348,101030,248,100653,248,101057,100,100616,100,101058,41,100432,100,101106,100,100322,100,101444,100,100173,100,101503,100,100153,100,101634,100,100121,100,101762,100,100038,100,,,99991,100
2019-06-28 10:02:20.000000000,100950,301,100822,301,101030,198,100653,198,101057,198,100616,198,101058,41,100432,100,101106,100,100322,100,101444,100,100173,100,101503,100,100153,100,101634,100,100121,100,101762,100,100038,100,,,99991,100
2019-06-28 10:02:30.000000000,100950,348,100822,348,101030,248,100653,248,101057,100,100616,100,101058,41,100432,100,101106,100,100322,100,101444,100,100173,100,101503,100,100153,100,101634,100,100121,100,101762,100,100038,100,,,99991,100
2019-06-28 10:02:40.000000000,100950,348,100822,348,101030,248,100653,248,101057,100,100616,100,101058,41,100432,100,101106,100,100322,100,101444,100,100173,100,101503,100,100153,100,101634,100,100121,100,101762,100,100038,100,,,99991,100
2019-06-28 10:02:50.000000000,100950,348,100822,348,101030,248,100653,248,101057,100,100616,100,101058,41,100432,100,101106,100,100322,100,101444,100,100173,100,101503,100,100153,100,101634,100,100121,100,101762,100,100038,100,,,99991,100
2019-06-28 10:02:57.041902791,100950,448,100822,348,101030,248,100653,248,101057,100,100616,100,101058,41,100432,100,101106,100,100322,100,101444,100,100173,100,101503,100,100153,100,101634,100,100121,100,101762,100,100038,100,,,99991,100
2019-06-28 10:02:59.159769901,100950,448,100822,348,101030,248,100653,248,101057,100,100616,100,101058,41,100432,100,101106,100,100322,100,101444,100,100173,100,101503,100,100153,100,101634,100,100121,100,101762,100,100038,100,,,99991,100
2019-06-28 10:03:00.000000000,100950,401,100822,301,101030,198,100653,198,101057,198,100616,198,101058,41,100432,100,101106,100,100322,100,101444,100,100173,100,101503,100,100153,100,101634,100,100121,100,101762,100,100038,100,,,99991,100
2019-06-28 10:03:01.103873454,100950,401,100822,201,101030,198,100653,198,101057,198,100616,198,101058,41,100432,100,101106,100,100322,100,101444,100,100173,100,101503,100,100153,100,101634,100,100121,100,101762,100,100038,100,,,99991,100
2019-06-28 10:03:03.968480550,100950,401,100822,101,101030,198,100653,198,101057,198,100616,198,101058,41,100432,100,101106,100,100322,100,101444,100,100173,100,101503,100,100153,100,101634,100,100121,100,101762,100,100038,100,,,99991,100
2019-06-28 10:03:10.000000000,100950,448,100653,248,101030,248,100616,248,101057,100,100432,100,101058,41,100322,100,101106,100,100173,100,101444,100,100153,100,101503,100,100121,100,101634,100,100038,100,101762,100,99991,100,,,99989,100
2019-06-28 10:03:17.633115331,100950,448,100653,248,101030,248,100616,248,101057,100,100432,100,101058,41,100322,100,101106,100,100173,100,101444,100,100153,100,101503,100,100121,100,101634,100,100038,100,101762,100,99991,100,,,99989,100
2019-06-28 10:03:20.000000000,100950,448,100653,248,101030,248,100616,248,101057,100,100432,100,101058,41,100322,100,101106,100,100173,100,101444,100,100153,100,101503,100,100121,100,101634,100,100038,100,101762,100,99991,100,,,99989,100
2019-06-28 10:03:30.000000000,100950,596,100653,396,101030,100,100616,100,101057,100,100432,100,101058,41,100322,100,101106,100,100173,100,101444,100,100153,100,101503,100,100121,100,101634,100,100038,100,101762,100,99991,100,,,99989,100
2019-06-28 10:03:40.000000000,100950,448,100653,248,101030,248,100616,248,101057,100,100432,100,101058,41,100322,100,101106,100,100173,100,101444,100,100153,100,101503,100,100121,100,101634,100,100038,100,101762,100,99991,100,,,99989,100
2019-06-28 10:03:50.000000000,100950,596,100653,396,101030,100,100616,100,101057,100,100432,100,101058,41,100322,100,101106,100,100173,100,101444,100,100153,100,101503,100,100121,100,101634,100,100038,100,101762,100,99991,100,,,99989,100
2019-06-28 10:03:53.675250311,100950,596,100653,296,101030,100,100616,100,101057,100,100432,100,101058,41,100322,100,101106,100,100173,100,101444,100,100153,100,101503,100,100121,100,101634,100,100038,100,101762,100,99991,100,,,99989,100
2019-06-28 10:03:57.871571951,100822,100,100653,296,100950,496,100616,100,101030,100,100432,100,101057,100,100322,100,101058,41,100173,100,101106,100,100153,100,101444,100,100121,100,101503,100,100038,100,101634,100,99991,100,101762,100,99989,100
2019-06-28 10:03:59.579546573,100822,100,100653,296,100950,496,100616,100,101030,100,100432,100,101057,100,100322,100,101058,41,100301,100,101106,100,100173,100,101444,100,100153,100,101503,100,100121,100,101634,100,100038,100,101762,100,99991,100
2019-06-28 10:04:00.000000000,100822,201,100616,201,100950,298,100432,198,101030,198,100322,198,101057,100,100301,100,101058,41,100173,100,101106,100,100153,100,101444,100,100121,100,101503,100,100038,100,101634,100,99991,100,101762,100,99989,100
2019-06-28 10:04:10.000000000,100822,396,100616,396,100950,200,100432,100,101030,100,100322,100,101057,100,100301,100,101058,41,100173,100,101106,100,100153,100,101444,100,100121,100,101503,100,100038,100,101634,100,99991,100,101762,100,99989,100
2019-06-28 10:04:12.075649806,100822,396,100616,296,100950,200,100432,100,101030,100,100322,100,101057,100,100173,100,101058,41,100153,100,101106,100,100121,100,101444,100,100038,100,101503,100,99991,100,101634,100,99989,100,101762,100,99941,100
2019-06-28 10:04:20.000000000,100822,201,100432,201,100950,298,100322,198,101030,198,100173,198,101057,100,100153,100,101058,41,100121,100,101106,100,100038,100,101444,100,99991,100,101503,100,99989,100,101634,100,99941,100,101762,100,99875,100
2019-06-28 10:04:23.246659411,100822,201,100432,201,100950,298,100322,198,101030,198,100173,198,101057,100,100153,100,101058,41,100121,100,101106,100,100038,100,101444,100,99991,100,101634,100,99989,100,101762,100,99941,100,,,99875,100
2019-06-28 10:04:30.000000000,100822,396,100432,396,100950,200,100322,100,101030,100,100173,100,101057,100,100153,100,101058,41,100121,100,101106,100,100038,100,101444,100,99991,100,101634,100,99989,100,101762,100,99941,100,,,99875,100
2019-06-28 10:04:40.000000000,100822,201,100432,201,100950,298,100322,198,101030,198,100173,198,101057,100,100153,100,101058,41,100121,100,101106,100,100038,100,101444,100,99991,100,101634,100,99989,100,101762,100,99941,100,,,99875,100
2019-06-28 10:04:42.284919885,100822,201,100432,201,100828,100,100322,198,100950,298,100173,198,101030,198,100153,100,101057,100,100121,100,101058,41,100038,100,101106,100,99991,100,101444,100,99989,100,101634,100,99941,100,101762,100,99875,100
2019-06-28 10:04:50.000000000,100822,248,100432,248,100828,248,100322,248,100950,200,100173,100,101030,100,100153,100,101057,100,100121,100,101058,41,100038,100,101106,100,99991,100,101444,100,99989,100,101634,100,99941,100,101762,100,99875,100
2019-06-28 10:04:58.692650202,100822,248,100432,248,100828,248,100322,248,100950,200,100173,100,101030,100,100153,100,101058,41,100121,100,101106,100,100038,100,101444,100,99991,100,101634,100,99989,100,101762,100,99941,100,,,99875,100
2019-06-28 10:05:00.000000000,100822,174,100432,174,100828,174,100322,174,100950,274,100173,174,101030,174,100153,174,101058,41,100121,100,101106,100,100038,100,101444,100,99991,100,101634,100,99989,100,101762,100,99941,100,,,99875,100
2019-06-28 10:05:10.000000000,100822,396,100432,396,100828,100,100322,100,100950,200,100173,100,101030,100,100153,100,101058,41,100121,100,101106,100,100038,100,101444,100,99991,100,101634,100,99989,100,101762,100,99941,100,,,99875,100
2019-06-28 10:05:15.479127889,100822,396,100432,396,100828,100,100322,100,100950,200,100173,100,101030,100,100153,100,101058,41,100121,100,101106,100,100038,100,101444,100,99991,100,101634,100,99989,100,101762,100,99941,100,,,99927,100
2019-06-28 10:05:17.953172806,100822,396,100432,396,100828,100,100322,100,100950,200,100173,100,101030,100,100153,100,101058,41,100121,100,101106,100,100038,100,101444,100,99991,100,101634,100,99989,100,101762,100,99941,100,,,99927,100
2019-06-28 10:05:20.000000000,100822,201,100432,201,100828,198,100322,198,100950,298,100173,198,101030,100,100153,100,101058,41,100121,100,101106,100,100038,100,101444,100,99991,100,101634,100,99989,100,101762,100,99941,100,,,99927,100
2019-06-28 10:05:25.210949511,100822,201,100432,101,100828,198,100322,198,100950,298,100173,198,101030,100,100153,100,101058,41,100121,100,101106,100,100038,100,101444,100,99991,100,101634,100,99989,100,101762,100,99941,100,,,99927,100
2019-06-28 10:05:30.000000000,100822,396,100322,396,100828,100,100173,100,100950,200,100153,100,101030,100,100121,100,101058,41,100038,100,101106,100,99991,100,101444,100,99989,100,101634,100,99941,100,101762,100,99927,100,,,99892,100
2019-06-28 10:05:40.000000000,100822,201,100322,201,100828,198,100173,198,100950,298,100153,198,101030,100,100121,100,101058,41,100038,100,101106,100,99991,100,101444,100,99989,100,101634,100,99941,100,101762,100,99927,100,,,99892,100
2019-06-28 10:05:40.476589757,100616,100,100322,201,100822,101,100173,198,100828,198,100153,198,100950,298,100121,100,101030,100,100038,100,101058,41,99991,100,101106,100,99989,100,101444,100,99941,100,101634,100,99927,100,101762,100,99892,100
2019-06-28 10:05:40.805637439,100616,100,100322,201,100822,101,100173,198,100828,198,100153,198,100950,298,100121,100,101030,100,100038,100,101058,41,99991,100,101106,100,99989,100,101444,100,99941,100,101634,100,99927,100,101762,100,99892,100
2019-06-28 10:05:50.000000000,100616,174,100322,174,100828,174,100173,174,100950,274,100153,174,101030,174,100121,174,101058,41,100038,100,101106,100,99991,100,101444,100,99989,100,101634,100,99941,100,101762,100,99927,100,,,99892,100
2019-06-28 10:05:56.761583479,100616,174,100322,74,100828,174,100173,174,100950,274,100153,174,101030,174,100121,174,101058,41,100038,100,101106,100,99991,100,101444,100,99989,100,101634,100,99941,100,101762,100,99927,100,,,99892,100
2019-06-28 10:05:58.151279401,100322,26,100173,174,100616,174,100153,174,100828,174,100121,174,100950,274,100038,100,101030,174,99991,100,101058,41,99989,100,101106,100,99941,100,101444,100,99892,100,101634,100,99875,100,101762,100,99783,100
2019-06-28 10:06:00.000000000,100322,100,100173,174,100616,174,100153,174,100828,174,100121,174,100950,274,100038,174,101030,100,99991,100,101058,41,99989,100,101106,100,99941,100,101444,100,99892,100,101634,100,99875,100,101762,100,99783,100
2019-06-28 10:06:09.955502782,100322,100,100173,174,100616,174,100153,174,100828,174,100121,174,100950,274,100038,174,101030,100,99991,100,101058,41,99989,100,101106,100,99958,100,101444,100,99941,100,101634,100,99892,100,101762,100,99875,100
2019-06-28 10:06:10.000000000,100322,174,100173,248,100616,248,100153,248,100828,100,100121,100,100950,200,100038,100,101030,100,99991,100,101058,41,99989,100,101106,100,99958,100,101444,100,99941,100,101634,100,99892,100,101762,100,99875,100
2019-06-28 10:06:16.524632036,100322,174,100173,248,100616,248,100153,248,100828,100,100121,100,100950,200,100038,100,101030,100,99991,100,101058,41,99989,100,101106,100,99958,100,101444,100,99941,100,101634,100,99929,100,101762,100,99892,100
2019-06-28 10:06:20.000000000,100322,85,100173,159,100616,159,100153,159,100828,159,100121,159,100950,259,100038,159,101030,159,99991,159,101058,41,99989,100,101106,100,99958,100,101444,100,99941,100,101634,100,99929,100,101762,100,99892,100
2019-06-28 10:06:21.672149572,100322,185,100173,159,100616,159,100153,159,100828,159,100121,159,100950,259,100038,159,101030,159,99991,159,101058,41,99989,100,101106,100,99958,100,101444,100,99941,100,101634,100,99929,100,101762,100,99892,100
2019-06-28 10:06:27.397585480,100322,185,100173,159,100616,159,100153,159,100828,159,100121,159,100950,259,100038,159,101030,159,99991,159,101058,41,99989,100,101106,100,99958,100,101444,100,99941,100,101634,100,99929,100,101762,100,99892,100
2019-06-28 10:06:30.000000000,100322,274,100173,248,100616,248,100153,248,100828,100,100121,100,100950,200,100038,100,101030,100,99991,100,101058,41,99989,100,101106,100,99958,100,101444,100,99941,100,101634,100,99929,100,101762,100,99892,100
2019-06-28 10:06:40.000000000,100322,227,100173,201,100616,198,100153,198,100828,198,100121,198,100950,200,100038,100,101030,100,99991,100,101058,41,99989,100,101106,100,99958,100,101444,100,99941,100,101634,100,99929,100,101762,100,99892,100
2019-06-28 10:06:45.947150511,100322,227,100173,201,100616,198,100153,198,100828,198,100121,198,100950,200,100042,100,101030,100,100038,100,101058,41,99991,100,101106,100,99989,100,101444,100,99958,100,101634,100,99941,100,101762,100,99929,100
2019-06-28 10:06:50.000000000,100322,185,100173,159,100616,159,100153,159,100828,159,100121,159,100950,259,100042,159,101030,159,100038,159,101058,41,99991,100,101106,100,99989,100,101444,100,99958,100,101634,100,99941,100,101762,100,99929,100
2019-06-28 10:06:59.218506615,100322,185,100173,159,100616,159,100153,159,100828,159,100121,159,100950,259,100042,159,101030,159,100038,159,101058,41,99991,100,101106,100,99989,100,101444,100,99958,100,101634,100,99941,100,101762,100,99929,100
2019-06-28 10:07:00.000000000,100322,185,100173,159,100616,159,100153,159,100828,159,100121,159,100950,259,100042,159,101030,159,100038,159,101058,41,99991,100,101106,100,99989,100,101444,100,99958,100,101634,100,99941,100,101762,100,99929,100
2019-06-28 10:07:04.560397169,100322,185,100173,159,100616,159,100153,159,100828,159,100121,159,100950,259,100042,159,101030,159,100038,159,101058,41,99991,100,101106,100,99989,100,101444,100,99958,100,101634,100,99941,100,101762,100,99929,100
2019-06-28 10:07:04.789742987,100322,185,100173,159,100616,159,100153,159,100828,159,100121,159,100950,259,100042,159,101030,159,100038,159,101058,41,99991,100,101106,100,99989,100,101444,100,99973,100,101634,100,99958,100,101762,100,99941,100
2019-06-28 10:07:10.000000000,100322,185,100173,159,100616,159,100153,159,100828,159,100121,159,100950,259,100042,159,101030,159,100038,159,101058,41,99991,100,101106,100,99989,100,101444,100,99973,100,101634,100,99958,100,101762,100,99941,100
2019-06-28 10:07:20.000000000,100322,274,100173,248,100616,248,100153,248,100828,100,100121,100,100950,200,100042,100,101030,100,100038,100,101058,41,99991,100,101106,100,99989,100,101444,100,99973,100,101634,100,99958,100,101762,100,99941,100
2019-06-28 10:07:30.000000000,100322,227,100173,201,100616,198,100153,198,100828,198,100121,198,100950,200,100042,100,101030,100,100038,100,101058,41,99991,100,101106,100,99989,100,101444,100,99973,100,101634,100,99958,100,101762,100,99941,100
2019-06-28 10:07:36.273275945,100322,327,100173,201,100616,198,100153,198,100828,198,100121,198,100950,200,100042,100,101030,100,100038,100,101058,41,99991,100,101106,100,99973,100,101444,100,99958,100,101634,100,99941,100,101762,100,99929,100
2019-06-28 10:07:40.000000000,100322,285,100173,159,100616,159,100153,159,100828,159,100121,159,100950,259,100042,159,101030,159,100038,159,101058,41,99991,100,101106,100,99973,100,101444,100,99958,100,101634,100,99941,100,101762,100,99929,100
2019-06-28 10:07:45.432540651,100322,385,100173,159,100616,159,100153,159,100828,159,100121,159,100950,259,100042,159,101030,159,100038,159,101058,41,99991,100,101106,100,99973,100,101444,100,99958,100,101634,100,99941,100,101762,100,99929,100
2019-06-28 10:07:46.509835262,100322,385,100173,59,100616,159,100153,159,100828,159,100121,159,100950,259,100042,159,101030,159,100038,159,101106,100,99991,100,101444,100,99973,100,101634,100,99958,100,101762,100,99941,100,,,99929,100
2019-06-28 10:07:50.000000000,100322,622,100153,396,100616,100,100121,100,100828,100,100042,100,100950,200,100038,100,101030,100,99991,100,101106,100,99973,100,101444,100,99958,100,101634,100,99941,100,101762,100,99929,100,,,99912,100
2019-06-28 10:07:51.460671879,100322,622,100153,396,100616,100,100121,100,100828,100,100042,100,100950,200,100038,100,101030,100,99991,100,101106,100,99973,100,101444,100,99958,100,101634,100,99941,100,101762,100,99929,100,,,99912,100
2019-06-28 10:08:00.000000000,100322,474,100153,248,100616,248,100121,248,100828,100,100042,100,100950,200,100038,100,101030,100,99991,100,101106,100,99973,100,101444,100,99958,100,101634,100,99941,100,101762,100,99929,100,,,99912,100
2019-06-28 10:08:06.757853177,100322,474,100153,248,100616,248,100121,248,100828,100,100042,100,100950,200,100038,100,101030,100,99991,100,101106,100,99973,100,101444,100,99958,100,101634,100,99941,100,101762,100,99929,100,,,99912,100
2019-06-28 10:08:10.000000000,100322,474,100153,248,100616,248,100121,248,100828,100,100042,100,100950,200,100038,100,101030,100,99991,100,101106,100,99973,100,101444,100,99958,100,101634,100,99941,100,101762,100,99929,100,,,99912,100
2019-06-28 10:08:11.736969482,100321,100,100153,248,100322,474,100121,248,100616,248,100042,100,100828,100,100038,100,100950,200,99991,100,101030,100,99973,100,101106,100,99958,100,101444,100,99941,100,101634,100,99929,100,101762,100,99912,100
2019-06-28 10:08:20.000000000,100321,159,100153,159,100322,385,100121,159,100616,159,100042,159,100828,159,100038,159,100950,259,99991,159,101030,100,99973,100,101106,100,99958,100,101444,100,99941,100,101634,100,99929,100,101762,100,99912,100
2019-06-28 10:08:27.264971821,100321,159,100153,159,100322,385,100121,159,100616,159,100042,159,100828,159,100038,159,100950,159,99991,159,101030,100,99973,100,101106,100,99958,100,101444,100,99941,100,101634,100,99929,100,101762,100,99912,100
2019-06-28 10:08:30.000000000,100321,396,100153,396,100322,326,100121,100,100616,100,100042,100,100828,100,100038,100,100950,100,99991,100,101030,100,99973,100,101106,100,99958,100,101444,100,99941,100,101634,100,99929,100,101762,100,99912,100
2019-06-28 10:08:30.019623519,100321,396,100153,296,100322,326,100121,100,100616,100,100042,100,100828,100,100038,100,100950,100,99991,100,101030,100,99973,100,101106,100,99958,100,101444,100,99941,100,101634,100,99929,100,101762,100,99912,100
