,ask_price_1,ask_size_1,bid_price_1,bid_size_1,ask_price_2,ask_size_2,bid_price_2,bid_size_2,ask_price_3,ask_size_3,bid_price_3,bid_size_3,ask_price_4,ask_size_4,bid_price_4,bid_size_4,ask_price_5,ask_size_5,bid_price_5,bid_size_5,ask_price_6,ask_size_6,bid_price_6,bid_size_6,ask_price_7,ask_size_7,bid_price_7,bid_size_7,ask_price_8,ask_size_8,bid_price_8,bid_size_8,ask_price_9,ask_size_9,bid_price_9,bid_size_9,ask_price_10,ask_size_10,bid_price_10,bid_size_10
2019-06-28 09:30:00.000000000,100122,100,100008,100,,,,,,,,,,,,,,,,,,,,,,,,,,,,,,,,,,,,
2019-06-28 09:30:00.000000001,100122,100,100008,100,,,99954,100,,,,,,,,,,,,,,,,,,,,,,,,,,,,,,,,
2019-06-28 09:30:00.000000002,100122,100,100016,100,,,100008,100,,,99954,100,,,,,,,,,,,,,,,,,,,,,,,,,,,,
2019-06-28 09:30:00.000000006,100122,100,100067,100,,,100016,100,,,100008,100,,,99954,100,,,,,,,,,,,,,,,,,,,,,,,,
2019-06-28 09:30:00.000000009,100080,100,100067,100,100122,100,100016,100,,,100008,100,,,99954,100,,,99943,100,,,,,,,,,,,,,,,,,,,,
2019-06-28 09:30:00.000000010,100018,100,100016,100,100061,100,100008,100,100080,100,99954,100,100122,100,99943,100,,,,,,,,,,,,,,,,,,,,,,,,
2019-06-28 09:30:00.000000011,100018,100,100016,100,100061,100,100008,100,100080,100,99954,100,100121,100,99943,100,100122,100,,,,,,,,,,,,,,,,,,,,,,
2019-06-28 09:30:00.000000013,100018,100,100016,100,100061,100,100008,100,100080,100,99954,100,100121,100,99943,100,100122,100,99872,100,,,,,,,,,,,,,,,,,,,,
2019-06-28 09:30:00.000000014,100018,100,100016,100,100061,100,100008,100,100080,100,99954,100,100121,100,99943,100,100122,100,99872,100,,,99811,100,,,,,,,,,,,,,,,,
2019-06-28 09:30:00.000000017,100018,100,100016,100,100061,100,100008,100,100080,100,99954,100,100121,100,99943,100,100122,100,99872,100,,,99868,100,,,99811,100,,,,,,,,,,,,
2019-06-28 09:30:00.000000018,100018,100,100016,100,100061,100,100008,100,100080,100,99954,100,100121,100,99943,100,100122,100,99884,100,,,99872,100,,,99868,100,,,99811,100,,,,,,,,
2019-06-28 09:30:00.000000022,100061,100,100016,100,100080,100,100008,100,100121,100,99954,100,100122,100,99943,100,,,99884,100,,,99872,100,,,99868,100,,,99811,100,,,,,,,,
2019-06-28 09:30:00.000000024,100061,100,100016,100,100080,100,100008,100,100121,100,99976,100,100122,100,99954,100,,,99943,100,,,99884,100,,,99872,100,,,99868,100,,,99811,100,,,,
2019-06-28 09:30:00.000000025,100061,100,100027,100,100080,100,100016,100,100121,100,100008,100,100122,100,99976,100,,,99954,100,,,99943,100,,,99884,100,,,99883,100,,,99872,100,,,99868,100
2019-06-28 09:30:00.000000026,100061,100,100027,100,100080,100,100016,100,100106,100,100008,100,100121,100,99976,100,100122,100,99954,100,,,99943,100,,,99884,100,,,99883,100,,,99872,100,,,99868,100
2019-06-28 09:30:00.000000027,100061,100,100027,100,100080,100,100018,100,100106,100,100016,100,100121,100,100008,100,100122,100,99976,100,,,99954,100,,,99943,100,,,99884,100,,,99883,100,,,99872,100
2019-06-28 09:30:00.000000028,100061,100,100018,100,100080,100,100016,100,100106,100,100008,100,100121,100,99976,100,100122,100,99954,100,,,99943,100,,,99884,100,,,99883,100,,,99872,100,,,99868,100
2019-06-28 09:30:00.000000029,100061,100,100018,100,100080,100,100016,100,100106,100,100008,100,100121,100,99976,100,100122,100,99954,100,,,99943,100,,,99884,100,,,99883,100,,,99872,100,,,99868,100
2019-06-28 09:30:00.000000030,100051,100,100018,100,100061,100,100016,100,100080,100,100008,100,100106,100,99976,100,100121,100,99954,100,100122,100,99943,100,,,99884,100,,,99883,100,,,99872,100,,,99868,100
2019-06-28 09:30:00.000000034,100051,100,100027,100,100061,100,100018,100,100080,100,100016,100,100106,100,100008,100,100121,100,99976,100,100122,100,99954,100,,,99943,100,,,99895,100,,,99884,100,,,99883,100
2019-06-28 09:30:00.000000035,100051,100,100027,100,100061,100,100018,100,100080,100,100016,100,100106,100,100008,100,100121,100,99976,100,100122,100,99954,100,,,99943,100,,,99895,100,,,99884,100,,,99883,100
2019-06-28 09:30:00.000000036,100051,100,100027,100,100061,100,100018,100,100080,100,100016,100,100106,100,100008,100,100121,100,99976,100,100122,100,99954,100,,,99943,100,,,99895,100,,,99884,100,,,99883,100
2019-06-28 09:30:00.000000037,100051,200,100038,100,100061,100,100027,100,100080,100,100018,100,100106,100,100016,100,100121,100,100008,100,100122,100,99986,100,,,99976,100,,,99954,100,,,99943,100,,,99895,100
2019-06-28 09:30:00.000000038,100051,200,100038,100,100061,100,100027,100,100080,100,100018,100,100106,100,100016,100,100121,100,100008,100,100122,100,99986,100,,,99976,100,,,99954,100,,,99943,100,,,99895,100
2019-06-28 09:30:00.000000040,100051,200,100038,100,100061,100,100032,100,100080,100,100027,200,100106,100,100018,100,100121,100,100016,100,100122,100,100008,100,,,99986,100,,,99976,100,,,99954,100,,,99943,100
2019-06-28 09:30:00.000000041,100051,200,100032,100,100061,100,100027,200,100080,100,100018,100,100106,100,100016,100,100121,100,100008,100,100122,100,99986,100,,,99976,100,,,99954,100,,,99943,100,,,99895,100
2019-06-28 09:30:00.000000044,100038,100,100027,200,100051,200,100018,100,100061,100,100016,100,100080,100,100008,100,100106,100,99986,100,100121,100,99976,100,100122,100,99954,100,,,99943,100,,,99895,100,,,99884,100
2019-06-28 09:30:00.000000045,100038,200,100027,200,100051,200,100018,100,100061,100,100016,100,100080,100,100008,100,100106,100,99986,100,100121,100,99976,100,100122,100,99954,100,,,99943,100,,,99895,100,,,99884,100
2019-06-28 09:30:00.000000048,100038,200,100027,200,100051,200,100018,100,100061,100,100016,100,100070,100,100008,100,100080,100,99986,100,100106,100,99976,100,100121,100,99954,100,100122,100,99943,100,,,99895,100,,,99884,100
2019-06-28 09:30:00.000000049,100038,200,100027,200,100051,200,100018,100,100061,100,100016,100,100070,100,100013,100,100080,100,100008,100,100106,100,99986,100,100121,100,99976,100,100122,100,99954,100,,,99950,100,,,99943,100
2019-06-28 09:30:00.000000053,100038,200,100027,200,100051,200,100018,100,100061,100,100016,100,100070,100,100013,100,100072,100,100008,100,100080,100,99986,100,100106,100,99976,100,100121,100,99954,100,100122,100,99950,100,,,99943,100
2019-06-28 09:30:00.000000055,100028,100,100027,200,100038,200,100018,100,100051,200,100016,100,100061,100,100013,100,100070,100,100008,100,100072,100,99986,100,100080,100,99976,100,100106,100,99954,100,100121,100,99950,100,100122,100,99943,100
2019-06-28 09:30:00.000000060,100028,100,100027,200,100038,200,100018,100,100049,100,100016,100,100051,200,100013,100,100061,100,100008,100,100070,100,99986,100,100072,100,99976,100,100080,100,99954,100,100106,100,99950,100,100121,100,99943,100
2019-06-28 09:30:00.000000065,100028,100,100027,200,100038,200,100018,100,100049,100,100016,100,100051,200,100013,100,100061,100,100008,100,100070,100,99991,100,100072,100,99986,100,100080,100,99976,100,100106,100,99954,100,100121,100,99950,100
2019-06-28 09:30:00.000000068,100028,100,100027,200,100038,200,100018,100,100049,100,100016,100,100051,200,100013,100,100061,100,100008,100,100070,100,99991,100,100072,100,99986,100,100080,100,99980,100,100106,100,99976,100,100121,100,99954,100
2019-06-28 09:30:00.000000070,100028,100,100027,200,100038,200,100018,100,100049,100,100016,100,100051,200,100013,100,100061,100,100008,100,100070,100,99991,100,100072,100,99986,100,100080,100,99980,100,100081,100,99976,100,100106,100,99954,100
2019-06-28 09:30:00.000000071,100028,100,100027,200,100038,200,100018,100,100049,100,100016,100,100051,200,100013,100,100061,100,100008,100,100070,100,99991,100,100072,100,99986,100,100080,100,99980,100,100081,100,99976,100,100106,100,99954,100
2019-06-28 09:30:00.000000072,100028,100,100027,200,100038,200,100018,100,100049,100,100016,100,100051,200,100013,100,100061,100,100008,100,100070,100,99991,100,100072,100,99986,100,100080,100,99980,100,100081,100,99976,100,100106,100,99954,100
2019-06-28 09:30:00.000000075,100038,200,100027,200,100049,100,100018,100,100051,200,100016,100,100061,100,100013,100,100070,100,100008,100,100072,100,99991,100,100080,100,99986,100,100081,100,99980,100,100106,100,99976,100,100121,100,99954,100
2019-06-28 09:30:00.000000076,100038,200,100027,200,100049,100,100018,100,100051,200,100016,100,100061,100,100013,100,100070,100,100008,100,100072,100,99994,100,100080,100,99991,100,100081,100,99986,100,100106,100,99980,100,100121,100,99976,100
2019-06-28 09:30:00.000000077,100038,200,100028,100,100049,100,100027,200,100051,200,100018,100,100061,100,100016,100,100070,100,100013,100,100072,100,100008,100,100076,100,99994,100,100080,100,99991,100,100081,100,99986,100,100106,100,99980,100
2019-06-28 09:30:00.000000078,100032,100,100028,100,100038,200,100027,200,100049,100,100018,100,100051,200,100016,100,100061,100,100013,100,100070,100,100008,100,100072,100,99994,100,100076,100,99991,100,100080,100,99986,100,100081,100,99980,100
2019-06-28 09:30:00.000000079,100032,100,100028,100,100038,200,100027,200,100049,100,100018,100,100051,200,100016,100,100060,100,100013,100,100061,100,100008,100,100070,100,99994,100,100072,100,99991,100,100076,100,99986,100,100080,100,99980,100
2019-06-28 09:30:00.000000081,100032,200,100028,100,100038,200,100027,200,100049,100,100018,100,100051,200,100016,100,100060,100,100013,100,100061,100,100008,100,100070,100,99994,100,100072,100,99991,100,100076,100,99986,100,100080,100,99980,100
2019-06-28 09:30:00.000000082,100032,200,100028,100,100038,200,100027,200,100049,100,100018,100,100051,200,100016,100,100060,100,100013,100,100061,100,100008,100,100070,100,99994,100,100072,100,99991,100,100076,100,99986,100,100080,100,99980,100
2019-06-28 09:30:00.000000084,100032,100,100028,100,100038,200,100027,200,100049,100,100018,100,100051,200,100016,100,100060,100,100013,100,100061,100,100008,100,100070,100,99994,100,100072,100,99991,100,100076,100,99986,100,100080,100,99980,100
2019-06-28 09:30:00.000000085,100032,100,100028,100,100038,200,100027,200,100049,100,100018,100,100051,200,100016,100,100060,100,100013,100,100061,100,100008,100,100070,100,99994,100,100072,100,99991,100,100076,100,99986,100,100080,100,99980,100
2019-06-28 09:30:00.000000090,100032,100,100028,100,100038,200,100027,200,100049,100,100018,100,100051,200,100016,100,100060,100,100013,100,100061,100,100008,100,100070,100,99994,100,100072,100,99991,100,100076,100,99986,100,100080,100,99980,100
2019-06-28 09:30:00.000000091,100032,100,100028,100,100033,100,100027,200,100038,200,100018,100,100049,100,100016,100,100051,200,100013,100,100060,100,100008,100,100061,100,99994,100,100070,100,99991,100,100072,100,99986,100,100076,100,99980,100
2019-06-28 09:30:00.000000092,100031,100,100028,100,100032,100,100027,200,100033,100,100018,100,100038,200,100016,100,100049,100,100013,100,100051,200,100008,100,100060,100,99994,100,100061,100,99991,100,100070,100,99986,100,100072,100,99980,100
2019-06-28 09:30:00.000000097,100031,100,100028,100,100032,100,100027,200,100033,100,100018,100,100038,200,100016,100,100049,100,100013,100,100051,200,100008,100,100060,100,99994,100,100061,100,99991,100,100070,100,99986,200,100072,100,99980,100
2019-06-28 09:30:00.000000098,100031,100,100028,100,100032,100,100027,200,100033,100,100018,100,100038,200,100016,100,100049,100,100013,100,100051,200,100008,100,100060,100,99994,100,100061,100,99991,100,100070,100,99986,200,100072,100,99980,100
2019-06-28 09:30:01.406584057,100031,100,100027,200,100032,100,100018,100,100033,100,100016,100,100038,200,100013,100,100049,100,100008,100,100051,200,99991,100,100060,100,99986,200,100061,100,99980,100,100070,100,99976,100,100072,100,99970,100
2019-06-28 09:30:10.000000000,100031,169,100027,269,100032,169,100018,169,100033,169,100016,169,100038,269,100013,169,100049,100,100008,100,100051,200,99991,100,100060,100,99986,200,100061,100,99980,100,100070,100,99976,100,100072,100,99970,100
2019-06-28 09:30:10.147297750,100031,69,100027,269,100032,169,100018,169,100033,169,100016,169,100038,269,100013,169,100049,100,100008,100,100051,200,99991,100,100061,100,99986,200,100070,100,99980,100,100072,100,99976,100,100076,100,99970,100
2019-06-28 09:30:20.000000000,100032,194,100027,294,100033,191,100018,191,100038,291,100016,191,100049,100,100013,100,100051,200,100008,100,100061,100,99991,100,100070,100,99986,200,100072,100,99980,100,100076,100,99976,100,100080,100,99970,100
2019-06-28 09:30:30.000000000,100032,238,100027,338,100033,238,100018,238,100038,200,100016,100,100049,100,100013,100,100051,200,100008,100,100061,100,99991,100,100070,100,99986,200,100072,100,99980,100,100076,100,99976,100,100080,100,99970,100
2019-06-28 09:30:32.330228166,100031,100,100027,338,100032,238,100018,238,100033,238,100016,100,100038,200,100013,100,100049,100,100008,100,100051,100,99991,100,100061,100,99986,200,100070,100,99980,100,100072,100,99976,100,100076,100,99970,100
2019-06-28 09:30:40.000000000,100031,155,100027,255,100032,155,100018,155,100033,155,100016,155,100038,255,100013,155,100049,155,100008,155,100051,100,99991,100,100061,100,99986,200,100070,100,99980,100,100072,100,99976,100,100076,100,99970,100
2019-06-28 09:30:50.000000000,100031,376,100027,476,100032,100,100018,100,100033,100,100016,100,100038,200,100013,100,100049,100,100008,100,100051,100,99991,100,100061,100,99986,200,100070,100,99980,100,100072,100,99976,100,100076,100,99970,100
2019-06-28 09:31:00.000000000,100031,169,100027,269,100032,169,100018,169,100033,169,100016,169,100038,269,100013,169,100049,100,100008,100,100051,100,99991,100,100061,100,99986,200,100070,100,99980,100,100072,100,99976,100,100076,100,99970,100
2019-06-28 09:31:10.000000000,100031,169,100027,269,100032,169,100018,169,100033,169,100016,169,100038,269,100013,169,100049,100,100008,100,100051,100,99991,100,100061,100,99986,200,100070,100,99980,100,100072,100,99976,100,100076,100,99970,100
2019-06-28 09:31:18.460871585,100031,69,100027,269,100032,169,100018,169,100033,169,100016,169,100038,269,100013,169,100049,100,100008,100,100051,100,99991,100,100061,100,99986,200,100070,100,99980,100,100072,100,99976,100,100076,100,99970,100
2019-06-28 09:31:20.000000000,100032,238,100027,338,100033,238,100018,238,100038,200,100016,100,100049,100,100013,100,100051,100,100008,100,100061,100,99991,100,100070,100,99986,200,100072,100,99980,100,100076,100,99976,100,100080,100,99970,100
2019-06-28 09:31:27.681181065,100032,138,100027,338,100033,238,100018,238,100038,200,100016,100,100049,100,100013,100,100051,100,100008,100,100061,100,99991,100,100070,100,99986,100,100072,100,99980,100,100076,100,99976,100,100080,100,99970,100
2019-06-28 09:31:29.111545362,100032,138,100027,338,100033,238,100018,238,100038,200,100016,100,100049,100,100013,100,100051,100,100008,100,100061,100,99991,100,100070,100,99986,100,100072,100,99980,100,100076,100,99976,100,100080,100,99970,100
2019-06-28 09:31:30.000000000,100033,155,100027,255,100038,255,100018,155,100049,155,100016,155,100051,155,100013,155,100061,155,100008,155,100070,100,99991,100,100072,100,99986,100,100076,100,99980,100,100080,100,99976,100,100081,100,99970,100
2019-06-28 09:31:40.000000000,100033,376,100027,476,100038,200,100018,100,100049,100,100016,100,100051,100,100013,100,100061,100,100008,100,100070,100,99991,100,100072,100,99986,100,100076,100,99980,100,100080,100,99976,100,100081,100,99970,100
2019-06-28 09:31:45.380268775,100033,276,100027,476,100038,200,100018,100,100049,100,100016,100,100051,100,100013,100,100061,100,100008,100,100070,100,99991,100,100072,100,99986,100,100076,100,99980,100,100080,100,99976,100,100081,100,99970,100
2019-06-28 09:31:50.000000000,100038,294,100027,294,100049,191,100018,191,100051,191,100016,191,100061,100,100013,100,100070,100,100008,100,100072,100,99991,100,100076,100,99986,100,100080,100,99980,100,100081,100,99976,100,100106,100,99970,100
2019-06-28 09:31:57.810729932,100038,294,100027,294,100049,191,100018,191,100051,191,100016,191,100061,100,100013,100,100070,100,100008,100,100072,100,99991,100,100076,100,99980,100,100080,100,99976,100,100081,100,99970,100,100106,100,99954,100
2019-06-28 09:32:00.000000000,100038,255,100027,255,100049,155,100018,155,100051,155,100016,155,100061,155,100013,155,100070,155,100008,155,100072,100,99991,100,100076,100,99980,100,100080,100,99976,100,100081,100,99970,100,100106,100,99954,100
2019-06-28 09:32:05.929182483,100038,255,100027,255,100049,155,100018,155,100051,155,100016,155,100061,155,100013,155,100070,155,100008,155,100072,100,99991,100,100076,100,99980,100,100080,100,99976,100,100081,100,99970,100,100106,100,99954,100
2019-06-28 09:32:06.057162235,100038,155,100027,255,100049,155,100018,155,100051,155,100016,155,100061,155,100013,155,100070,155,100008,155,100072,100,99991,100,100080,100,99980,100,100081,100,99976,100,100106,100,99970,100,100121,100,99954,100
2019-06-28 09:32:10.000000000,100038,155,100027,255,100049,155,100018,155,100051,155,100016,155,100061,155,100013,155,100070,155,100008,155,100072,100,99991,100,100080,100,99980,100,100081,100,99976,100,100106,100,99970,100,100121,100,99954,100
2019-06-28 09:32:13.687129833,100038,155,100027,255,100049,155,100018,155,100051,155,100016,155,100061,155,100013,155,100070,155,100008,155,100072,100,99980,100,100080,100,99976,100,100081,100,99970,100,100106,100,99954,100,100121,100,99950,100
2019-06-28 09:32:20.000000000,100038,376,100027,476,100049,100,100018,100,100051,100,100016,100,100061,100,100013,100,100070,100,100008,100,100072,100,99980,100,100080,100,99976,100,100081,100,99970,100,100106,100,99954,100,100121,100,99950,100
2019-06-28 09:32:30.000000000,100038,155,100027,255,100049,155,100018,155,100051,155,100016,155,100061,155,100013,155,100070,155,100008,155,100072,100,99980,100,100080,100,99976,100,100081,100,99970,100,100106,100,99954,100,100121,100,99950,100
2019-06-28 09:32:34.954540680,100038,155,100027,255,100049,155,100018,155,100051,155,100016,155,100061,155,100013,155,100070,155,100008,155,100072,100,99980,100,100080,100,99976,100,100081,100,99970,100,100106,100,99954,100,100121,100,99950,100
2019-06-28 09:32:40.000000000,100038,238,100027,338,100049,238,100018,238,100051,100,100016,100,100061,100,100013,100,100070,100,100008,100,100072,100,99980,100,100080,100,99976,100,100081,100,99970,100,100106,100,99954,100,100121,100,99950,100
2019-06-28 09:32:50.000000000,100038,155,100027,255,100049,155,100018,155,100051,155,100016,155,100061,155,100013,155,100070,155,100008,155,100072,100,99980,100,100080,100,99976,100,100081,100,99970,100,100106,100,99954,100,100121,100,99950,100
2019-06-28 09:32:58.120799101,100038,155,100027,255,100049,155,100018,155,100051,155,100016,155,100061,155,100013,155,100070,155,100008,155,100072,100,99980,100,100080,100,99976,100,100081,100,99970,100,100106,100,99954,100,100121,100,99950,100
2019-06-28 09:33:00.000000000,100038,194,100027,294,100049,191,100018,191,100051,191,100016,191,100061,100,100013,100,100070,100,100008,100,100072,100,99980,100,100080,100,99976,100,100081,100,99970,100,100106,100,99954,100,100121,100,99950,100
2019-06-28 09:33:01.252572262,100038,94,100033,100,100049,191,100027,294,100051,191,100018,191,100061,100,100016,191,100070,100,100013,100,100072,100,100008,100,100080,100,99980,100,100081,100,99976,100,100106,100,99970,100,100121,100,99954,100
2019-06-28 09:33:02.482065790,100038,94,100033,100,100049,191,100027,294,100051,191,100018,191,100061,100,100016,191,100070,100,100013,100,100072,100,100008,100,100080,100,99980,100,100081,100,99976,100,100106,100,99970,100,100121,100,99954,100
2019-06-28 09:33:08.474077189,100038,94,100033,100,100049,191,100027,294,100051,191,100018,191,100061,100,100016,191,100070,100,100013,100,100072,100,100008,100,100080,100,99980,100,100081,100,99976,100,100106,100,99970,100,100121,100,99954,100
2019-06-28 09:33:10.000000000,100049,169,100033,169,100051,169,100027,269,100061,169,100018,169,100070,169,100016,169,100072,100,100013,100,100080,100,100008,100,100081,100,99980,100,100106,100,99976,100,100121,100,99970,100,100122,100,99954,100
2019-06-28 09:33:10.869996443,100049,69,100033,169,100051,169,100027,269,100061,169,100018,169,100070,69,100016,169,100072,100,100013,100,100080,100,100008,100,100081,100,99980,100,100106,100,99976,100,100121,100,99970,100,100122,100,99954,100
2019-06-28 09:33:20.000000000,100051,169,100033,169,100061,169,100027,269,100072,169,100018,169,100080,169,100016,169,100081,100,100013,100,100106,100,100008,100,100121,100,99980,100,100122,100,99976,100,100156,100,99970,100,100168,100,99954,100
2019-06-28 09:33:23.177614433,100051,69,100033,169,100061,169,100027,269,100072,169,100018,169,100080,169,100016,169,100081,100,100013,100,100106,100,100008,100,100121,100,99980,100,100122,100,99976,100,100156,100,99970,100,100168,100,99954,100
2019-06-28 09:33:30.000000000,100061,194,100033,194,100072,191,100027,291,100080,191,100018,191,100081,100,100016,100,100106,100,100013,100,100121,100,100008,100,100122,100,99980,100,100156,100,99976,100,100168,100,99970,100,100186,100,99954,100
2019-06-28 09:33:40.000000000,100061,194,100033,194,100072,191,100027,291,100080,191,100018,191,100081,100,100016,100,100106,100,100013,100,100121,100,100008,100,100122,100,99980,100,100156,100,99976,100,100168,100,99970,100,100186,100,99954,100
2019-06-28 09:33:46.308956982,100061,194,100033,194,100072,191,100027,291,100080,191,100018,191,100081,100,100016,100,100106,100,100013,100,100122,100,100008,100,100156,100,99980,100,100168,100,99976,100,100186,100,99970,100,100396,100,99954,100
2019-06-28 09:33:50.000000000,100061,169,100033,169,100072,169,100027,269,100080,169,100018,169,100081,169,100016,169,100106,100,100013,100,100122,100,100008,100,100156,100,99980,100,100168,100,99976,100,100186,100,99970,100,100396,100,99954,100
2019-06-28 09:34:00.000000000,100061,194,100033,194,100072,191,100027,291,100080,191,100018,191,100081,100,100016,100,100106,100,100013,100,100122,100,100008,100,100156,100,99980,100,100168,100,99976,100,100186,100,99970,100,100396,100,99954,100
2019-06-28 09:34:10.000000000,100061,238,100033,238,100072,238,100027,338,100080,100,100018,100,100081,100,100016,100,100106,100,100013,100,100122,100,100008,100,100156,100,99980,100,100168,100,99976,100,100186,100,99970,100,100396,100,99954,100
2019-06-28 09:34:20.000000000,100061,376,100033,376,100072,100,100027,200,100080,100,100018,100,100081,100,100016,100,100106,100,100013,100,100122,100,100008,100,100156,100,99980,100,100168,100,99976,100,100186,100,99970,100,100396,100,99954,100
2019-06-28 09:34:30.000000000,100061,169,100033,169,100072,169,100027,269,100080,169,100018,169,100081,169,100016,169,100106,100,100013,100,100122,100,100008,100,100156,100,99980,100,100168,100,99976,100,100186,100,99970,100,100396,100,99954,100
2019-06-28 09:34:40.000000000,100061,169,100033,169,100072,169,100027,269,100080,169,100018,169,100081,169,100016,169,100106,100,100013,100,100122,100,100008,100,100156,100,99980,100,100168,100,99976,100,100186,100,99970,100,100396,100,99954,100
2019-06-28 09:34:50.000000000,100061,376,100033,376,100072,100,100027,200,100080,100,100018,100,100081,100,100016,100,100106,100,100013,100,100122,100,100008,100,100156,100,99980,100,100168,100,99976,100,100186,100,99970,100,100396,100,99954,100
2019-06-28 09:34:58.830277056,100061,376,100038,100,100072,100,100033,376,100080,100,100027,200,100081,100,100018,100,100106,100,100016,100,100122,100,100013,100,100156,100,100008,100,100168,100,99980,100,100186,100,99976,100,100396,100,99970,100
2019-06-28 09:35:00.000000000,100061,194,100038,194,100072,191,100033,191,100080,191,100027,291,100081,100,100018,100,100106,100,100016,100,100122,100,100013,100,100156,100,100008,100,100168,100,99980,100,100186,100,99976,100,100396,100,99970,100
2019-06-28 09:35:05.810411052,100061,94,100038,194,100072,191,100033,191,100080,191,100027,291,100081,100,100018,100,100106,100,100016,100,100122,100,100013,100,100156,100,100008,100,100168,100,99980,100,100186,100,99976,100,100396,100,99970,100
2019-06-28 09:35:10.000000000,100072,194,100038,194,100080,191,100033,191,100081,191,100027,291,100106,100,100018,100,100122,100,100016,100,100156,100,100013,100,100168,100,100008,100,100186,100,99980,100,100396,100,99976,100,100427,100,99970,100
2019-06-28 09:35:15.613546594,100072,194,100038,194,100080,191,100033,191,100081,191,100027,291,100106,100,100018,100,100122,100,100016,100,100156,100,100013,100,100168,100,100008,100,100186,100,99980,100,100396,100,99976,100,100427,100,99970,100
2019-06-28 09:35:20.000000000,100072,376,100038,376,100080,100,100033,100,100081,100,100027,200,100106,100,100018,100,100122,100,100016,100,100156,100,100013,100,100168,100,100008,100,100186,100,99980,100,100396,100,99976,100,100427,100,99970,100
2019-06-28 09:35:23.166336695,100072,276,100038,376,100080,100,100033,100,100081,100,100027,200,100106,100,100018,100,100122,100,100016,100,100156,100,100013,100,100168,100,100008,100,100186,100,99980,100,100396,100,99976,100,100427,100,99970,100
2019-06-28 09:35:30.000000000,100080,169,100038,169,100081,169,100033,169,100106,169,100027,269,100122,169,100018,169,100156,100,100016,100,100168,100,100013,100,100186,100,100008,100,100396,100,99980,100,100427,100,99976,100,100507,100,99970,100
2019-06-28 09:35:40.000000000,100080,155,100038,155,100081,155,100033,155,100106,155,100027,255,100122,155,100018,155,100156,155,100016,155,100168,100,100013,100,100186,100,100008,100,100396,100,99980,100,100427,100,99976,100,100507,100,99970,100
2019-06-28 09:35:43.279955918,100080,155,100038,155,100081,55,100033,155,100106,155,100027,255,100122,155,100018,155,100156,155,100016,155,100168,100,100013,100,100186,100,100008,100,100396,100,99980,100,100427,100,99976,100,100507,100,99970,100
2019-06-28 09:35:50.000000000,100080,238,100038,238,100106,238,100033,238,100122,100,100027,200,100156,100,100018,100,100168,100,100016,100,100186,100,100013,100,100396,100,100008,100,100427,100,99980,100,100507,100,99976,100,100629,100,99970,100
2019-06-28 09:35:53.874615379,100080,238,100038,238,100106,238,100033,238,100122,100,100027,200,100156,100,100018,100,100168,100,100016,100,100186,100,100013,100,100396,100,100008,100,100427,100,99980,100,100507,100,99976,100,100629,100,99970,100
2019-06-28 09:36:00.000000000,100080,376,100038,376,100106,100,100033,100,100122,100,100027,200,100156,100,100018,100,100168,100,100016,100,100186,100,100013,100,100396,100,100008,100,100427,100,99980,100,100507,100,99976,100,100629,100,99970,100
2019-06-28 09:36:10.000000000,100080,238,100038,238,100106,238,100033,238,100122,100,100027,200,100156,100,100018,100,100168,100,100016,100,100186,100,100013,100,100396,100,100008,100,100427,100,99980,100,100507,100,99976,100,100629,100,99970,100
2019-06-28 09:36:15.618152371,100080,238,100038,238,100106,238,100033,238,100122,100,100027,200,100156,100,100016,100,100168,100,100013,100,100186,100,100008,100,100396,100,99980,100,100427,100,99976,100,100507,100,99970,100,100629,100,99954,100
2019-06-28 09:36:20.000000000,100080,155,100038,155,100106,155,100033,155,100122,155,100027,255,100156,155,100016,155,100168,155,100013,155,100186,100,100008,100,100396,100,99980,100,100427,100,99976,100,100507,100,99970,100,100629,100,99954,100
2019-06-28 09:36:30.000000000,100080,238,100038,238,100106,238,100033,238,100122,100,100027,200,100156,100,100016,100,100168,100,100013,100,100186,100,100008,100,100396,100,99980,100,100427,100,99976,100,100507,100,99970,100,100629,100,99954,100
2019-06-28 09:36:40.000000000,100080,169,100038,169,100106,169,100033,169,100122,169,100027,269,100156,169,100016,169,100168,100,100013,100,100186,100,100008,100,100396,100,99980,100,100427,100,99976,100,100507,100,99970,100,100629,100,99954,100
2019-06-28 09:36:45.274142114,100080,169,100038,169,100106,169,100033,169,100122,169,100027,269,100156,169,100016,169,100168,100,100013,100,100186,100,100008,100,100396,100,99980,100,100427,100,99976,100,100507,100,99970,100,100629,100,99954,100
2019-06-28 09:36:50.000000000,100080,194,100038,194,100106,191,100033,191,100122,191,100027,291,100156,100,100016,100,100168,100,100013,100,100186,100,100008,100,100396,100,99980,100,100427,100,99976,100,100507,100,99970,100,100629,100,99954,100
2019-06-28 09:37:00.000000000,100080,238,100038,238,100106,238,100033,238,100122,100,100027,200,100156,100,100016,100,100168,100,100013,100,100186,100,100008,100,100396,100,99980,100,100427,100,99976,100,100507,100,99970,100,100629,100,99954,100
2019-06-28 09:37:10.000000000,100080,155,100038,155,100106,155,100033,155,100122,155,100027,255,100156,155,100016,155,100168,155,100013,155,100186,100,100008,100,100396,100,99980,100,100427,100,99976,100,100507,100,99970,100,100629,100,99954,100
2019-06-28 09:37:18.125768478,100080,55,100038,155,100106,155,100033,155,100122,155,100027,255,100156,155,100016,155,100168,155,100013,155,100186,100,100008,100,100396,100,99980,100,100427,100,99976,100,100507,100,99970,100,100629,100,99954,100
2019-06-28 09:37:20.000000000,100106,194,100038,194,100122,191,100033,191,100156,191,100027,291,100168,100,100016,100,100186,100,100013,100,100396,100,100008,100,100427,100,99980,100,100507,100,99976,100,100629,100,99970,100,100636,100,99954,100
2019-06-28 09:37:30.000000000,100106,155,100038,155,100122,155,100033,155,100156,155,100027,255,100168,155,100016,155,100186,155,100013,155,100396,100,100008,100,100427,100,99980,100,100507,100,99976,100,100629,100,99970,100,100636,100,99954,100
2019-06-28 09:37:40.000000000,100106,194,100038,194,100122,191,100033,191,100156,191,100027,291,100168,100,100016,100,100186,100,100013,100,100396,100,100008,100,100427,100,99980,100,100507,100,99976,100,100629,100,99970,100,100636,100,99954,100
2019-06-28 09:37:50.000000000,100106,194,100038,194,100122,191,100033,191,100156,191,100027,291,100168,100,100016,100,100186,100,100013,100,100396,100,100008,100,100427,100,99980,100,100507,100,99976,100,100629,100,99970,100,100636,100,99954,100
2019-06-28 09:38:00.000000000,100106,376,100038,376,100122,100,100033,100,100156,100,100027,200,100168,100,100016,100,100186,100,100013,100,100396,100,100008,100,100427,100,99980,100,100507,100,99976,100,100629,100,99970,100,100636,100,99954,100
2019-06-28 09:38:06.688160514,100106,276,100038,376,100156,100,100033,100,100168,100,100027,200,100186,100,100016,100,100396,100,100013,100,100427,100,100008,100,100507,100,99980,100,100629,100,99976,100,100636,100,99970,100,100719,100,99954,100
2019-06-28 09:38:10.000000000,100156,376,100038,376,100168,100,100033,100,100186,100,100027,200,100396,100,100016,100,100427,100,100013,100,100507,100,100008,100,100629,100,99980,100,100636,100,99976,100,100719,100,99970,100,101023,100,99954,100
2019-06-28 09:38:20.000000000,100156,155,100038,155,100168,155,100033,155,100186,155,100027,255,100396,155,100016,155,100427,155,100013,155,100507,100,100008,100,100629,100,99980,100,100636,100,99976,100,100719,100,99970,100,101023,100,99954,100
2019-06-28 09:38:30.000000000,100156,376,100038,376,100168,100,100033,100,100186,100,100027,200,100396,100,100016,100,100427,100,100013,100,100507,100,100008,100,100629,100,99980,100,100636,100,99976,100,100719,100,99970,100,101023,100,99954,100
2019-06-28 09:38:31.015157132,100156,376,100038,376,100168,100,100033,100,100186,100,100027,200,100396,100,100016,100,100427,100,100013,100,100507,100,100008,100,100629,100,99980,100,100719,100,99976,100,101023,100,99970,100,101068,100,99954,100
2019-06-28 09:38:32.518027574,100156,276,100038,376,100168,100,100033,100,100186,100,100027,200,100396,100,100016,100,100427,100,100013,100,100507,100,100008,100,100629,100,99980,100,100719,100,99976,100,101023,100,99970,100,101068,100,99954,100
2019-06-28 09:38:40.000000000,100168,155,100038,155,100186,155,100033,155,100396,155,100027,255,100427,155,100016,155,100507,155,100013,155,100629,100,100008,100,100719,100,99980,100,101023,100,99976,100,101068,100,99970,100,101225,100,99954,100
2019-06-28 09:38:50.000000000,100168,376,100038,376,100186,100,100033,100,100396,100,100027,200,100427,100,100016,100,100507,100,100013,100,100629,100,100008,100,100719,100,99980,100,101023,100,99976,100,101068,100,99970,100,101225,100,99954,100
2019-06-28 09:39:00.000000000,100168,169,100038,169,100186,169,100033,169,100396,169,100027,269,100427,169,100016,169,100507,100,100013,100,100629,100,100008,100,100719,100,99980,100,101023,100,99976,100,101068,100,99970,100,101225,100,99954,100
2019-06-28 09:39:04.602897027,100168,169,100038,169,100186,169,100033,169,100396,169,100027,269,100427,169,100016,169,100507,100,100013,100,100629,100,100008,100,100719,100,99980,100,100774,100,99976,100,101023,100,99970,100,101068,100,99954,100
2019-06-28 09:39:10.000000000,100168,376,100038,376,100186,100,100033,100,100396,100,100027,200,100427,100,100016,100,100507,100,100013,100,100629,100,100008,100,100719,100,99980,100,100774,100,99976,100,101023,100,99970,100,101068,100,99954,100
2019-06-28 09:39:20.000000000,100168,376,100038,376,100186,100,100033,100,100396,100,100027,200,100427,100,100016,100,100507,100,100013,100,100629,100,100008,100,100719,100,99980,100,100774,100,99976,100,101023,100,99970,100,101068,100,99954,100
2019-06-28 09:39:25.506025741,100168,376,100038,376,100186,100,100033,100,100396,100,100027,200,100427,100,100016,100,100507,100,100013,100,100629,100,100008,100,100659,100,99980,100,100719,100,99976,100,100774,100,99970,100,101023,100,99954,100
2019-06-28 09:39:30.000000000,100168,169,100038,169,100186,169,100033,169,100396,169,100027,269,100427,169,100016,169,100507,100,100013,100,100629,100,100008,100,100659,100,99980,100,100719,100,99976,100,100774,100,99970,100,101023,100,99954,100
2019-06-28 09:39:40.000000000,100168,155,100038,155,100186,155,100033,155,100396,155,100027,255,100427,155,100016,155,100507,155,100013,155,100629,100,100008,100,100659,100,99980,100,100719,100,99976,100,100774,100,99970,100,101023,100,99954,100
2019-06-28 09:39:50.000000000,100168,194,100038,194,100186,191,100033,191,100396,191,100027,291,100427,100,100016,100,100507,100,100013,100,100629,100,100008,100,100659,100,99980,100,100719,100,99976,100,100774,100,99970,100,101023,100,99954,100
2019-06-28 09:39:54.178937370,100168,194,100038,194,100186,191,100033,191,100396,191,100027,291,100427,100,100016,100,100507,100,100013,100,100629,100,100008,100,100659,100,99980,100,100669,100,99976,100,100719,100,99970,100,100774,100,99954,100
2019-06-28 09:39:55.554057064,100168,94,100038,194,100186,191,100033,191,100396,191,100027,291,100427,100,100016,100,100507,100,100013,100,100629,100,100008,100,100659,100,99980,100,100669,100,99976,100,100719,100,99970,100,100774,100,99954,100
2019-06-28 09:39:58.568891599,100168,94,100038,194,100186,191,100033,191,100396,191,100027,291,100427,100,100016,100,100507,100,100013,100,100629,100,100008,100,100659,100,99980,100,100669,100,99976,100,100677,100,99970,100,100719,100,99954,100
2019-06-28 09:40:00.000000000,100186,376,100038,376,100396,100,100033,100,100427,100,100027,200,100507,100,100016,100,100629,100,100013,100,100659,100,100008,100,100669,100,99980,100,100677,100,99976,100,100719,100,99970,100,100774,100,99954,100
2019-06-28 09:40:10.000000000,100186,194,100038,194,100396,191,100033,191,100427,191,100027,291,100507,100,100016,100,100629,100,100013,100,100659,100,100008,100,100669,100,99980,100,100677,100,99976,100,100719,100,99970,100,100774,100,99954,100
2019-06-28 09:40:20.000000000,100186,169,100038,169,100396,169,100033,169,100427,169,100027,269,100507,169,100016,169,100629,100,100013,100,100659,100,100008,100,100669,100,99980,100,100677,100,99976,100,100719,100,99970,100,100774,100,99954,100
2019-06-28 09:40:30.000000000,100186,376,100038,376,100396,100,100033,100,100427,100,100027,200,100507,100,100016,100,100629,100,100013,100,100659,100,100008,100,100669,100,99980,100,100677,100,99976,100,100719,100,99970,100,100774,100,99954,100
2019-06-28 09:40:30.424889406,100186,376,100038,376,100396,100,100033,100,100427,100,100027,200,100507,100,100016,100,100629,100,100013,100,100669,100,100008,100,100677,100,99980,100,100704,100,99976,100,100719,100,99970,100,100774,100,99954,100
2019-06-28 09:40:40.000000000,100186,376,100038,376,100396,100,100033,100,100427,100,100027,200,100507,100,100016,100,100629,100,100013,100,100669,100,100008,100,100677,100,99980,100,100704,100,99976,100,100719,100,99970,100,100774,100,99954,100
2019-06-28 09:40:50.000000000,100186,238,100038,238,100396,238,100033,238,100427,100,100027,200,100507,100,100016,100,100629,100,100013,100,100669,100,100008,100,100677,100,99980,100,100704,100,99976,100,100719,100,99970,100,100774,100,99954,100
2019-06-28 09:41:00.000000000,100186,169,100038,169,100396,169,100033,169,100427,169,100027,269,100507,169,100016,169,100629,100,100013,100,100669,100,100008,100,100677,100,99980,100,100704,100,99976,100,100719,100,99970,100,100774,100,99954,100
2019-06-28 09:41:10.000000000,100186,155,100038,155,100396,155,100033,155,100427,155,100027,255,100507,155,100016,155,100629,155,100013,155,100669,100,100008,100,100677,100,99980,100,100704,100,99976,100,100719,100,99970,100,100774,100,99954,100
2019-06-28 09:41:20.000000000,100186,169,100038,169,100396,169,100033,169,100427,169,100027,269,100507,169,100016,169,100629,100,100013,100,100669,100,100008,100,100677,100,99980,100,100704,100,99976,100,100719,100,99970,100,100774,100,99954,100
2019-06-28 09:41:24.083361597,100186,69,100038,169,100396,169,100033,169,100427,69,100027,269,100507,169,100016,169,100629,100,100013,100,100669,100,100008,100,100677,100,99980,100,100704,100,99976,100,100719,100,99970,100,100774,100,99954,100
2019-06-28 09:41:30.000000000,100396,169,100038,169,100507,169,100033,169,100629,169,100027,269,100669,169,100016,169,100677,100,100013,100,100704,100,100008,100,100719,100,99980,100,100774,100,99976,100,101023,100,99970,100,101068,100,99954,100
2019-06-28 09:41:40.000000000,100396,194,100038,194,100507,191,100033,191,100629,191,100027,291,100669,100,100016,100,100677,100,100013,100,100704,100,100008,100,100719,100,99980,100,100774,100,99976,100,101023,100,99970,100,101068,100,99954,100
2019-06-28 09:41:50.000000000,100396,376,100038,376,100507,100,100033,100,100629,100,100027,200,100669,100,100016,100,100677,100,100013,100,100704,100,100008,100,100719,100,99980,100,100774,100,99976,100,101023,100,99970,100,101068,100,99954,100
2019-06-28 09:42:00.000000000,100396,194,100038,194,100507,191,100033,191,100629,191,100027,291,100669,100,100016,100,100677,100,100013,100,100704,100,100008,100,100719,100,99980,100,100774,100,99976,100,101023,100,99970,100,101068,100,99954,100
2019-06-28 09:42:10.000000000,100396,376,100038,376,100507,100,100033,100,100629,100,100027,200,100669,100,100016,100,100677,100,100013,100,100704,100,100008,100,100719,100,99980,100,100774,100,99976,100,101023,100,99970,100,101068,100,99954,100
2019-06-28 09:42:14.623660562,100396,376,100038,276,100507,100,100033,100,100629,100,100027,200,100669,100,100016,100,100677,100,100013,100,100704,100,100008,100,100719,100,99980,100,100774,100,99976,100,101023,100,99970,100,101068,100,99954,100
2019-06-28 09:42:19.830802966,100396,376,100038,276,100507,100,100033,100,100629,100,100027,200,100669,100,100016,100,100677,100,100013,100,100704,100,100008,100,100719,100,99980,100,101023,100,99976,100,101068,100,99970,100,101196,100,99954,100
2019-06-28 09:42:20.000000000,100396,169,100033,169,100507,169,100027,269,100629,169,100016,169,100669,169,100013,169,100677,100,100008,100,100704,100,99980,100,100719,100,99976,100,101023,100,99970,100,101068,100,99954,100,101196,100,99950,100
2019-06-28 09:42:21.431442032,100396,169,100168,100,100507,169,100033,169,100629,169,100027,269,100669,169,100016,169,100677,100,100013,169,100704,100,100008,100,100719,100,99980,100,101023,100,99976,100,101068,100,99970,100,101196,100,99954,100
2019-06-28 09:42:21.806396658,100396,169,100168,100,100507,169,100033,169,100629,169,100027,269,100669,169,100016,169,100677,100,100013,169,100704,100,100008,100,100719,100,99980,100,101023,100,99976,100,101068,100,99970,100,101085,100,99954,100
2019-06-28 09:42:30.000000000,100396,376,100168,376,100507,100,100033,100,100629,100,100027,200,100669,100,100016,100,100677,100,100013,100,100704,100,100008,100,100719,100,99980,100,101023,100,99976,100,101068,100,99970,100,101085,100,99954,100
2019-06-28 09:42:40.000000000,100396,194,100168,194,100507,191,100033,191,100629,191,100027,291,100669,100,100016,100,100677,100,100013,100,100704,100,100008,100,100719,100,99980,100,101023,100,99976,100,101068,100,99970,100,101085,100,99954,100
2019-06-28 09:42:40.520164559,100396,94,100168,194,100507,191,100033,191,100629,191,100027,291,100669,100,100016,100,100677,100,100013,100,100704,100,100008,100,100719,100,99980,100,101023,100,99976,100,101068,100,99970,100,101085,100,99954,100
2019-06-28 09:42:50.000000000,100507,169,100168,169,100629,169,100033,169,100669,169,100027,269,100677,169,100016,169,100704,100,100013,100,100719,100,100008,100,101023,100,99980,100,101068,100,99976,100,101085,100,99970,100,101196,100,99954,100
2019-06-28 09:43:00.000000000,100507,194,100168,194,100629,191,100033,191,100669,191,100027,291,100677,100,100016,100,100704,100,100013,100,100719,100,100008,100,101023,100,99980,100,101068,100,99976,100,101085,100,99970,100,101196,100,99954,100
2019-06-28 09:43:09.397447030,100507,194,100168,194,100629,191,100033,191,100669,191,100027,291,100677,100,100016,100,100704,100,100013,100,100719,100,100008,100,101023,100,99980,100,101064,100,99976,100,101068,100,99970,100,101085,100,99954,100
2019-06-28 09:43:10.000000000,100507,238,100168,238,100629,238,100033,238,100669,100,100027,200,100677,100,100016,100,100704,100,100013,100,100719,100,100008,100,101023,100,99980,100,101064,100,99976,100,101068,100,99970,100,101085,100,99954,100
2019-06-28 09:43:13.942412252,100507,138,100168,238,100629,238,100033,238,100669,100,100027,200,100677,100,100016,100,100704,100,100013,100,100719,100,100008,100,101023,100,99980,100,101064,100,99976,100,101068,100,99970,100,101196,100,99954,100
2019-06-28 09:43:20.000000000,100629,155,100168,155,100669,155,100033,155,100677,155,100027,255,100704,155,100016,155,100719,155,100013,155,101023,100,100008,100,101064,100,99980,100,101068,100,99976,100,101196,100,99970,100,,,99954,100
2019-06-28 09:43:23.054325839,100629,55,100168,155,100669,155,100033,155,100677,155,100027,255,100704,155,100016,155,100719,155,100013,155,101023,100,100008,100,101064,100,99980,100,101068,100,99976,100,101196,100,99970,100,,,99954,100
2019-06-28 09:43:30.000000000,100669,155,100168,155,100677,155,100033,155,100704,155,100027,255,100719,155,100016,155,101023,155,100013,155,101064,100,100008,100,101068,100,99980,100,101196,100,99976,100,,,99970,100,,,99954,100
2019-06-28 09:43:36.405620075,100669,155,100168,155,100677,155,100033,155,100704,155,100027,255,100719,155,100016,155,101023,155,100013,155,101068,100,100008,100,101176,100,99980,100,101196,100,99976,100,,,99970,100,,,99954,100
2019-06-28 09:43:40.000000000,100669,238,100168,238,100677,238,100033,238,100704,100,100027,200,100719,100,100016,100,101023,100,100013,100,101068,100,100008,100,101176,100,99980,100,101196,100,99976,100,,,99970,100,,,99954,100
2019-06-28 09:43:46.145694760,100669,238,100507,100,100677,238,100168,238,100704,100,100033,238,100719,100,100027,200,101023,100,100016,100,101068,100,100013,100,101176,100,100008,100,101196,100,99980,100,,,99976,100,,,99970,100
2019-06-28 09:43:50.000000000,100669,169,100507,169,100677,169,100168,169,100704,169,100033,169,100719,169,100027,269,101023,100,100016,100,101068,100,100013,100,101176,100,100008,100,101196,100,99980,100,,,99976,100,,,99970,100
2019-06-28 09:44:00.000000000,100669,155,100507,155,100677,155,100168,155,100704,155,100033,155,100719,155,100027,255,101023,155,100016,155,101068,100,100013,100,101176,100,100008,100,101196,100,99980,100,,,99976,100,,,99970,100
2019-06-28 09:44:10.000000000,100669,169,100507,169,100677,169,100168,169,100704,169,100033,169,100719,169,100027,269,101023,100,100016,100,101068,100,100013,100,101176,100,100008,100,101196,100,99980,100,,,99976,100,,,99970,100
2019-06-28 09:44:20.000000000,100669,376,100507,376,100677,100,100168,100,100704,100,100033,100,100719,100,100027,200,101023,100,100016,100,101068,100,100013,100,101176,100,100008,100,101196,100,99980,100,,,99976,100,,,99970,100
2019-06-28 09:44:26.305488205,100669,376,100507,376,100677,100,100168,100,100704,100,100033,100,100719,100,100027,200,101023,100,100016,100,101068,100,100013,100,101176,100,100008,100,101196,100,99980,100,101306,100,99976,100,,,99970,100
2019-06-28 09:44:30.000000000,100669,169,100507,169,100677,169,100168,169,100704,169,100033,169,100719,169,100027,269,101023,100,100016,100,101068,100,100013,100,101176,100,100008,100,101196,100,99980,100,101306,100,99976,100,,,99970,100
2019-06-28 09:44:32.260596328,100669,169,100507,169,100677,169,100168,169,100704,169,100033,169,100719,169,100027,269,101023,100,100016,100,101068,100,100013,100,101176,100,100008,100,101196,100,99980,100,101244,100,99976,100,101306,100,99970,100
2019-06-28 09:44:32.523490417,100669,69,100507,169,100677,169,100168,169,100704,169,100033,169,100719,169,100027,269,101023,100,100016,100,101068,100,100013,100,101176,100,100008,100,101196,100,99980,100,101244,100,99976,100,101306,100,99970,100
2019-06-28 09:44:40.000000000,100677,169,100507,169,100704,169,100168,169,100719,169,100033,169,101023,169,100027,269,101068,100,100016,100,101176,100,100013,100,101196,100,100008,100,101244,100,99980,100,101306,100,99976,100,,,99970,100
2019-06-28 09:44:44.288199393,100677,169,100507,169,100704,169,100168,169,100719,169,100033,169,101023,169,100027,269,101068,100,100016,100,101176,100,100013,100,101196,100,100008,100,101244,100,99980,100,101306,100,99976,100,101420,100,99970,100
2019-06-28 09:44:45.362706134,100677,169,100629,100,100704,169,100507,169,100719,169,100168,169,101023,169,100033,169,101068,100,100027,269,101176,100,100016,100,101196,100,100013,100,101244,100,100008,100,101306,100,99980,100,101420,100,99976,100
2019-06-28 09:44:50.000000000,100677,238,100629,238,100704,238,100507,238,100719,100,100168,100,101023,100,100033,100,101068,100,100027,200,101176,100,100016,100,101196,100,100013,100,101244,100,100008,100,101306,100,99980,100,101420,100,99976,100
2019-06-28 09:45:00.000000000,100677,194,100629,194,100704,191,100507,191,100719,191,100168,191,101023,100,100033,100,101068,100,100027,200,101176,100,100016,100,101196,100,100013,100,101244,100,100008,100,101306,100,99980,100,101420,100,99976,100
2019-06-28 09:45:00.789777158,100677,194,100629,294,100704,191,100507,191,100719,191,100168,191,101023,100,100033,100,101068,100,100027,200,101176,100,100016,100,101196,100,100013,100,101244,100,100008,100,101306,100,99980,100,101420,100,99976,100
2019-06-28 09:45:10.000000000,100677,238,100629,338,100704,238,100507,238,100719,100,100168,100,101023,100,100033,100,101068,100,100027,200,101176,100,100016,100,101196,100,100013,100,101244,100,100008,100,101306,100,99980,100,101420,100,99976,100
2019-06-28 09:45:15.373892245,100677,238,100629,338,100704,238,100507,238,100719,100,100168,100,100974,100,100033,100,101023,100,100027,200,101068,100,100016,100,101176,100,100013,100,101196,100,100008,100,101244,100,99980,100,101420,100,99976,100
2019-06-28 09:45:20.000000000,100677,155,100629,255,100704,155,100507,155,100719,155,100168,155,100974,155,100033,155,101023,155,100027,255,101068,100,100016,100,101176,100,100013,100,101196,100,100008,100,101244,100,99980,100,101420,100,99976,100
2019-06-28 09:45:30.000000000,100677,155,100629,255,100704,155,100507,155,100719,155,100168,155,100974,155,100033,155,101023,155,100027,255,101068,100,100016,100,101176,100,100013,100,101196,100,100008,100,101244,100,99980,100,101420,100,99976,100
2019-06-28 09:45:40.000000000,100677,155,100629,255,100704,155,100507,155,100719,155,100168,155,100974,155,100033,155,101023,155,100027,255,101068,100,100016,100,101176,100,100013,100,101196,100,100008,100,101244,100,99980,100,101420,100,99976,100
2019-06-28 09:45:40.699202066,100677,155,100629,255,100704,155,100507,155,100719,155,100168,155,100974,155,100033,155,101023,155,100027,255,101068,100,100016,100,101176,100,100013,100,101196,100,100008,100,101244,100,99980,100,101420,100,99976,100
2019-06-28 09:45:43.638111683,100677,155,100629,155,100704,155,100507,155,100719,155,100168,155,100974,155,100033,155,101023,155,100027,255,101068,100,100016,100,101176,100,100013,100,101196,100,100008,100,101244,100,99980,100,101420,100,99976,100
2019-06-28 09:45:50.000000000,100677,155,100629,155,100704,155,100507,155,100719,155,100168,155,100974,155,100033,155,101023,155,100027,255,101068,100,100016,100,101176,100,100013,100,101196,100,100008,100,101244,100,99980,100,101420,100,99976,100
2019-06-28 09:45:56.508935948,100677,55,100629,155,100704,155,100507,155,100719,155,100168,155,100974,155,100033,155,101023,155,100027,255,101068,100,100016,100,101176,100,100013,100,101244,100,100008,100,101420,100,99980,100,,,99976,100
2019-06-28 09:46:00.000000000,100704,376,100629,376,100719,100,100507,100,100974,100,100168,100,101023,100,100033,100,101068,100,100027,200,101176,100,100016,100,101244,100,100013,100,101420,100,100008,100,,,99980,100,,,99976,100
2019-06-28 09:46:10.000000000,100704,155,100629,155,100719,155,100507,155,100974,155,100168,155,101023,155,100033,155,101068,155,100027,255,101176,100,100016,100,101244,100,100013,100,101420,100,100008,100,,,99980,100,,,99976,100
2019-06-28 09:46:20.000000000,100704,376,100629,376,100719,100,100507,100,100974,100,100168,100,101023,100,100033,100,101068,100,100027,200,101176,100,100016,100,101244,100,100013,100,101420,100,100008,100,,,99980,100,,,99976,100
2019-06-28 09:46:22.772571134,100704,376,100629,376,100719,100,100507,100,100932,100,100168,100,100974,100,100033,100,101023,100,100027,200,101068,100,100016,100,101176,100,100013,100,101244,100,100008,100,101420,100,99980,100,,,99976,100
2019-06-28 09:46:30.000000000,100704,169,100629,169,100719,169,100507,169,100932,169,100168,169,100974,169,100033,169,101023,100,100027,200,101068,100,100016,100,101176,100,100013,100,101244,100,100008,100,101420,100,99980,100,,,99976,100
2019-06-28 09:46:40.000000000,100704,169,100629,169,100719,169,100507,169,100932,169,100168,169,100974,169,100033,169,101023,100,100027,200,101068,100,100016,100,101176,100,100013,100,101244,100,100008,100,101420,100,99980,100,,,99976,100
2019-06-28 09:46:50.000000000,100704,194,100629,194,100719,191,100507,191,100932,191,100168,191,100974,100,100033,100,101023,100,100027,200,101068,100,100016,100,101176,100,100013,100,101244,100,100008,100,101420,100,99980,100,,,99976,100
2019-06-28 09:47:00.000000000,100704,238,100629,238,100719,238,100507,238,100932,100,100168,100,100974,100,100033,100,101023,100,100027,200,101068,100,100016,100,101176,100,100013,100,101244,100,100008,100,101420,100,99980,100,,,99976,100
2019-06-28 09:47:00.873208144,100704,238,100632,100,100719,238,100629,238,100932,100,100507,238,100974,100,100168,100,101023,100,100033,100,101068,100,100027,200,101176,100,100016,100,101244,100,100013,100,101420,100,100008,100,,,99980,100
2019-06-28 09:47:10.000000000,100704,376,100632,376,100719,100,100629,100,100932,100,100507,100,100974,100,100168,100,101023,100,100033,100,101068,100,100027,200,101176,100,100016,100,101244,100,100013,100,101420,100,100008,100,,,99980,100
2019-06-28 09:47:20.000000000,100704,194,100632,194,100719,191,100629,191,100932,191,100507,191,100974,100,100168,100,101023,100,100033,100,101068,100,100027,200,101176,100,100016,100,101244,100,100013,100,101420,100,100008,100,,,99980,100
2019-06-28 09:47:20.363499040,100704,194,100632,194,100719,191,100629,191,100932,191,100507,191,100974,100,100397,100,101023,100,100168,100,101068,100,100033,100,101176,100,100027,200,101244,100,100016,100,101420,100,100013,100,,,100008,100
2019-06-28 09:47:27.404713204,100704,194,100632,94,100719,191,100629,191,100932,191,100507,191,100974,100,100397,100,101023,100,100168,100,101068,100,100033,100,101176,100,100027,200,101244,100,100016,100,101420,100,100013,100,,,100008,100
2019-06-28 09:47:30.000000000,100704,194,100629,194,100719,191,100507,191,100932,191,100397,191,100974,100,100168,100,101023,100,100033,100,101068,100,100027,200,101176,100,100016,100,101244,100,100013,100,101420,100,100008,100,,,99980,100
2019-06-28 09:47:40.000000000,100704,376,100629,376,100719,100,100507,100,100932,100,100397,100,100974,100,100168,100,101023,100,100033,100,101068,100,100027,200,101176,100,100016,100,101244,100,100013,100,101420,100,100008,100,,,99980,100
2019-06-28 09:47:50.000000000,100704,155,100629,155,100719,155,100507,155,100932,155,100397,155,100974,155,100168,155,101023,155,100033,155,101068,100,100027,200,101176,100,100016,100,101244,100,100013,100,101420,100,100008,100,,,99980,100
2019-06-28 09:47:52.111948738,100704,55,100629,155,100719,155,100507,155,100932,155,100397,155,100974,155,100168,155,101023,155,100033,155,101068,100,100027,200,101176,100,100016,100,101244,100,100013,100,101420,100,100008,100,,,99980,100
2019-06-28 09:48:00.000000000,100719,238,100629,238,100932,238,100507,238,100974,100,100397,100,101023,100,100168,100,101068,100,100033,100,101176,100,100027,200,101244,100,100016,100,101420,100,100013,100,,,100008,100,,,99980,100
2019-06-28 09:48:10.000000000,100719,169,100629,169,100932,169,100507,169,100974,169,100397,169,101023,169,100168,169,101068,100,100033,100,101176,100,100027,200,101244,100,100016,100,101420,100,100013,100,,,100008,100,,,99980,100
2019-06-28 09:48:11.601233784,100719,169,100629,169,100932,169,100507,169,100974,169,100397,169,101023,169,100168,169,101068,100,100033,100,101176,100,100027,100,101244,100,100016,100,101420,100,100013,100,,,100008,100,,,99980,100
2019-06-28 09:48:20.000000000,100719,238,100629,238,100932,238,100507,238,100974,100,100397,100,101023,100,100168,100,101068,100,100033,100,101176,100,100027,100,101244,100,100016,100,101420,100,100013,100,,,100008,100,,,99980,100
2019-06-28 09:48:22.684407943,100719,338,100629,238,100932,238,100507,238,100974,100,100397,100,101023,100,100168,100,101068,100,100033,100,101176,100,100027,100,101244,100,100016,100,101420,100,100013,100,,,100008,100,,,99980,100
2019-06-28 09:48:29.732108947,100703,100,100629,238,100719,338,100507,238,100932,238,100397,100,100974,100,100168,100,101023,100,100033,100,101068,100,100027,100,101176,100,100016,100,101244,100,100013,100,101420,100,100008,100,,,99980,100
2019-06-28 09:48:30.000000000,100703,155,100629,155,100719,255,100507,155,100932,155,100397,155,100974,155,100168,155,101023,155,100033,155,101068,100,100027,100,101176,100,100016,100,101244,100,100013,100,101420,100,100008,100,,,99980,100
2019-06-28 09:48:40.000000000,100703,376,100629,376,100719,200,100507,100,100932,100,100397,100,100974,100,100168,100,101023,100,100033,100,101068,100,100027,100,101176,100,100016,100,101244,100,100013,100,101420,100,100008,100,,,99980,100
2019-06-28 09:48:50.000000000,100703,376,100629,376,100719,200,100507,100,100932,100,100397,100,100974,100,100168,100,101023,100,100033,100,101068,100,100027,100,101176,100,100016,100,101244,100,100013,100,101420,100,100008,100,,,99980,100
2019-06-28 09:48:54.097353919,100631,100,100629,376,100703,376,100507,100,100719,200,100397,100,100932,100,100168,100,100974,100,100033,100,101023,100,100027,100,101068,100,100016,100,101176,100,100013,100,101244,100,100008,100,101420,100,99980,100
2019-06-28 09:49:00.000000000,100631,169,100629,169,100703,169,100507,169,100719,269,100397,169,100932,169,100168,169,100974,100,100033,100,101023,100,100027,100,101068,100,100016,100,101176,100,100013,100,101244,100,100008,100,101420,100,99980,100
2019-06-28 09:49:10.000000000,100631,238,100629,238,100703,238,100507,238,100719,200,100397,100,100932,100,100168,100,100974,100,100033,100,101023,100,100027,100,101068,100,100016,100,101176,100,100013,100,101244,100,100008,100,101420,100,99980,100
2019-06-28 09:49:20.000000000,100631,376,100629,376,100703,100,100507,100,100719,200,100397,100,100932,100,100168,100,100974,100,100033,100,101023,100,100027,100,101068,100,100016,100,101176,100,100013,100,101244,100,100008,100,101420,100,99980,100
2019-06-28 09:49:30.000000000,100631,169,100629,169,100703,169,100507,169,100719,269,100397,169,100932,169,100168,169,100974,100,100033,100,101023,100,100027,100,101068,100,100016,100,101176,100,100013,100,101244,100,100008,100,101420,100,99980,100
2019-06-28 09:49:40.000000000,100631,194,100629,194,100703,191,100507,191,100719,291,100397,191,100932,100,100168,100,100974,100,100033,100,101023,100,100027,100,101068,100,100016,100,101176,100,100013,100,101244,100,100008,100,101420,100,99980,100
2019-06-28 09:49:47.471681973,100631,194,100629,94,100703,191,100507,191,100719,291,100397,191,100932,100,100168,100,100974,100,100033,100,101023,100,100027,100,101068,100,100016,100,101176,100,100013,100,101244,100,100008,100,101420,100,99980,100
2019-06-28 09:49:49.770296599,100629,6,100507,191,100631,194,100397,191,100703,191,100168,100,100719,291,100033,100,100932,100,100027,100,100974,100,100016,100,101023,100,100013,100,101068,100,99980,100,101176,100,99976,100,101244,100,99970,100
2019-06-28 09:49:50.000000000,100629,61,100507,155,100631,155,100397,155,100703,155,100168,155,100719,255,100033,155,100932,155,100027,155,100974,100,100016,100,101023,100,100013,100,101068,100,99980,100,101176,100,99976,100,101244,100,99970,100
2019-06-28 09:50:00.000000000,100629,61,100507,155,100631,155,100397,155,100703,155,100168,155,100719,255,100033,155,100932,155,100027,155,100974,100,100016,100,101023,100,100013,100,101068,100,99980,100,101176,100,99976,100,101244,100,99970,100
2019-06-28 09:50:05.888618550,100629,61,100507,55,100631,155,100397,155,100703,155,100168,155,100719,255,100033,155,100932,155,100027,155,100974,100,100016,100,101023,100,100013,100,101068,100,99980,100,101176,100,99970,100,101244,100,99954,100
2019-06-28 09:50:10.000000000,100629,61,100397,155,100631,155,100168,155,100703,155,100033,155,100719,255,100027,155,100932,155,100016,155,100974,100,100013,100,101023,100,99980,100,101068,100,99970,100,101176,100,99954,100,101244,100,99950,100
2019-06-28 09:50:15.884092132,100629,61,100397,55,100631,155,100168,155,100703,155,100033,155,100719,255,100027,155,100932,155,100016,155,100974,100,100013,100,101023,100,99980,100,101068,100,99970,100,101176,100,99954,100,101244,100,99950,100
2019-06-28 09:50:20.000000000,100629,100,100168,194,100631,191,100033,191,100703,191,100027,191,100719,200,100016,100,100932,100,100013,100,100974,100,99980,100,101023,100,99970,100,101068,100,99954,100,101176,100,99950,100,101244,100,99884,100
2019-06-28 09:50:28.606394683,100228,100,100168,194,100629,100,100033,191,100631,191,100027,191,100703,191,100016,100,100719,200,100013,100,100932,100,99980,100,100974,100,99970,100,101023,100,99954,100,101068,100,99950,100,101176,100,99884,100
2019-06-28 09:50:30.000000000,100228,194,100168,194,100629,97,100033,191,100631,191,100027,191,100703,100,100016,100,100719,200,100013,100,100932,100,99980,100,100974,100,99970,100,101023,100,99954,100,101068,100,99950,100,101176,100,99884,100
2019-06-28 09:50:40.000000000,100228,194,100168,194,100629,97,100033,191,100631,191,100027,191,100703,100,100016,100,100719,200,100013,100,100932,100,99980,100,100974,100,99970,100,101023,100,99954,100,101068,100,99950,100,101176,100,99884,100
2019-06-28 09:50:50.000000000,100228,194,100168,194,100629,97,100033,191,100631,191,100027,191,100703,100,100016,100,100719,200,100013,100,100932,100,99980,100,100974,100,99970,100,101023,100,99954,100,101068,100,99950,100,101176,100,99884,100
2019-06-28 09:51:00.000000000,100228,169,100168,169,100629,75,100033,169,100631,169,100027,169,100703,169,100016,169,100719,200,100013,100,100932,100,99980,100,100974,100,99970,100,101023,100,99954,100,101068,100,99950,100,101176,100,99884,100
2019-06-28 09:51:10.000000000,100228,194,100168,194,100629,97,100033,191,100631,191,100027,191,100703,100,100016,100,100719,200,100013,100,100932,100,99980,100,100974,100,99970,100,101023,100,99954,100,101068,100,99950,100,101176,100,99884,100
2019-06-28 09:51:20.000000000,100228,376,100168,376,100629,6,100033,100,100631,100,100027,100,100703,100,100016,100,100719,200,100013,100,100932,100,99980,100,100974,100,99970,100,101023,100,99954,100,101068,100,99950,100,101176,100,99884,100
2019-06-28 09:51:21.091949895,100228,376,100168,376,100460,100,100033,100,100629,6,100027,100,100631,100,100016,100,100703,100,100013,100,100719,200,99980,100,100932,100,99970,100,100974,100,99954,100,101068,100,99950,100,101176,100,99884,100
2019-06-28 09:51:30.000000000,100228,169,100168,169,100460,169,100033,169,100629,75,100027,169,100631,169,100016,169,100703,100,100013,100,100719,200,99980,100,100932,100,99970,100,100974,100,99954,100,101068,100,99950,100,101176,100,99884,100
2019-06-28 09:51:40.000000000,100228,376,100168,376,100460,100,100033,100,100629,6,100027,100,100631,100,100016,100,100703,100,100013,100,100719,200,99980,100,100932,100,99970,100,100974,100,99954,100,101068,100,99950,100,101176,100,99884,100
2019-06-28 09:51:50.000000000,100228,376,100168,376,100460,100,100033,100,100629,6,100027,100,100631,100,100016,100,100703,100,100013,100,100719,200,99980,100,100932,100,99970,100,100974,100,99954,100,101068,100,99950,100,101176,100,99884,100
2019-06-28 09:51:50.071154448,100228,376,100168,376,100316,100,100033,100,100460,100,100027,100,100629,6,100016,100,100631,100,100013,100,100703,100,99980,100,100719,200,99970,100,100932,100,99954,100,100974,100,99950,100,101068,100,99884,100
2019-06-28 09:51:54.241580350,100228,376,100168,376,100316,100,100033,100,100460,100,100016,100,100629,6,100013,100,100631,100,99980,100,100703,100,99970,100,100719,200,99954,100,100932,100,99950,100,100974,100,99884,100,101068,100,99876,100
2019-06-28 09:52:00.000000000,100228,155,100168,155,100316,155,100033,155,100460,155,100016,155,100629,61,100013,155,100631,155,99980,155,100703,100,99970,100,100719,200,99954,100,100932,100,99950,100,100974,100,99884,100,101068,100,99876,100
2019-06-28 09:52:10.000000000,100228,155,100168,155,100316,155,100033,155,100460,155,100016,155,100629,61,100013,155,100631,155,99980,155,100703,100,99970,100,100719,200,99954,100,100932,100,99950,100,100974,100,99884,100,101068,100,99876,100
2019-06-28 09:52:18.183571553,100228,155,100214,100,100316,155,100168,155,100460,155,100033,155,100629,55,100016,155,100631,155,100013,155,100703,100,99980,155,100719,200,99970,100,100932,100,99954,100,100974,100,99950,100,101068,100,99884,100
2019-06-28 09:52:20.000000000,100228,376,100214,376,100316,100,100168,100,100460,100,100033,100,100631,100,100016,100,100703,100,100013,100,100719,200,99980,100,100932,100,99970,100,100974,100,99954,100,101068,100,99950,100,101176,100,99884,100
2019-06-28 09:52:30.000000000,100228,194,100214,194,100316,191,100168,191,100460,191,100033,191,100631,100,100016,100,100703,100,100013,100,100719,200,99980,100,100932,100,99970,100,100974,100,99954,100,101068,100,99950,100,101176,100,99884,100
2019-06-28 09:52:40.000000000,100228,238,100214,238,100316,238,100168,238,100460,100,100033,100,100631,100,100016,100,100703,100,100013,100,100719,200,99980,100,100932,100,99970,100,100974,100,99954,100,101068,100,99950,100,101176,100,99884,100
2019-06-28 09:52:46.526635215,100228,138,100214,238,100316,238,100168,238,100460,100,100033,100,100631,100,100016,100,100703,100,100013,100,100719,200,99980,100,100932,100,99970,100,100974,100,99954,100,101068,100,99950,100,101176,100,99884,100
2019-06-28 09:52:50.000000000,100316,169,100214,169,100460,169,100168,169,100631,169,100033,169,100703,169,100016,169,100719,200,100013,100,100932,100,99980,100,100974,100,99970,100,101068,100,99954,100,101176,100,99950,100,101244,100,99884,100
2019-06-28 09:52:56.626160706,100316,169,100228,100,100460,169,100214,169,100631,169,100168,69,100703,169,100033,169,100719,200,100016,169,100932,100,100013,100,100974,100,99980,100,101068,100,99970,100,101176,100,99954,100,101244,100,99950,100
2019-06-28 09:53:00.000000000,100316,155,100228,155,100460,155,100214,155,100631,155,100033,155,100703,155,100016,155,100719,255,100013,155,100932,100,99980,100,100974,100,99970,100,101068,100,99954,100,101176,100,99950,100,101244,100,99884,100
2019-06-28 09:53:10.000000000,100316,194,100228,194,100460,191,100214,191,100631,191,100033,191,100703,100,100016,100,100719,200,100013,100,100932,100,99980,100,100974,100,99970,100,101068,100,99954,100,101176,100,99950,100,101244,100,99884,100
2019-06-28 09:53:20.000000000,100316,238,100228,238,100460,238,100214,238,100631,100,100033,100,100703,100,100016,100,100719,200,100013,100,100932,100,99980,100,100974,100,99970,100,101068,100,99954,100,101176,100,99950,100,101244,100,99884,100
2019-06-28 09:53:26.393443539,100316,238,100237,100,100460,238,100228,238,100631,100,100214,238,100703,100,100033,100,100719,200,100016,100,100932,100,100013,100,100974,100,99980,100,101068,100,99970,100,101176,100,99954,100,101244,100,99950,100
2019-06-28 09:53:27.441041141,100316,238,100237,100,100460,238,100228,238,100681,100,100214,238,100703,100,100033,100,100719,200,100016,100,100932,100,100013,100,100974,100,99980,100,101068,100,99970,100,101176,100,99954,100,101244,100,99950,100
2019-06-28 09:53:30.000000000,100316,238,100237,238,100460,238,100228,238,100681,100,100214,100,100703,100,100033,100,100719,200,100016,100,100932,100,100013,100,100974,100,99980,100,101068,100,99970,100,101176,100,99954,100,101244,100,99950,100
2019-06-28 09:53:40.000000000,100316,169,100237,169,100460,169,100228,169,100681,169,100214,169,100703,169,100033,169,100719,200,100016,100,100932,100,100013,100,100974,100,99980,100,101068,100,99970,100,101176,100,99954,100,101244,100,99950,100
2019-06-28 09:53:50.000000000,100316,155,100237,155,100460,155,100228,155,100681,155,100214,155,100703,155,100033,155,100719,255,100016,155,100932,100,100013,100,100974,100,99980,100,101068,100,99970,100,101176,100,99954,100,101244,100,99950,100
2019-06-28 09:53:52.323473099,100316,155,100237,155,100460,155,100228,155,100681,155,100214,155,100703,155,100033,155,100719,155,100016,155,100743,100,100013,100,100932,100,99980,100,100974,100,99970,100,101068,100,99954,100,101176,100,99950,100
2019-06-28 09:54:00.000000000,100316,155,100237,155,100460,155,100228,155,100681,155,100214,155,100703,155,100033,155,100719,155,100016,155,100743,100,100013,100,100932,100,99980,100,100974,100,99970,100,101068,100,99954,100,101176,100,99950,100
2019-06-28 09:54:10.000000000,100316,194,100237,194,100460,191,100228,191,100681,191,100214,191,100703,100,100033,100,100719,100,100016,100,100743,100,100013,100,100932,100,99980,100,100974,100,99970,100,101068,100,99954,100,101176,100,99950,100
2019-06-28 09:54:20.000000000,100316,238,100237,238,100460,238,100228,238,100681,100,100214,100,100703,100,100033,100,100719,100,100016,100,100743,100,100013,100,100932,100,99980,100,100974,100,99970,100,101068,100,99954,100,101176,100,99950,100
2019-06-28 09:54:30.000000000,100316,155,100237,155,100460,155,100228,155,100681,155,100214,155,100703,155,100033,155,100719,155,100016,155,100743,100,100013,100,100932,100,99980,100,100974,100,99970,100,101068,100,99954,100,101176,100,99950,100
2019-06-28 09:54:37.774544293,100316,155,100237,155,100460,155,100228,155,100681,155,100214,155,100703,155,100033,155,100719,155,100016,155,100743,100,100013,100,100974,100,99980,100,101068,100,99970,100,101176,100,99954,100,101244,100,99950,100
2019-06-28 09:54:40.000000000,100316,169,100237,169,100460,169,100228,169,100681,169,100214,169,100703,169,100033,169,100719,100,100016,100,100743,100,100013,100,100974,100,99980,100,101068,100,99970,100,101176,100,99954,100,101244,100,99950,100
2019-06-28 09:54:50.000000000,100316,238,100237,238,100460,238,100228,238,100681,100,100214,100,100703,100,100033,100,100719,100,100016,100,100743,100,100013,100,100974,100,99980,100,101068,100,99970,100,101176,100,99954,100,101244,100,99950,100
2019-06-28 09:55:00.000000000,100316,169,100237,169,100460,169,100228,169,100681,169,100214,169,100703,169,100033,169,100719,100,100016,100,100743,100,100013,100,100974,100,99980,100,101068,100,99970,100,101176,100,99954,100,101244,100,99950,100
2019-06-28 09:55:10.000000000,100316,376,100237,376,100460,100,100228,100,100681,100,100214,100,100703,100,100033,100,100719,100,100016,100,100743,100,100013,100,100974,100,99980,100,101068,100,99970,100,101176,100,99954,100,101244,100,99950,100
2019-06-28 09:55:14.619476383,100316,376,100237,376,100681,100,100228,100,100703,100,100214,100,100719,100,100033,100,100743,100,100016,100,100974,100,100013,100,101068,100,99980,100,101176,100,99970,100,101244,100,99954,100,101420,100,99950,100
2019-06-28 09:55:20.000000000,100316,238,100237,238,100681,238,100228,238,100703,100,100214,100,100719,100,100033,100,100743,100,100016,100,100974,100,100013,100,101068,100,99980,100,101176,100,99970,100,101244,100,99954,100,101420,100,99950,100
2019-06-28 09:55:30.000000000,100316,155,100237,155,100681,155,100228,155,100703,155,100214,155,100719,155,100033,155,100743,155,100016,155,100974,100,100013,100,101068,100,99980,100,101176,100,99970,100,101244,100,99954,100,101420,100,99950,100
2019-06-28 09:55:34.210702153,100316,155,100237,55,100681,155,100228,155,100703,155,100214,155,100719,155,100033,155,100743,155,100016,155,100974,100,100013,100,101068,100,99980,100,101244,100,99970,100,101420,100,99954,100,,,99950,100
2019-06-28 09:55:40.000000000,100316,376,100228,376,100681,100,100214,100,100703,100,100033,100,100719,100,100016,100,100743,100,100013,100,100974,100,99980,100,101068,100,99970,100,101244,100,99954,100,101420,100,99950,100,,,99884,100
2019-06-28 09:55:50.000000000,100316,376,100228,376,100681,100,100214,100,100703,100,100033,100,100719,100,100016,100,100743,100,100013,100,100974,100,99980,100,101068,100,99970,100,101244,100,99954,100,101420,100,99950,100,,,99884,100
2019-06-28 09:56:00.000000000,100316,376,100228,376,100681,100,100214,100,100703,100,100033,100,100719,100,100016,100,100743,100,100013,100,100974,100,99980,100,101068,100,99970,100,101244,100,99954,100,101420,100,99950,100,,,99884,100
2019-06-28 09:56:00.533889172,100316,376,100228,276,100681,100,100214,100,100703,100,100033,100,100719,100,100016,100,100743,100,100013,100,100974,100,99980,100,101068,100,99970,100,101244,100,99954,100,101420,100,99950,100,,,99884,100
2019-06-28 09:56:10.000000000,100316,169,100214,169,100681,169,100033,169,100703,169,100016,169,100719,169,100013,169,100743,100,99980,100,100974,100,99970,100,101068,100,99954,100,101244,100,99950,100,101420,100,99884,100,,,99876,100
2019-06-28 09:56:20.000000000,100316,238,100214,238,100681,238,100033,238,100703,100,100016,100,100719,100,100013,100,100743,100,99980,100,100974,100,99970,100,101068,100,99954,100,101244,100,99950,100,101420,100,99884,100,,,99876,100
2019-06-28 09:56:24.483685368,100316,238,100214,138,100681,238,100033,238,100703,100,100016,100,100719,100,100013,100,100743,100,99980,100,100974,100,99970,100,101068,100,99954,100,101244,100,99950,100,101420,100,99884,100,,,99876,100
2019-06-28 09:56:30.000000000,100316,169,100033,169,100681,169,100016,169,100703,169,100013,169,100719,169,99980,169,100743,100,99970,100,100974,100,99954,100,101068,100,99950,100,101244,100,99884,100,101420,100,99876,100,,,99834,100
2019-06-28 09:56:40.000000000,100316,238,100033,238,100681,238,100016,238,100703,100,100013,100,100719,100,99980,100,100743,100,99970,100,100974,100,99954,100,101068,100,99950,100,101244,100,99884,100,101420,100,99876,100,,,99834,100
2019-06-28 09:56:50.000000000,100316,238,100033,238,100681,238,100016,238,100703,100,100013,100,100719,100,99980,100,100743,100,99970,100,100974,100,99954,100,101068,100,99950,100,101244,100,99884,100,101420,100,99876,100,,,99834,100
2019-06-28 09:56:52.142481902,100316,238,100033,138,100681,238,100016,238,100703,100,100013,100,100719,100,99970,100,100743,100,99954,100,100974,100,99950,100,101068,100,99884,100,101244,100,99876,100,101420,100,99834,100,,,99535,100
2019-06-28 09:57:00.000000000,100316,238,100016,238,100681,238,100013,238,100703,100,99970,100,100719,100,99954,100,100743,100,99950,100,100974,100,99884,100,101068,100,99876,100,101244,100,99834,100,101420,100,99535,100,,,99393,100
2019-06-28 09:57:10.000000000,100316,169,100016,169,100681,169,100013,169,100703,169,99970,169,100719,169,99954,169,100743,100,99950,100,100974,100,99884,100,101068,100,99876,100,101244,100,99834,100,101420,100,99535,100,,,99393,100
2019-06-28 09:57:16.923644108,100316,169,100016,69,100681,169,100013,169,100703,169,99970,169,100719,169,99954,169,100743,100,99950,100,100974,100,99884,100,101068,100,99876,100,101244,100,99535,100,101420,100,99393,100,,,,
2019-06-28 09:57:20.000000000,100316,238,100013,238,100681,238,99970,238,100703,100,99954,100,100719,100,99950,100,100743,100,99884,100,100974,100,99876,100,101068,100,99535,100,101244,100,99393,100,101420,100,,,,,,
2019-06-28 09:57:30.000000000,100316,238,100013,238,100681,238,99970,238,100703,100,99954,100,100719,100,99950,100,100743,100,99884,100,100974,100,99876,100,101068,100,99535,100,101244,100,99393,100,101420,100,,,,,,
2019-06-28 09:57:31.964374468,100316,238,100013,138,100681,138,99970,238,100703,100,99954,100,100719,100,99950,100,100743,100,99884,100,100974,100,99876,100,101068,100,99535,100,101244,100,99393,100,101420,100,,,,,,
2019-06-28 09:57:40.000000000,100316,194,99970,194,100703,191,99954,191,100719,191,99950,191,100743,100,99884,100,100974,100,99876,100,101068,100,99535,100,101244,100,99393,100,101420,100,,,,,,,,,,
2019-06-28 09:57:50.000000000,100316,169,99970,169,100703,169,99954,169,100719,169,99950,169,100743,169,99884,169,100974,100,99876,100,101068,100,99535,100,101244,100,99393,100,101420,100,,,,,,,,,,
2019-06-28 09:57:50.605850702,100316,169,99970,69,100703,169,99954,169,100719,169,99950,169,100743,169,99884,169,100974,100,99876,100,101068,100,99535,100,101244,100,99393,100,101420,100,,,,,,,,,,
2019-06-28 09:57:51.960062307,100013,100,99970,69,100316,169,99954,169,100703,69,99950,169,100719,169,99884,169,100743,169,99876,100,100974,100,99535,100,101068,100,99393,100,101244,100,,,101420,100,,,,,,
2019-06-28 09:57:55.645784246,100013,100,99970,69,100316,169,99954,169,100703,69,99950,169,100719,169,99884,169,100743,169,99876,100,100974,100,99535,100,101068,100,99393,100,101244,100,99362,100,101420,100,,,,,,
2019-06-28 09:58:00.000000000,100013,155,99954,155,100316,155,99950,155,100719,155,99884,155,100743,155,99876,155,100974,155,99535,155,101068,100,99393,100,101244,100,99362,100,101420,100,,,,,,,,,,
2019-06-28 09:58:01.991267806,100013,155,99954,55,100316,155,99950,155,100719,155,99884,155,100743,155,99876,155,100974,155,99535,155,101068,100,99393,100,101244,100,99362,100,101420,100,,,,,,,,,,
2019-06-28 09:58:08.270088948,100013,155,99954,55,100316,155,99950,155,100719,55,99884,155,100743,155,99876,155,100974,155,99535,155,101068,100,99393,100,101244,100,99362,100,101420,100,99230,100,,,,,,,,
2019-06-28 09:58:10.000000000,100013,194,99950,194,100316,191,99884,191,100743,191,99876,191,100974,100,99535,100,101068,100,99393,100,101244,100,99362,100,101420,100,99230,100,,,,,,,,,,,,
2019-06-28 09:58:10.538980674,100013,194,99950,94,100316,191,99884,191,100743,191,99876,191,100974,100,99535,100,101068,100,99393,100,101244,100,99362,100,,,99230,100,,,,,,,,,,,,
2019-06-28 09:58:20.000000000,100013,194,99884,194,100316,191,99876,191,100743,191,99535,191,100974,100,99393,100,101068,100,99362,100,101244,100,99230,100,,,,,,,,,,,,,,,,
2019-06-28 09:58:28.318684747,100013,194,99884,94,100316,191,99876,191,100743,191,99535,191,100974,100,99393,100,101068,100,99362,100,101244,100,99230,100,,,,,,,,,,,,,,,,
2019-06-28 09:58:30.000000000,100013,376,99876,376,100316,100,99535,100,100743,100,99393,100,100974,100,99362,100,101068,100,99230,100,101244,100,,,,,,,,,,,,,,,,,,
2019-06-28 09:58:40.000000000,100013,376,99876,376,100316,100,99535,100,100743,100,99393,100,100974,100,99362,100,101068,100,99230,100,101244,100,,,,,,,,,,,,,,,,,,
2019-06-28 09:58:50.000000000,100013,376,99876,376,100316,100,99535,100,100743,100,99393,100,100974,100,99362,100,101068,100,99230,100,101244,100,,,,,,,,,,,,,,,,,,
2019-06-28 09:59:00.000000000,100013,376,99876,376,100316,100,99535,100,100743,100,99393,100,100974,100,99362,100,101068,100,99230,100,101244,100,,,,,,,,,,,,,,,,,,
2019-06-28 09:59:10.000000000,100013,169,99876,169,100316,169,99535,169,100743,169,99393,169,100974,169,99362,169,101068,100,99230,100,101244,100,,,,,,,,,,,,,,,,,,
2019-06-28 09:59:16.518948611,100013,169,99876,169,100192,100,99535,169,100316,169,99393,169,100743,169,99362,169,100974,169,99230,100,101068,100,,,101244,100,,,,,,,,,,,,,,
2019-06-28 09:59:20.000000000,100013,194,99876,194,100192,191,99535,191,100316,191,99393,191,100743,100,99362,100,100974,100,99230,100,101068,100,,,101244,100,,,,,,,,,,,,,,
2019-06-28 09:59:30.000000000,100013,376,99876,376,100192,100,99535,100,100316,100,99393,100,100743,100,99362,100,100974,100,99230,100,101068,100,,,101244,100,,,,,,,,,,,,,,
2019-06-28 09:59:30.640350935,100013,376,99876,376,100192,100,99602,100,100316,100,99535,100,100974,100,99393,100,101068,100,99362,100,101244,100,99230,100,,,,,,,,,,,,,,,,
2019-06-28 09:59:40.000000000,100013,155,99876,155,100192,155,99602,155,100316,155,99535,155,100974,155,99393,155,101068,155,99362,155,101244,100,99230,100,,,,,,,,,,,,,,,,
2019-06-28 09:59:50.000000000,100013,155,99876,155,100192,155,99602,155,100316,155,99535,155,100974,155,99393,155,101068,155,99362,155,101244,100,99230,100,,,,,,,,,,,,,,,,
2019-06-28 09:59:53.982618389,100013,155,99876,155,100192,155,99785,100,100316,155,99602,155,100974,155,99535,155,101068,155,99393,155,101244,100,99362,155,,,99230,100,,,,,,,,,,,,
2019-06-28 10:00:00.000000000,100013,238,99876,238,100192,238,99785,238,100316,100,99602,100,100974,100,99535,100,101068,100,99393,100,101244,100,99362,100,,,99230,100,,,,,,,,,,,,
2019-06-28 10:00:02.255715433,100013,238,99997,100,100192,238,99876,238,100316,100,99785,238,100974,100,99602,100,101068,100,99535,100,101244,100,99393,100,,,99362,100,,,99230,100,,,,,,,,
2019-06-28 10:00:10.000000000,100013,376,99997,376,100192,100,99876,100,100316,100,99785,100,100974,100,99602,100,101068,100,99535,100,101244,100,99393,100,,,99362,100,,,99230,100,,,,,,,,
2019-06-28 10:00:20.000000000,100013,169,99997,169,100192,169,99876,169,100316,169,99785,169,100974,169,99602,169,101068,100,99535,100,101244,100,99393,100,,,99362,100,,,99230,100,,,,,,,,
2019-06-28 10:00:25.809711027,100013,169,99997,169,100192,169,99885,100,100316,169,99876,169,100974,169,99785,169,101068,100,99602,169,101244,100,99535,100,,,99393,100,,,99362,100,,,99230,100,,,,
2019-06-28 10:00:27.320115658,100013,169,99997,169,100043,100,99885,100,100192,169,99876,169,100316,169,99785,169,100974,169,99602,169,101068,100,99535,100,101244,100,99393,100,,,99362,100,,,99230,100,,,,
2019-06-28 10:00:30.000000000,100013,376,99997,376,100043,100,99885,100,100192,100,99876,100,100316,100,99785,100,100974,100,99602,100,101068,100,99535,100,101244,100,99393,100,,,99362,100,,,99230,100,,,,
2019-06-28 10:00:40.000000000,100013,169,99997,169,100043,169,99885,169,100192,169,99876,169,100316,169,99785,169,100974,100,99602,100,101068,100,99535,100,101244,100,99393,100,,,99362,100,,,99230,100,,,,
2019-06-28 10:00:50.000000000,100013,238,99997,238,100043,238,99885,238,100192,100,99876,100,100316,100,99785,100,100974,100,99602,100,101068,100,99535,100,101244,100,99393,100,,,99362,100,,,99230,100,,,,
2019-06-28 10:00:55.051079997,100013,138,99997,238,100043,238,99885,238,100192,100,99876,100,100316,100,99785,100,100974,100,99602,100,101068,100,99535,100,101244,100,99393,100,,,99362,100,,,99230,100,,,,
2019-06-28 10:01:00.000000000,100043,155,99997,155,100192,155,99885,155,100316,155,99876,155,100974,155,99785,155,101068,155,99602,155,101244,100,99535,100,,,99393,100,,,99362,100,,,99230,100,,,,
2019-06-28 10:01:10.000000000,100043,376,99997,376,100192,100,99885,100,100316,100,99876,100,100974,100,99785,100,101068,100,99602,100,101244,100,99535,100,,,99393,100,,,99362,100,,,99230,100,,,,
2019-06-28 10:01:20.000000000,100043,194,99997,194,100192,191,99885,191,100316,191,99876,191,100974,100,99785,100,101068,100,99602,100,101244,100,99535,100,,,99393,100,,,99362,100,,,99230,100,,,,
2019-06-28 10:01:23.470771761,100043,194,99997,194,100192,191,99885,191,100316,191,99876,191,100317,100,99785,100,100974,100,99602,100,101068,100,99535,100,101244,100,99393,100,,,99362,100,,,99230,100,,,,
2019-06-28 10:01:30.000000000,100043,194,99997,194,100192,191,99885,191,100316,191,99876,191,100317,100,99785,100,100974,100,99602,100,101068,100,99535,100,101244,100,99393,100,,,99362,100,,,99230,100,,,,
2019-06-28 10:01:40.000000000,100043,194,99997,194,100192,191,99885,191,100316,191,99876,191,100317,100,99785,100,100974,100,99602,100,101068,100,99535,100,101244,100,99393,100,,,99362,100,,,99230,100,,,,
2019-06-28 10:01:50.000000000,100043,194,99997,194,100192,191,99885,191,100316,191,99876,191,100317,100,99785,100,100974,100,99602,100,101068,100,99535,100,101244,100,99393,100,,,99362,100,,,99230,100,,,,
2019-06-28 10:02:00.000000000,100043,194,99997,194,100192,191,99885,191,100316,191,99876,191,100317,100,99785,100,100974,100,99602,100,101068,100,99535,100,101244,100,99393,100,,,99362,100,,,99230,100,,,,
2019-06-28 10:02:10.000000000,100043,376,99997,376,100192,100,99885,100,100316,100,99876,100,100317,100,99785,100,100974,100,99602,100,101068,100,99535,100,101244,100,99393,100,,,99362,100,,,99230,100,,,,
2019-06-28 10:02:11.175439098,100043,376,99997,376,100192,100,99885,100,100316,100,99876,100,100317,100,99785,100,100573,100,99602,100,100974,100,99535,100,101068,100,99393,100,101244,100,99362,100,,,99230,100,,,,
2019-06-28 10:02:13.354492518,100043,376,99998,100,100192,100,99997,376,100316,100,99885,100,100317,100,99876,100,100573,100,99785,100,100974,100,99602,100,101068,100,99535,100,101244,100,99393,100,,,99362,100,,,99230,100
2019-06-28 10:02:20.000000000,100043,194,99998,194,100192,191,99997,191,100316,191,99885,191,100317,100,99876,100,100573,100,99785,100,100974,100,99602,100,101068,100,99535,100,101244,100,99393,100,,,99362,100,,,99230,100
2019-06-28 10:02:21.459191859,100043,94,99998,194,100192,191,99997,191,100316,191,99885,191,100317,100,99876,100,100573,100,99785,100,100974,100,99602,100,101068,100,99535,100,101244,100,99393,100,,,99362,100,,,99230,100
2019-06-28 10:02:28.584599088,100043,94,100013,100,100192,191,99998,194,100316,191,99997,191,100317,100,99885,191,100573,100,99876,100,100974,100,99785,100,101068,100,99602,100,101244,100,99535,100,,,99393,100,,,99362,100
2019-06-28 10:02:30.000000000,100192,376,100013,376,100316,100,99998,100,100317,100,99997,100,100573,100,99885,100,100974,100,99876,100,101068,100,99785,100,101244,100,99602,100,,,99535,100,,,99393,100,,,99362,100
2019-06-28 10:02:35.984486270,100192,376,100013,376,100316,100,99998,100,100317,100,99997,100,100573,100,99962,100,100974,100,99885,100,101068,100,99876,100,101244,100,99785,100,,,99602,100,,,99535,100,,,99393,100
2019-06-28 10:02:40.000000000,100192,238,100013,238,100316,238,99998,238,100317,100,99997,100,100573,100,99962,100,100974,100,99885,100,101068,100,99876,100,101244,100,99785,100,,,99602,100,,,99535,100,,,99393,100
2019-06-28 10:02:50.000000000,100192,194,100013,194,100316,191,99998,191,100317,191,99997,191,100573,100,99962,100,100974,100,99885,100,101068,100,99876,100,101244,100,99785,100,,,99602,100,,,99535,100,,,99393,100
2019-06-28 10:03:00.000000000,100192,155,100013,155,100316,155,99998,155,100317,155,99997,155,100573,155,99962,155,100974,155,99885,155,101068,100,99876,100,101244,100,99785,100,,,99602,100,,,99535,100,,,99393,100
2019-06-28 10:03:10.000000000,100192,376,100013,376,100316,100,99998,100,100317,100,99997,100,100573,100,99962,100,100974,100,99885,100,101068,100,99876,100,101244,100,99785,100,,,99602,100,,,99535,100,,,99393,100
2019-06-28 10:03:20.000000000,100192,376,100013,376,100316,100,99998,100,100317,100,99997,100,100573,100,99962,100,100974,100,99885,100,101068,100,99876,100,101244,100,99785,100,,,99602,100,,,99535,100,,,99393,100
2019-06-28 10:03:30.000000000,100192,238,100013,238,100316,238,99998,238,100317,100,99997,100,100573,100,99962,100,100974,100,99885,100,101068,100,99876,100,101244,100,99785,100,,,99602,100,,,99535,100,,,99393,100
2019-06-28 10:03:40.000000000,100192,238,100013,238,100316,238,99998,238,100317,100,99997,100,100573,100,99962,100,100974,100,99885,100,101068,100,99876,100,101244,100,99785,100,,,99602,100,,,99535,100,,,99393,100
2019-06-28 10:03:47.550597874,100192,238,100013,238,100316,238,99998,238,100317,100,99997,100,100573,100,99962,100,100974,100,99885,100,101068,100,99876,100,,,99785,100,,,99602,100,,,99535,100,,,99513,100
2019-06-28 10:03:50.000000000,100192,238,100013,238,100316,238,99998,238,100317,100,99997,100,100573,100,99962,100,100974,100,99885,100,101068,100,99876,100,,,99785,100,,,99602,100,,,99535,100,,,99513,100
2019-06-28 10:03:56.619816809,100192,238,100013,238,100316,238,99998,238,100317,100,99997,100,100573,100,99962,100,100974,100,99885,100,101068,100,99876,100,,,99785,100,,,99602,100,,,99535,100,,,99513,100
2019-06-28 10:04:00.000000000,100192,169,100013,169,100316,169,99998,169,100317,169,99997,169,100573,169,99962,169,100974,100,99885,100,101068,100,99876,100,,,99785,100,,,99602,100,,,99535,100,,,99513,100
2019-06-28 10:04:10.000000000,100192,155,100013,155,100316,155,99998,155,100317,155,99997,155,100573,155,99962,155,100974,155,99885,155,101068,100,99876,100,,,99785,100,,,99602,100,,,99535,100,,,99513,100
2019-06-28 10:04:20.000000000,100192,155,100013,155,100316,155,99998,155,100317,155,99997,155,100573,155,99962,155,100974,155,99885,155,101068,100,99876,100,,,99785,100,,,99602,100,,,99535,100,,,99513,100
2019-06-28 10:04:30.000000000,100192,194,100013,194,100316,191,99998,191,100317,191,99997,191,100573,100,99962,100,100974,100,99885,100,101068,100,99876,100,,,99785,100,,,99602,100,,,99535,100,,,99513,100
2019-06-28 10:04:35.277278057,100192,194,100013,94,100316,191,99998,191,100317,191,99997,191,100573,100,99962,100,100974,100,99885,100,,,99876,100,,,99785,100,,,99602,100,,,99535,100,,,99513,100
2019-06-28 10:04:40.000000000,100192,376,99998,376,100316,100,99997,100,100317,100,99962,100,100573,100,99885,100,100974,100,99876,100,,,99785,100,,,99602,100,,,99535,100,,,99513,100,,,99393,100
2019-06-28 10:04:50.000000000,100192,194,99998,194,100316,191,99997,191,100317,191,99962,191,100573,100,99885,100,100974,100,99876,100,,,99785,100,,,99602,100,,,99535,100,,,99513,100,,,99393,100
2019-06-28 10:05:00.000000000,100192,238,99998,238,100316,238,99997,238,100317,100,99962,100,100573,100,99885,100,100974,100,99876,100,,,99785,100,,,99602,100,,,99535,100,,,99513,100,,,99393,100
2019-06-28 10:05:10.000000000,100192,194,99998,194,100316,191,99997,191,100317,191,99962,191,100573,100,99885,100,100974,100,99876,100,,,99785,100,,,99602,100,,,99535,100,,,99513,100,,,99393,100
2019-06-28 10:05:20.000000000,100192,155,99998,155,100316,155,99997,155,100317,155,99962,155,100573,155,99885,155,100974,155,99876,155,,,99785,100,,,99602,100,,,99535,100,,,99513,100,,,99393,100
2019-06-28 10:05:22.317371950,100192,155,99998,55,100316,155,99997,155,100317,155,99962,155,100573,155,99885,155,100974,155,99876,155,,,99785,100,,,99602,100,,,99535,100,,,99513,100,,,99393,100
2019-06-28 10:05:30.000000000,100192,155,99997,155,100316,155,99962,155,100317,155,99885,155,100573,155,99876,155,100974,155,99785,155,,,99602,100,,,99535,100,,,99513,100,,,99393,100,,,99362,100
2019-06-28 10:05:35.229646511,100192,155,99997,155,100316,155,99962,155,100317,155,99925,100,100573,155,99885,155,100974,155,99876,155,,,99785,155,,,99602,100,,,99535,100,,,99513,100,,,99393,100
2019-06-28 10:05:40.000000000,100192,194,99997,194,100316,191,99962,191,100317,191,99925,191,100573,100,99885,100,100974,100,99876,100,,,99785,100,,,99602,100,,,99535,100,,,99513,100,,,99393,100
2019-06-28 10:05:44.887632923,100192,194,99997,194,100316,191,99962,91,100317,191,99925,191,100573,100,99885,100,100974,100,99876,100,,,99838,100,,,99785,100,,,99602,100,,,99535,100,,,99513,100
2019-06-28 10:05:50.000000000,100192,155,99997,155,100316,155,99925,155,100317,155,99885,155,100573,155,99876,155,100974,155,99838,155,,,99785,100,,,99602,100,,,99535,100,,,99513,100,,,99393,100
2019-06-28 10:05:54.889737242,100192,155,99997,155,100316,155,99925,155,100317,155,99909,100,100573,155,99885,155,100974,155,99876,155,,,99838,155,,,99785,100,,,99602,100,,,99535,100,,,99513,100
2019-06-28 10:06:00.000000000,100192,376,99997,376,100316,100,99925,100,100317,100,99909,100,100573,100,99885,100,100974,100,99876,100,,,99838,100,,,99785,100,,,99602,100,,,99535,100,,,99513,100
2019-06-28 10:06:10.000000000,100192,194,99997,194,100316,191,99925,191,100317,191,99909,191,100573,100,99885,100,100974,100,99876,100,,,99838,100,,,99785,100,,,99602,100,,,99535,100,,,99513,100
2019-06-28 10:06:20.000000000,100192,169,99997,169,100316,169,99925,169,100317,169,99909,169,100573,169,99885,169,100974,100,99876,100,,,99838,100,,,99785,100,,,99602,100,,,99535,100,,,99513,100
2019-06-28 10:06:30.000000000,100192,376,99997,376,100316,100,99925,100,100317,100,99909,100,100573,100,99885,100,100974,100,99876,100,,,99838,100,,,99785,100,,,99602,100,,,99535,100,,,99513,100
2019-06-28 10:06:37.518241392,100192,376,99997,376,100316,100,99925,100,100317,100,99909,100,100521,100,99885,100,100573,100,99876,100,100974,100,99838,100,,,99785,100,,,99602,100,,,99535,100,,,99513,100
2019-06-28 10:06:40.000000000,100192,155,99997,155,100316,155,99925,155,100317,155,99909,155,100521,155,99885,155,100573,155,99876,155,100974,100,99838,100,,,99785,100,,,99602,100,,,99535,100,,,99513,100
2019-06-28 10:06:50.000000000,100192,238,99997,238,100316,238,99925,238,100317,100,99909,100,100521,100,99885,100,100573,100,99876,100,100974,100,99838,100,,,99785,100,,,99602,100,,,99535,100,,,99513,100
2019-06-28 10:07:00.000000000,100192,194,99997,194,100316,191,99925,191,100317,191,99909,191,100521,100,99885,100,100573,100,99876,100,100974,100,99838,100,,,99785,100,,,99602,100,,,99535,100,,,99513,100
2019-06-28 10:07:10.000000000,100192,155,99997,155,100316,155,99925,155,100317,155,99909,155,100521,155,99885,155,100573,155,99876,155,100974,100,99838,100,,,99785,100,,,99602,100,,,99535,100,,,99513,100
2019-06-28 10:07:14.393177206,100189,100,99997,155,100192,155,99925,155,100316,155,99909,155,100317,155,99885,155,100521,55,99876,155,100573,155,99838,100,100974,100,99785,100,,,99602,100,,,99535,100,,,99513,100
2019-06-28 10:07:20.000000000,100189,169,99997,169,100192,169,99925,169,100316,169,99909,169,100317,169,99885,169,100573,100,99876,100,100974,100,99838,100,,,99785,100,,,99602,100,,,99535,100,,,99513,100
2019-06-28 10:07:30.000000000,100189,155,99997,155,100192,155,99925,155,100316,155,99909,155,100317,155,99885,155,100573,155,99876,155,100974,100,99838,100,,,99785,100,,,99602,100,,,99535,100,,,99513,100
2019-06-28 10:07:37.885911366,100042,100,99997,155,100189,155,99925,155,100192,155,99909,155,100316,155,99885,155,100317,155,99876,155,100573,155,99838,100,100974,100,99785,100,,,99602,100,,,99535,100,,,99513,100
2019-06-28 10:07:40.000000000,100042,155,99997,155,100189,155,99925,155,100192,155,99909,155,100316,155,99885,155,100317,155,99876,155,100573,100,99838,100,100974,100,99785,100,,,99602,100,,,99535,100,,,99513,100
2019-06-28 10:07:45.469959129,100042,255,99997,155,100189,155,99925,155,100192,155,99909,155,100316,155,99885,155,100317,155,99876,155,100573,100,99838,100,100974,100,99785,100,,,99602,100,,,99535,100,,,99513,100
2019-06-28 10:07:45.490913630,100042,255,99997,155,100189,155,99925,155,100192,155,99909,155,100316,155,99885,155,100317,155,99876,155,100573,100,99838,100,100974,100,99785,100,,,99602,100,,,99578,100,,,99535,100
2019-06-28 10:07:50.000000000,100042,294,99997,194,100189,191,99925,191,100192,191,99909,191,100316,100,99885,100,100317,100,99876,100,100573,100,99838,100,100974,100,99785,100,,,99602,100,,,99578,100,,,99535,100
2019-06-28 10:08:00.000000000,100042,269,99997,169,100189,169,99925,169,100192,169,99909,169,100316,169,99885,169,100317,100,99876,100,100573,100,99838,100,100974,100,99785,100,,,99602,100,,,99578,100,,,99535,100
2019-06-28 10:08:06.782410562,100042,269,99997,69,100189,169,99925,169,100192,169,99909,169,100316,169,99885,169,100317,100,99876,100,100573,100,99838,100,100974,100,99785,100,,,99602,100,,,99578,100,,,99535,100
2019-06-28 10:08:07.530696173,100042,269,99997,69,100189,169,99925,169,100192,169,99909,169,100316,169,99885,169,100317,100,99876,100,100573,100,99838,100,100974,100,99785,100,,,99602,100,,,99578,100,,,99535,100
2019-06-28 10:08:10.000000000,100042,255,99925,155,100189,155,99909,155,100192,155,99885,155,100316,155,99876,155,100317,155,99838,155,100573,100,99785,100,100974,100,99602,100,,,99578,100,,,99535,100,,,99513,100
2019-06-28 10:08:20.000000000,100042,294,99925,194,100189,191,99909,191,100192,191,99885,191,100316,100,99876,100,100317,100,99838,100,100573,100,99785,100,100974,100,99602,100,,,99578,100,,,99535,100,,,99513,100
2019-06-28 10:08:28.134130931,100042,294,99925,194,100189,191,99909,191,100192,191,99885,191,100316,100,99876,100,100317,100,99838,100,100573,100,99785,100,100974,100,99602,100,,,99578,100,,,99535,100,,,99513,100
2019-06-28 10:08:30.000000000,100042,255,99925,155,100189,155,99909,155,100192,155,99885,155,100316,155,99876,155,100317,155,99838,155,100573,100,99785,100,100974,100,99602,100,,,99578,100,,,99535,100,,,99513,100
2019-06-28 10:08:39.386261542,100042,255,99925,55,100189,155,99909,155,100192,155,99885,155,100316,155,99876,155,100317,155,99838,155,100573,100,99785,100,100974,100,99602,100,,,99578,100,,,99535,100,,,99513,100
2019-06-28 10:08:40.000000000,100042,294,99909,194,100189,191,99885,191,100192,191,99876,191,100316,100,99838,100,100317,100,99785,100,100573,100,99602,100,100974,100,99578,100,,,99535,100,,,99513,100,,,99469,100
2019-06-28 10:08:50.000000000,100042,255,99909,155,100189,155,99885,155,100192,155,99876,155,100316,155,99838,155,100317,155,99785,155,100573,100,99602,100,100974,100,99578,100,,,99535,100,,,99513,100,,,99469,100
2019-06-28 10:09:00.000000000,100042,269,99909,169,100189,169,99885,169,100192,169,99876,169,100316,169,99838,169,100317,100,99785,100,100573,100,99602,100,100974,100,99578,100,,,99535,100,,,99513,100,,,99469,100
2019-06-28 10:09:06.589904222,100042,269,99909,69,100189,169,99885,169,100192,169,99876,169,100316,169,99838,169,100317,100,99785,100,100573,100,99602,100,100974,100,99578,100,,,99535,100,,,99513,100,,,99469,100
2019-06-28 10:09:10.000000000,100042,255,99885,155,100189,155,99876,155,100192,155,99838,155,100316,155,99785,155,100317,155,99602,155,100573,100,99578,100,100974,100,99535,100,,,99513,100,,,99469,100,,,99393,100
2019-06-28 10:09:20.000000000,100042,294,99885,194,100189,191,99876,191,100192,191,99838,191,100316,100,99785,100,100317,100,99602,100,100573,100,99578,100,100974,100,99535,100,,,99513,100,,,99469,100,,,99393,100
2019-06-28 10:09:30.000000000,100042,338,99885,238,100189,238,99876,238,100192,100,99838,100,100316,100,99785,100,100317,100,99602,100,100573,100,99578,100,100974,100,99535,100,,,99513,100,,,99469,100,,,99393,100
2019-06-28 10:09:39.892628232,100042,338,99885,238,100189,238,99876,238,100192,100,99838,100,100316,100,99785,100,100317,100,99602,100,100573,100,99578,100,100974,100,99535,100,,,99513,100,,,99469,100,,,99393,100
2019-06-28 10:09:40.000000000,100042,338,99885,238,100189,238,99876,238,100192,100,99838,100,100316,100,99785,100,100317,100,99602,100,100573,100,99578,100,100974,100,99535,100,,,99513,100,,,99469,100,,,99393,100
2019-06-28 10:09:43.059944927,100042,338,99885,138,100189,238,99876,238,100192,100,99838,100,100316,100,99785,100,100317,100,99602,100,100573,100,99578,100,100974,100,99535,100,,,99513,100,,,99469,100,,,99393,100
2019-06-28 10:09:50.000000000,100042,338,99876,238,100189,238,99838,238,100192,100,99785,100,100316,100,99602,100,100317,100,99578,100,100573,100,99535,100,100974,100,99513,100,,,99469,100,,,99393,100,,,99362,100
2019-06-28 10:10:00.000000000,100042,269,99876,169,100189,169,99838,169,100192,169,99785,169,100316,169,99602,169,100317,100,99578,100,100573,100,99535,100,100974,100,99513,100,,,99469,100,,,99393,100,,,99362,100
2019-06-28 10:10:09.703673289,100042,269,99876,69,100189,169,99838,169,100192,169,99785,169,100316,169,99602,169,100317,100,99578,100,100573,100,99535,100,100974,100,99469,100,,,99393,100,,,99362,100,,,99288,100
2019-06-28 10:10:10.000000000,100042,255,99838,155,100189,155,99785,155,100192,155,99602,155,100316,155,99578,155,100317,155,99535,155,100573,100,99469,100,100974,100,99393,100,,,99362,100,,,99288,100,,,99230,100
2019-06-28 10:10:20.000000000,100042,338,99838,238,100189,238,99785,238,100192,100,99602,100,100316,100,99578,100,100317,100,99535,100,100573,100,99469,100,100974,100,99393,100,,,99362,100,,,99288,100,,,99230,100
2019-06-28 10:10:28.923459472,99885,100,99838,238,100042,338,99785,238,100189,238,99602,100,100192,100,99578,100,100316,100,99535,100,100317,100,99469,100,100573,100,99393,100,100974,100,99362,100,,,99288,100,,,99230,100
2019-06-28 10:10:30.000000000,99885,238,99838,238,100042,338,99785,238,100189,100,99602,100,100192,100,99578,100,100316,100,99535,100,100317,100,99469,100,100573,100,99393,100,100974,100,99362,100,,,99288,100,,,99230,100
2019-06-28 10:10:31.700030951,99885,238,99838,138,100042,338,99785,238,100189,100,99602,100,100192,100,99578,100,100316,100,99535,100,100317,100,99469,100,100573,100,99393,100,100974,100,99362,100,,,99288,100,,,99230,100
2019-06-28 10:10:39.139028914,99876,100,99838,138,99885,238,99785,238,100042,338,99602,100,100189,100,99578,100,100192,100,99535,100,100316,100,99469,100,100317,100,99393,100,100573,100,99362,100,100974,100,99288,100,,,99230,100
2019-06-28 10:10:40.000000000,99876,155,99785,155,99885,155,99602,155,100042,255,99578,155,100189,155,99535,155,100192,155,99469,155,100316,100,99393,100,100317,100,99362,100,100573,100,99288,100,100974,100,99230,100,,,99144,100
2019-06-28 10:10:50.000000000,99876,376,99785,376,99885,100,99602,100,100042,200,99578,100,100189,100,99535,100,100192,100,99469,100,100316,100,99393,100,100317,100,99362,100,100573,100,99288,100,100974,100,99230,100,,,99144,100
2019-06-28 10:11:00.000000000,99876,238,99785,238,99885,238,99602,238,100042,200,99578,100,100189,100,99535,100,100192,100,99469,100,100316,100,99393,100,100317,100,99362,100,100573,100,99288,100,100974,100,99230,100,,,99144,100
2019-06-28 10:11:10.000000000,99876,238,99785,238,99885,238,99602,238,100042,200,99578,100,100189,100,99535,100,100192,100,99469,100,100316,100,99393,100,100317,100,99362,100,100573,100,99288,100,100974,100,99230,100,,,99144,100
2019-06-28 10:11:17.107133909,99876,238,99785,138,99885,238,99602,238,100042,200,99578,100,100189,100,99469,100,100192,100,99393,100,100316,100,99362,100,100317,100,99288,100,100573,100,99230,100,100974,100,99144,100,,,,
2019-06-28 10:11:20.000000000,99876,194,99602,194,99885,191,99578,191,100042,291,99469,191,100189,100,99393,100,100192,100,99362,100,100316,100,99288,100,100317,100,99230,100,100573,100,99144,100,100974,100,,,,,,
2019-06-28 10:11:30.000000000,99876,169,99602,169,99885,169,99578,169,100042,269,99469,169,100189,169,99393,169,100192,100,99362,100,100316,100,99288,100,100317,100,99230,100,100573,100,99144,100,100974,100,,,,,,
2019-06-28 10:11:40.000000000,99876,194,99602,194,99885,191,99578,191,100042,291,99469,191,100189,100,99393,100,100192,100,99362,100,100316,100,99288,100,100317,100,99230,100,100573,100,99144,100,100974,100,,,,,,
2019-06-28 10:11:50.000000000,99876,169,99602,169,99885,169,99578,169,100042,269,99469,169,100189,169,99393,169,100192,100,99362,100,100316,100,99288,100,100317,100,99230,100,100573,100,99144,100,100974,100,,,,,,
2019-06-28 10:11:57.091555502,99876,169,99602,169,99885,169,99578,169,100042,169,99469,169,100189,169,99393,169,100192,100,99362,100,100316,100,99288,100,100317,100,99230,100,100573,100,99144,100,100974,100,,,,,,
2019-06-28 10:12:00.000000000,99876,238,99602,238,99885,238,99578,238,100042,100,99469,100,100189,100,99393,100,100192,100,99362,100,100316,100,99288,100,100317,100,99230,100,100573,100,99144,100,100974,100,,,,,,
