,ask_price_1,ask_size_1,bid_price_1,bid_size_1,ask_price_2,ask_size_2,bid_price_2,bid_size_2,ask_price_3,ask_size_3,bid_price_3,bid_size_3,ask_price_4,ask_size_4,bid_price_4,bid_size_4,ask_price_5,ask_size_5,bid_price_5,bid_size_5,ask_price_6,ask_size_6,bid_price_6,bid_size_6,ask_price_7,ask_size_7,bid_price_7,bid_size_7,ask_price_8,ask_size_8,bid_price_8,bid_size_8,ask_price_9,ask_size_9,bid_price_9,bid_size_9,ask_price_10,ask_size_10,bid_price_10,bid_size_10
2019-06-28 09:30:00.000000001,,,100004,100,,,,,,,,,,,,,,,,,,,,,,,,,,,,,,,,,,,,
2019-06-28 09:30:00.000000003,,,100004,100,,,99848,100,,,,,,,,,,,,,,,,,,,,,,,,,,,,,,,,
2019-06-28 09:30:00.000000005,100152,100,100004,100,,,99848,100,,,,,,,,,,,,,,,,,,,,,,,,,,,,,,,,
2019-06-28 09:30:00.000000007,100006,100,100004,100,100152,100,99848,100,,,,,,,,,,,,,,,,,,,,,,,,,,,,,,,,
2019-06-28 09:30:00.000000010,100006,100,100004,100,100045,100,99887,100,100152,100,99848,100,,,,,,,,,,,,,,,,,,,,,,,,,,,,
2019-06-28 09:30:00.000000012,100006,100,100004,100,100045,100,99887,100,100047,100,99848,100,100152,100,99777,100,,,,,,,,,,,,,,,,,,,,,,,,
2019-06-28 09:30:00.000000013,100006,100,100004,100,100045,100,99952,100,100047,100,99887,100,100152,100,99848,100,,,99777,100,,,,,,,,,,,,,,,,,,,,
2019-06-28 09:30:00.000000014,99988,100,99952,100,100006,100,99887,100,100045,100,99848,100,100047,100,99777,100,100152,100,,,,,,,,,,,,,,,,,,,,,,
2019-06-28 09:30:00.000000015,99988,100,99952,100,100006,100,99919,100,100045,100,99887,100,100047,100,99848,100,100152,100,99777,100,,,,,,,,,,,,,,,,,,,,
2019-06-28 09:30:00.000000017,99987,100,99952,100,99988,100,99919,100,99997,100,99887,100,100006,100,99875,100,100045,100,99848,100,100047,100,99777,100,100152,100,,,,,,,,,,,,,,
2019-06-28 09:30:00.000000018,99987,100,99952,100,99988,100,99937,100,99997,100,99919,100,100006,100,99887,100,100045,100,99875,100,100047,100,99848,100,100152,100,99777,100,,,,,,,,,,,,
2019-06-28 09:30:00.000000020,99988,100,99952,100,99997,100,99937,100,100006,100,99919,100,100045,100,99887,100,100047,100,99875,100,100152,100,99848,100,,,99777,100,,,,,,,,,,,,
2019-06-28 09:30:00.000000023,99988,100,99952,100,99997,100,99937,100,100006,100,99919,100,100040,100,99905,100,100045,100,99887,100,100047,100,99875,100,100152,100,99848,100,,,99777,100,,,,,,,,
2019-06-28 09:30:00.000000025,99988,100,99966,100,99997,100,99952,100,100006,100,99937,100,100013,100,99919,100,100040,100,99905,100,100045,100,99887,100,100047,100,99875,100,100152,100,99848,100,,,99777,100,,,,
2019-06-28 09:30:00.000000026,99988,100,99966,100,99997,100,99952,100,100006,100,99937,100,100013,100,99919,100,100040,100,99905,100,100045,100,99887,100,100047,100,99875,100,100131,100,99848,100,100152,100,99777,100,,,,
2019-06-28 09:30:00.000000030,99988,100,99966,100,99997,100,99952,100,100006,100,99937,100,100013,100,99919,100,100040,100,99907,100,100045,100,99905,100,100047,100,99887,100,100131,100,99875,100,100152,100,99848,100,,,99777,100
2019-06-28 09:30:00.000000031,99988,100,99966,100,99997,100,99953,100,100006,100,99952,100,100013,100,99937,100,100040,100,99919,100,100045,100,99907,100,100047,100,99905,100,100131,100,99887,100,100152,100,99875,100,,,99848,100
2019-06-28 09:30:00.000000032,99997,100,99966,100,100006,100,99953,100,100013,100,99952,100,100040,100,99937,100,100045,100,99919,100,100047,100,99907,100,100131,100,99905,100,100152,100,99887,100,,,99875,100,,,99848,100
2019-06-28 09:30:00.000000039,99997,100,99987,100,100006,100,99966,100,100013,100,99953,100,100040,100,99952,100,100045,100,99937,100,100047,100,99919,100,100131,100,99907,100,100152,100,99905,100,,,99887,100,,,99875,100
2019-06-28 09:30:00.000000040,99995,100,99987,100,99997,100,99966,100,100006,100,99953,100,100013,100,99952,100,100040,100,99937,100,100045,100,99919,100,100047,100,99907,100,100131,100,99905,100,100152,100,99887,100,,,99875,100
2019-06-28 09:30:00.000000043,99995,100,99987,100,99997,100,99966,100,100006,100,99953,100,100013,100,99952,100,100016,100,99937,100,100040,100,99919,100,100045,100,99907,100,100047,100,99905,100,100131,100,99887,100,100152,100,99875,100
2019-06-28 09:30:00.000000045,99988,100,99987,100,99995,100,99966,100,99997,100,99953,100,100006,100,99952,100,100013,100,99937,100,100016,100,99919,100,100040,100,99907,100,100045,100,99905,100,100047,100,99887,100,100131,100,99875,100
2019-06-28 09:30:00.000000049,99988,100,99987,100,99995,100,99966,100,99997,100,99953,100,100006,100,99952,100,100013,100,99937,100,100016,100,99919,100,100040,100,99907,100,100045,100,99905,100,100047,100,99887,100,100131,100,99875,100
2019-06-28 09:30:00.000000050,99988,100,99987,100,99995,100,99966,100,99997,100,99953,100,100006,100,99952,100,100013,100,99937,100,100016,100,99919,100,100040,100,99907,100,100045,100,99905,100,100047,100,99887,100,100131,100,99875,100
2019-06-28 09:30:00.000000054,99988,100,99987,100,99995,100,99966,100,99997,100,99953,100,100006,100,99952,100,100013,100,99937,100,100016,100,99935,100,100040,100,99919,100,100045,100,99907,100,100047,100,99905,100,100066,100,99887,100
2019-06-28 09:30:00.000000057,99988,100,99987,100,99995,100,99969,100,99997,100,99966,100,100006,100,99953,100,100013,100,99952,100,100016,100,99937,100,100040,100,99935,100,100045,100,99919,100,100047,100,99907,100,100066,100,99905,100
2019-06-28 09:30:00.000000059,99995,100,99987,100,99997,100,99969,100,100006,100,99966,100,100013,100,99953,100,100016,100,99952,100,100040,100,99937,100,100045,100,99935,100,100047,100,99919,100,100066,100,99907,100,100131,100,99905,100
2019-06-28 09:30:00.000000061,99995,100,99987,100,99997,100,99969,100,100006,100,99966,100,100013,100,99953,100,100016,100,99952,100,100040,100,99937,100,100045,100,99935,100,100047,100,99919,100,100066,100,99907,100,100130,100,99905,100
2019-06-28 09:30:00.000000062,99988,100,99987,100,99995,100,99969,100,99997,100,99966,100,100006,100,99953,100,100013,100,99952,100,100016,100,99937,100,100040,100,99935,100,100045,100,99919,100,100047,100,99907,100,100055,100,99905,100
2019-06-28 09:30:00.000000064,99995,100,99987,100,99997,100,99969,100,100006,100,99966,100,100013,100,99953,100,100016,100,99952,100,100040,100,99937,100,100045,100,99935,100,100047,100,99919,100,100055,100,99907,100,100066,100,99905,100
2019-06-28 09:30:00.000000067,99995,100,99987,100,99997,100,99969,100,100006,100,99966,100,100013,100,99953,100,100016,100,99952,100,100040,100,99937,100,100045,100,99935,100,100047,100,99919,100,100055,100,99907,100,100066,100,99905,100
2019-06-28 09:30:00.000000068,99991,100,99987,100,99995,100,99969,100,99997,100,99966,100,100006,100,99953,100,100013,100,99952,100,100016,100,99937,100,100040,100,99935,100,100045,100,99919,100,100047,100,99907,100,100055,100,99905,100
2019-06-28 09:30:00.000000070,99991,100,99987,100,99995,100,99979,100,99997,100,99978,100,100006,100,99969,100,100013,100,99966,100,100016,100,99953,100,100040,100,99952,100,100045,100,99937,100,100047,100,99935,100,100055,100,99919,100
2019-06-28 09:30:00.000000076,99990,100,99987,100,99991,100,99979,100,99995,100,99978,100,99997,100,99969,100,100006,100,99966,100,100013,100,99953,100,100016,100,99952,100,100040,100,99937,100,100045,100,99935,100,100047,100,99919,100
2019-06-28 09:30:00.000000077,99990,100,99987,100,99991,100,99979,100,99995,100,99978,100,99997,100,99973,100,100006,200,99969,100,100013,100,99966,100,100016,100,99953,100,100040,100,99952,100,100045,100,99937,100,100047,100,99935,100
2019-06-28 09:30:00.000000078,99990,100,99987,100,99991,100,99979,100,99995,100,99978,100,99997,100,99973,100,100006,200,99969,100,100013,100,99966,100,100016,100,99953,100,100040,100,99952,100,100045,100,99937,100,100047,100,99935,100
2019-06-28 09:30:00.000000082,99990,200,99987,100,99991,100,99979,100,99995,100,99978,100,99997,100,99973,100,100006,200,99969,100,100013,100,99966,100,100016,100,99953,100,100040,100,99952,100,100045,100,99937,100,100047,100,99935,100
2019-06-28 09:30:00.000000084,99990,200,99987,100,99991,100,99979,100,99995,100,99978,100,99997,100,99973,100,100006,200,99969,100,100013,100,99966,100,100016,100,99960,100,100040,100,99953,100,100045,100,99952,100,100047,100,99937,100
2019-06-28 09:30:00.000000086,99990,200,99987,100,99991,100,99979,100,99995,100,99978,100,99997,100,99973,100,100006,200,99969,100,100013,100,99966,100,100016,100,99960,100,100040,100,99953,100,100045,100,99952,100,100047,100,99937,100
2019-06-28 09:30:00.000000088,99990,200,99987,100,99991,100,99979,100,99995,100,99978,100,99997,100,99973,100,100006,200,99969,100,100013,100,99966,100,100016,100,99960,100,100040,100,99953,100,100045,100,99952,200,100047,100,99937,100
2019-06-28 09:30:00.000000090,99990,200,99987,100,99991,100,99979,100,99995,100,99978,100,99997,100,99973,100,100006,200,99969,100,100013,100,99966,100,100016,100,99960,100,100040,100,99953,100,100045,100,99952,200,100047,100,99937,100
2019-06-28 09:30:00.000000092,99990,200,99987,100,99991,100,99979,100,99995,100,99978,100,99997,100,99973,100,100006,200,99969,100,100013,100,99966,100,100016,100,99960,100,100021,100,99953,100,100040,100,99952,200,100045,100,99937,100
2019-06-28 09:30:00.000000093,99990,200,99988,100,99991,100,99987,100,99995,100,99979,100,99997,100,99978,100,100006,200,99973,100,100013,100,99969,100,100016,100,99966,100,100021,100,99960,100,100040,100,99953,100,100045,100,99952,200
2019-06-28 09:30:00.000000095,99990,200,99988,100,99991,100,99987,100,99995,100,99979,100,99997,100,99978,100,100006,200,99973,100,100013,100,99969,100,100016,100,99966,100,100020,100,99960,100,100021,100,99953,100,100040,100,99952,200
2019-06-28 09:30:10.000000000,99990,518,99988,418,99991,100,99987,100,99995,100,99979,100,99997,100,99978,100,100006,200,99973,100,100013,100,99969,100,100016,100,99966,100,100020,100,99960,100,100021,100,99953,100,100040,100,99952,200
2019-06-28 09:30:20.000000000,99990,308,99988,208,99991,205,99987,205,99995,205,99979,205,99997,100,99978,100,100006,200,99973,100,100013,100,99969,100,100016,100,99966,100,100020,100,99960,100,100021,100,99953,100,100040,100,99952,200
2019-06-28 09:30:30.000000000,99990,280,99988,180,99991,180,99987,180,99995,180,99979,180,99997,180,99978,180,100006,200,99973,100,100013,100,99969,100,100016,100,99966,100,100020,100,99960,100,100021,100,99953,100,100040,100,99952,200
2019-06-28 09:30:40.000000000,99990,280,99988,180,99991,180,99987,180,99995,180,99979,180,99997,180,99978,180,100006,200,99973,100,100013,100,99969,100,100016,100,99966,100,100020,100,99960,100,100021,100,99953,100,100040,100,99952,200
2019-06-28 09:30:50.000000000,99990,359,99988,259,99991,259,99987,259,99995,100,99979,100,99997,100,99978,100,100006,200,99973,100,100013,100,99969,100,100016,100,99966,100,100020,100,99960,100,100021,100,99953,100,100040,100,99952,200
2019-06-28 09:31:00.000000000,99990,280,99988,180,99991,180,99987,180,99995,180,99979,180,99997,180,99978,180,100006,200,99973,100,100013,100,99969,100,100016,100,99966,100,100020,100,99960,100,100021,100,99953,100,100040,100,99952,200
2019-06-28 09:31:10.000000000,99990,308,99988,208,99991,205,99987,205,99995,205,99979,205,99997,100,99978,100,100006,200,99973,100,100013,100,99969,100,100016,100,99966,100,100020,100,99960,100,100021,100,99953,100,100040,100,99952,200
2019-06-28 09:31:20.000000000,99990,308,99988,208,99991,205,99987,205,99995,205,99979,205,99997,100,99978,100,100006,200,99973,100,100013,100,99969,100,100016,100,99966,100,100020,100,99960,100,100021,100,99953,100,100040,100,99952,200
2019-06-28 09:31:30.000000000,99990,264,99988,164,99991,164,99987,164,99995,164,99979,164,99997,164,99978,164,100006,264,99973,164,100013,100,99969,100,100016,100,99966,100,100020,100,99960,100,100021,100,99953,100,100040,100,99952,200
2019-06-28 09:31:40.000000000,99990,359,99988,259,99991,259,99987,259,99995,100,99979,100,99997,100,99978,100,100006,200,99973,100,100013,100,99969,100,100016,100,99966,100,100020,100,99960,100,100021,100,99953,100,100040,100,99952,200
2019-06-28 09:31:41.197229647,99990,259,99988,259,99991,259,99987,259,99995,100,99979,100,99997,100,99973,100,100006,200,99969,100,100013,100,99966,100,100016,100,99960,100,100020,100,99953,100,100021,100,99952,200,100040,100,99937,100
2019-06-28 09:31:49.253598846,99990,259,99988,259,99991,259,99987,259,99995,100,99979,100,99997,100,99973,100,100006,200,99969,100,100013,100,99966,100,100016,100,99960,100,100020,100,99953,100,100021,100,99952,200,100040,100,99937,100
2019-06-28 09:31:50.000000000,99990,180,99988,180,99991,180,99987,180,99995,180,99979,180,99997,180,99973,180,100006,200,99969,100,100013,100,99966,100,100016,100,99960,100,100020,100,99953,100,100021,100,99952,200,100040,100,99937,100
2019-06-28 09:32:00.000000000,99990,259,99988,259,99991,259,99987,259,99995,100,99979,100,99997,100,99973,100,100006,200,99969,100,100013,100,99966,100,100016,100,99960,100,100020,100,99953,100,100021,100,99952,200,100040,100,99937,100
2019-06-28 09:32:04.505821187,99990,159,99988,259,99991,259,99987,259,99995,100,99979,100,99997,100,99973,100,100006,200,99969,100,100013,100,99966,100,100016,100,99960,100,100020,100,99953,100,100021,100,99952,100,100040,100,99937,100
2019-06-28 09:32:10.000000000,99991,259,99988,259,99995,259,99987,259,99997,100,99979,100,100006,200,99973,100,100013,100,99969,100,100016,100,99966,100,100020,100,99960,100,100021,100,99953,100,100040,100,99952,100,100045,100,99937,100
2019-06-28 09:32:16.460886188,99991,259,99988,259,99995,259,99987,259,99997,100,99979,100,100006,200,99973,100,100013,100,99969,100,100016,100,99966,100,100020,100,99960,100,100021,100,99953,100,100040,100,99952,100,100045,100,99937,100
2019-06-28 09:32:20.000000000,99991,259,99988,259,99995,259,99987,259,99997,100,99979,100,100006,200,99973,100,100013,100,99969,100,100016,100,99966,100,100020,100,99960,100,100021,100,99953,100,100040,100,99952,100,100045,100,99937,100
2019-06-28 09:32:21.085530317,99991,259,99988,259,99995,259,99987,259,99997,100,99979,100,100006,200,99973,100,100013,100,99969,100,100016,100,99966,100,100020,100,99960,100,100021,100,99953,100,100040,100,99952,100,100045,100,99937,100
2019-06-28 09:32:25.901399976,99991,259,99988,259,99995,259,99987,259,99997,100,99979,100,100006,200,99973,100,100013,100,99969,100,100016,100,99966,100,100020,100,99960,100,100021,100,99952,100,100040,100,99937,100,100045,100,99935,100
2019-06-28 09:32:29.608914848,99991,259,99988,259,99995,259,99987,259,99997,100,99979,100,100006,200,99973,100,100013,100,99969,100,100016,100,99966,100,100020,100,99960,100,100021,100,99952,100,100045,100,99937,100,100047,100,99935,100
2019-06-28 09:32:30.000000000,99991,208,99988,208,99995,205,99987,205,99997,205,99979,205,100006,200,99973,100,100013,100,99969,100,100016,100,99966,100,100020,100,99960,100,100021,100,99952,100,100045,100,99937,100,100047,100,99935,100
2019-06-28 09:32:35.933746376,99991,208,99988,208,99995,205,99987,205,99997,205,99979,205,100006,200,99973,100,100013,100,99969,100,100016,100,99966,100,100020,100,99960,100,100021,100,99952,100,100045,100,99937,100,100047,100,99935,100
2019-06-28 09:32:40.000000000,99991,180,99988,180,99995,180,99987,180,99997,180,99979,180,100006,280,99973,180,100013,100,99969,100,100016,100,99966,100,100020,100,99960,100,100021,100,99952,100,100045,100,99937,100,100047,100,99935,100
2019-06-28 09:32:50.000000000,99991,208,99988,208,99995,205,99987,205,99997,205,99979,205,100006,200,99973,100,100013,100,99969,100,100016,100,99966,100,100020,100,99960,100,100021,100,99952,100,100045,100,99937,100,100047,100,99935,100
2019-06-28 09:32:57.048387403,99991,108,99988,208,99995,205,99987,205,99997,205,99979,205,100006,200,99973,100,100013,100,99969,100,100016,100,99966,100,100020,100,99960,100,100021,100,99952,100,100045,100,99937,100,100047,100,99935,100
2019-06-28 09:33:00.000000000,99995,259,99988,259,99997,259,99987,259,100006,200,99979,100,100013,100,99973,100,100016,100,99969,100,100020,100,99966,100,100021,100,99960,100,100045,100,99952,100,100047,100,99937,100,100055,100,99935,100
2019-06-28 09:33:07.826704088,99995,259,99988,259,99997,259,99987,259,100006,200,99979,100,100013,100,99973,100,100016,100,99969,100,100020,100,99966,100,100021,100,99960,100,100045,100,99952,100,100047,100,99937,100,100055,100,99935,100
2019-06-28 09:33:10.000000000,99995,180,99988,180,99997,180,99987,180,100006,280,99979,180,100013,180,99973,180,100016,100,99969,100,100020,100,99966,100,100021,100,99960,100,100045,100,99952,100,100047,100,99937,100,100055,100,99935,100
2019-06-28 09:33:15.263625863,99995,180,99988,180,99997,180,99987,180,100006,280,99979,180,100013,180,99973,180,100016,100,99969,100,100020,100,99966,100,100021,100,99960,100,100045,100,99952,100,100047,100,99937,100,100055,100,99935,100
2019-06-28 09:33:20.000000000,99995,259,99988,259,99997,259,99987,259,100006,200,99979,100,100013,100,99973,100,100016,100,99969,100,100020,100,99966,100,100021,100,99960,100,100045,100,99952,100,100047,100,99937,100,100055,100,99935,100
2019-06-28 09:33:27.039285606,99995,159,99988,259,99997,259,99987,259,100006,200,99979,100,100013,100,99973,100,100016,100,99969,100,100020,100,99966,100,100021,100,99960,100,100045,100,99952,100,100047,100,99937,100,100055,100,99935,100
2019-06-28 09:33:30.000000000,99997,418,99988,418,100006,200,99987,100,100013,100,99979,100,100016,100,99973,100,100020,100,99969,100,100021,100,99966,100,100045,100,99960,100,100047,100,99952,100,100055,100,99937,100,100058,100,99935,100
2019-06-28 09:33:37.358085426,99997,418,99988,418,100006,200,99987,100,100013,100,99979,100,100016,100,99973,100,100020,100,99969,100,100021,100,99966,100,100045,100,99960,100,100047,100,99952,100,100055,100,99937,100,100058,100,99935,100
2019-06-28 09:33:40.000000000,99997,180,99988,180,100006,280,99987,180,100013,180,99979,180,100016,180,99973,180,100020,100,99969,100,100021,100,99966,100,100045,100,99960,100,100047,100,99952,100,100055,100,99937,100,100058,100,99935,100
2019-06-28 09:33:50.000000000,99997,180,99988,180,100006,280,99987,180,100013,180,99979,180,100016,180,99973,180,100020,100,99969,100,100021,100,99966,100,100045,100,99960,100,100047,100,99952,100,100055,100,99937,100,100058,100,99935,100
2019-06-28 09:34:00.000000000,99997,208,99988,208,100006,305,99987,205,100013,205,99979,205,100016,100,99973,100,100020,100,99969,100,100021,100,99966,100,100045,100,99960,100,100047,100,99952,100,100055,100,99937,100,100058,100,99935,100
2019-06-28 09:34:10.000000000,99997,180,99988,180,100006,280,99987,180,100013,180,99979,180,100016,180,99973,180,100020,100,99969,100,100021,100,99966,100,100045,100,99960,100,100047,100,99952,100,100055,100,99937,100,100058,100,99935,100
2019-06-28 09:34:20.000000000,99997,418,99988,418,100006,200,99987,100,100013,100,99979,100,100016,100,99973,100,100020,100,99969,100,100021,100,99966,100,100045,100,99960,100,100047,100,99952,100,100055,100,99937,100,100058,100,99935,100
2019-06-28 09:34:23.562559097,99997,418,99988,418,100006,200,99987,100,100013,100,99979,100,100016,100,99973,100,100020,100,99969,100,100021,100,99966,100,100047,100,99960,100,100055,100,99952,100,100058,100,99937,100,100095,100,99935,100
2019-06-28 09:34:25.155385486,99997,418,99988,418,100006,200,99987,100,100013,100,99979,100,100016,100,99973,100,100020,100,99969,100,100021,100,99966,100,100047,100,99960,100,100055,100,99952,100,100058,100,99937,100,100095,100,99935,100
2019-06-28 09:34:30.000000000,99997,208,99988,208,100006,305,99987,205,100013,205,99979,205,100016,100,99973,100,100020,100,99969,100,100021,100,99966,100,100047,100,99960,100,100055,100,99952,100,100058,100,99937,100,100095,100,99935,100
2019-06-28 09:34:32.203534397,99997,208,99991,100,100006,305,99988,208,100013,205,99987,205,100016,100,99979,205,100020,100,99973,100,100021,100,99969,100,100047,100,99966,100,100055,100,99960,100,100058,100,99952,100,100095,100,99937,100
2019-06-28 09:34:40.000000000,99997,418,99991,418,100006,200,99988,100,100013,100,99987,100,100016,100,99979,100,100020,100,99973,100,100021,100,99969,100,100047,100,99966,100,100055,100,99960,100,100058,100,99952,100,100095,100,99937,100
2019-06-28 09:34:45.060614733,99997,418,99991,518,100006,200,99987,100,100013,100,99979,100,100016,100,99973,100,100020,100,99969,100,100021,100,99966,100,100047,100,99960,100,100055,100,99952,100,100058,100,99937,100,100095,100,99935,100
2019-06-28 09:34:50.000000000,99997,418,99991,518,100006,200,99987,100,100013,100,99979,100,100016,100,99973,100,100020,100,99969,100,100021,100,99966,100,100047,100,99960,100,100055,100,99952,100,100058,100,99937,100,100095,100,99935,100
2019-06-28 09:35:00.000000000,99997,180,99991,280,100006,280,99987,180,100013,180,99979,180,100016,180,99973,180,100020,100,99969,100,100021,100,99966,100,100047,100,99960,100,100055,100,99952,100,100058,100,99937,100,100095,100,99935,100
2019-06-28 09:35:07.886290628,99997,180,99991,380,100006,280,99987,180,100013,180,99979,180,100016,180,99973,180,100020,100,99969,100,100021,100,99966,100,100047,100,99960,100,100055,100,99952,100,100058,100,99937,100,100095,100,99935,100
2019-06-28 09:35:10.000000000,99997,418,99991,618,100006,200,99987,100,100013,100,99979,100,100016,100,99973,100,100020,100,99969,100,100021,100,99966,100,100047,100,99960,100,100055,100,99952,100,100058,100,99937,100,100095,100,99935,100
2019-06-28 09:35:20.000000000,99997,180,99991,380,100006,280,99987,180,100013,180,99979,180,100016,180,99973,180,100020,100,99969,100,100021,100,99966,100,100047,100,99960,100,100055,100,99952,100,100058,100,99937,100,100095,100,99935,100
2019-06-28 09:35:22.504391882,99997,80,99991,380,100006,280,99987,180,100013,180,99979,180,100016,180,99973,180,100020,100,99969,100,100021,100,99966,100,100047,100,99960,100,100055,100,99952,100,100058,100,99937,100,100095,100,99905,100
2019-06-28 09:35:30.000000000,100006,280,99991,380,100013,180,99987,180,100016,180,99979,180,100020,180,99973,180,100021,100,99969,100,100047,100,99966,100,100055,100,99960,100,100058,100,99952,100,100095,100,99937,100,100096,100,99905,100
2019-06-28 09:35:33.432977054,100006,280,99991,380,100013,180,99987,180,100016,180,99979,180,100020,180,99973,180,100021,100,99969,100,100047,100,99966,100,100055,100,99960,100,100058,100,99952,100,100095,100,99937,100,100096,100,99905,100
2019-06-28 09:35:34.608586625,100006,180,99991,380,100013,180,99987,180,100016,180,99979,180,100020,180,99973,180,100021,100,99969,100,100047,100,99966,100,100055,100,99960,100,100058,100,99952,100,100095,100,99937,100,100096,100,99905,100
2019-06-28 09:35:40.000000000,100006,180,99991,380,100013,180,99987,180,100016,180,99979,180,100020,180,99973,180,100021,100,99969,100,100047,100,99966,100,100055,100,99960,100,100058,100,99952,100,100095,100,99937,100,100096,100,99905,100
2019-06-28 09:35:50.000000000,100006,180,99991,380,100013,180,99987,180,100016,180,99979,180,100020,180,99973,180,100021,100,99969,100,100047,100,99966,100,100055,100,99960,100,100058,100,99952,100,100095,100,99937,100,100096,100,99905,100
2019-06-28 09:36:00.000000000,100006,418,99991,618,100013,100,99987,100,100016,100,99979,100,100020,100,99973,100,100021,100,99969,100,100047,100,99966,100,100055,100,99960,100,100058,100,99952,100,100095,100,99937,100,100096,100,99905,100
2019-06-28 09:36:10.000000000,100006,259,99991,459,100013,259,99987,259,100016,100,99979,100,100020,100,99973,100,100021,100,99969,100,100047,100,99966,100,100055,100,99960,100,100058,100,99952,100,100095,100,99937,100,100096,100,99905,100
2019-06-28 09:36:20.000000000,100006,259,99991,459,100013,259,99987,259,100016,100,99979,100,100020,100,99973,100,100021,100,99969,100,100047,100,99966,100,100055,100,99960,100,100058,100,99952,100,100095,100,99937,100,100096,100,99905,100
2019-06-28 09:36:30.000000000,100006,164,99991,364,100013,164,99987,164,100016,164,99979,164,100020,164,99973,164,100021,164,99969,164,100047,100,99966,100,100055,100,99960,100,100058,100,99952,100,100095,100,99937,100,100096,100,99905,100
2019-06-28 09:36:36.018692218,100006,164,99997,100,100013,164,99991,364,100016,164,99987,164,100020,164,99979,164,100021,164,99973,164,100047,100,99969,164,100055,100,99966,100,100058,100,99960,100,100095,100,99952,100,100096,100,99937,100
2019-06-28 09:36:40.000000000,100006,208,99997,208,100013,205,99991,405,100016,205,99987,205,100020,100,99979,100,100021,100,99973,100,100047,100,99969,100,100055,100,99966,100,100058,100,99960,100,100095,100,99952,100,100096,100,99937,100
2019-06-28 09:36:50.000000000,100006,164,99997,164,100013,164,99991,364,100016,164,99987,164,100020,164,99979,164,100021,164,99973,164,100047,100,99969,100,100055,100,99966,100,100058,100,99960,100,100095,100,99952,100,100096,100,99937,100
2019-06-28 09:36:50.529473962,100006,64,99997,164,100013,164,99991,364,100016,164,99987,164,100020,164,99979,164,100021,164,99973,164,100047,100,99969,100,100055,100,99966,100,100058,100,99952,100,100095,100,99937,100,100096,100,99905,100
2019-06-28 09:36:55.428099429,100013,164,100006,36,100016,164,99997,164,100020,164,99991,364,100021,64,99987,164,100047,100,99979,164,100055,100,99973,164,100058,100,99969,100,100095,100,99966,100,100096,100,99952,100,100097,100,99937,100
2019-06-28 09:37:00.000000000,100013,418,100006,354,100016,100,99997,100,100020,100,99991,300,100047,100,99987,100,100055,100,99979,100,100058,100,99973,100,100095,100,99969,100,100096,100,99966,100,100097,100,99952,100,100130,100,99937,100
2019-06-28 09:37:00.309840834,100013,418,100006,354,100016,100,99997,100,100020,100,99991,300,100047,100,99987,100,100055,100,99979,100,100058,100,99973,100,100095,100,99969,100,100096,100,99966,100,100097,100,99952,100,100130,100,99937,100
2019-06-28 09:37:10.000000000,100013,164,100006,100,100016,164,99997,164,100020,164,99991,364,100047,164,99987,164,100055,164,99979,164,100058,100,99973,100,100095,100,99969,100,100096,100,99966,100,100097,100,99952,100,100130,100,99937,100
2019-06-28 09:37:14.481233895,100013,64,100006,100,100016,164,99997,164,100020,164,99991,364,100047,164,99987,164,100055,164,99979,164,100095,100,99973,100,100096,100,99969,100,100097,100,99966,100,100130,100,99952,100,100131,100,99937,100
2019-06-28 09:37:20.000000000,100016,418,100006,354,100020,100,99997,100,100047,100,99991,300,100055,100,99987,100,100095,100,99979,100,100096,100,99973,100,100097,100,99969,100,100130,100,99966,100,100131,100,99952,100,100152,100,99937,100
2019-06-28 09:37:30.000000000,100016,259,100006,195,100020,259,99997,259,100047,100,99991,300,100055,100,99987,100,100095,100,99979,100,100096,100,99973,100,100097,100,99969,100,100130,100,99966,100,100131,100,99952,100,100152,100,99937,100
2019-06-28 09:37:36.425615504,100016,259,100006,195,100020,259,99997,259,100047,100,99991,300,100055,100,99987,100,100095,100,99979,100,100096,100,99973,100,100097,100,99969,100,100130,100,99966,100,100131,100,99952,100,100152,100,99937,100
2019-06-28 09:37:40.000000000,100016,180,100006,116,100020,180,99997,180,100047,180,99991,380,100055,180,99987,180,100095,100,99979,100,100096,100,99973,100,100097,100,99969,100,100130,100,99966,100,100131,100,99952,100,100152,100,99937,100
2019-06-28 09:37:50.000000000,100016,259,100006,195,100020,259,99997,259,100047,100,99991,300,100055,100,99987,100,100095,100,99979,100,100096,100,99973,100,100097,100,99969,100,100130,100,99966,100,100131,100,99952,100,100152,100,99937,100
2019-06-28 09:37:57.423982136,100016,259,100006,195,100020,259,99997,259,100047,100,99991,300,100055,100,99987,100,100095,100,99979,100,100096,100,99973,100,100097,100,99969,100,100130,100,99966,100,100131,100,99937,100,100152,100,99905,100
2019-06-28 09:37:58.690398589,100016,159,100006,195,100020,259,99997,259,100047,100,99991,300,100055,100,99987,100,100095,100,99979,100,100096,100,99973,100,100097,100,99969,100,100130,100,99966,100,100131,100,99937,100,100152,100,99905,100
2019-06-28 09:38:00.000000000,100020,180,100006,116,100047,180,99997,180,100055,180,99991,380,100095,180,99987,180,100096,100,99979,100,100097,100,99973,100,100130,100,99969,100,100131,100,99966,100,100152,100,99937,100,100196,100,99905,100
2019-06-28 09:38:10.000000000,100020,208,100006,144,100047,205,99997,205,100055,205,99991,405,100095,100,99987,100,100096,100,99979,100,100097,100,99973,100,100130,100,99969,100,100131,100,99966,100,100152,100,99937,100,100196,100,99905,100
2019-06-28 09:38:20.000000000,100020,164,100006,100,100047,164,99997,164,100055,164,99991,364,100095,164,99987,164,100096,164,99979,164,100097,100,99973,100,100130,100,99969,100,100131,100,99966,100,100152,100,99937,100,100196,100,99905,100
2019-06-28 09:38:30.000000000,100020,164,100006,100,100047,164,99997,164,100055,164,99991,364,100095,164,99987,164,100096,164,99979,164,100097,100,99973,100,100130,100,99969,100,100131,100,99966,100,100152,100,99937,100,100196,100,99905,100
2019-06-28 09:38:35.729110784,100020,64,100006,100,100047,164,99997,164,100055,164,99991,364,100095,164,99987,164,100096,164,99979,164,100097,100,99973,100,100130,100,99969,100,100131,100,99966,100,100152,100,99937,100,100196,100,99905,100
2019-06-28 09:38:40.000000000,100047,208,100006,144,100055,205,99997,205,100095,205,99991,405,100096,100,99987,100,100097,100,99979,100,100130,100,99973,100,100131,100,99969,100,100152,100,99966,100,100196,100,99937,100,100323,100,99905,100
2019-06-28 09:38:44.465059765,100047,108,100006,144,100055,205,99997,205,100095,205,99991,405,100096,100,99987,100,100097,100,99979,100,100130,100,99973,100,100131,100,99969,100,100152,100,99966,100,100196,100,99937,100,100323,100,99905,100
2019-06-28 09:38:50.000000000,100055,164,100006,100,100095,164,99997,164,100096,164,99991,364,100097,164,99987,164,100130,164,99979,164,100131,100,99973,100,100152,100,99969,100,100196,100,99966,100,100323,100,99937,100,100490,100,99905,100
2019-06-28 09:39:00.000000000,100055,208,100006,144,100095,205,99997,205,100096,205,99991,405,100097,100,99987,100,100130,100,99979,100,100131,100,99973,100,100152,100,99969,100,100196,100,99966,100,100323,100,99937,100,100490,100,99905,100
2019-06-28 09:39:10.000000000,100055,164,100006,100,100095,164,99997,164,100096,164,99991,364,100097,164,99987,164,100130,164,99979,164,100131,100,99973,100,100152,100,99969,100,100196,100,99966,100,100323,100,99937,100,100490,100,99905,100
2019-06-28 09:39:20.000000000,100055,164,100006,100,100095,164,99997,164,100096,164,99991,364,100097,164,99987,164,100130,164,99979,164,100131,100,99973,100,100152,100,99969,100,100196,100,99966,100,100323,100,99937,100,100490,100,99905,100
2019-06-28 09:39:21.421793577,100055,64,100006,100,100095,164,99997,164,100096,164,99991,364,100097,164,99987,164,100130,164,99979,164,100131,100,99973,100,100152,100,99969,100,100196,100,99966,100,100323,100,99937,100,100490,100,99905,100
2019-06-28 09:39:30.000000000,100095,418,100006,354,100096,100,99997,100,100097,100,99991,300,100130,100,99987,100,100131,100,99979,100,100152,100,99973,100,100196,100,99969,100,100323,100,99966,100,100490,100,99937,100,100709,100,99905,100
2019-06-28 09:39:40.000000000,100095,208,100006,144,100096,205,99997,205,100097,205,99991,405,100130,100,99987,100,100131,100,99979,100,100152,100,99973,100,100196,100,99969,100,100323,100,99966,100,100490,100,99937,100,100709,100,99905,100
2019-06-28 09:39:41.286733584,100095,108,100006,144,100096,205,99997,205,100097,205,99991,405,100130,100,99987,100,100131,100,99979,100,100152,100,99973,100,100196,100,99969,100,100323,100,99966,100,100490,100,99937,100,100709,100,99905,100
2019-06-28 09:39:41.934745015,100095,8,100006,144,100096,205,99997,205,100097,205,99991,405,100130,100,99987,100,100131,100,99979,100,100152,100,99973,100,100196,100,99969,100,100323,100,99966,100,100490,100,99937,100,100709,100,99905,100
2019-06-28 09:39:48.881311617,100096,205,100095,92,100097,205,100006,144,100130,100,99997,205,100131,100,99991,405,100152,100,99987,100,100196,100,99979,100,100323,100,99973,100,100490,100,99969,100,100709,100,99966,100,101290,100,99937,100
2019-06-28 09:39:50.000000000,100096,164,100095,156,100097,164,100006,100,100130,164,99997,164,100131,164,99991,364,100152,164,99987,164,100196,100,99979,100,100323,100,99973,100,100490,100,99969,100,100709,100,99966,100,101290,100,99937,100
2019-06-28 09:40:00.000000000,100096,164,100095,156,100097,164,100006,100,100130,164,99997,164,100131,164,99991,364,100152,164,99987,164,100196,100,99979,100,100323,100,99973,100,100490,100,99969,100,100709,100,99966,100,101290,100,99937,100
2019-06-28 09:40:10.000000000,100096,208,100095,200,100097,205,100006,141,100130,205,99997,205,100131,100,99991,300,100152,100,99987,100,100196,100,99979,100,100323,100,99973,100,100490,100,99969,100,100709,100,99966,100,101290,100,99937,100
2019-06-28 09:40:12.452722120,100096,208,100095,200,100097,205,100006,141,100130,205,99997,205,100131,100,99991,200,100152,100,99987,100,100196,100,99979,100,100323,100,99973,100,100490,100,99969,100,100709,100,99966,100,101290,100,99937,100
2019-06-28 09:40:20.000000000,100096,164,100095,156,100097,164,100006,100,100130,164,99997,164,100131,164,99991,264,100152,164,99987,164,100196,100,99979,100,100323,100,99973,100,100490,100,99969,100,100709,100,99966,100,101290,100,99937,100
2019-06-28 09:40:30.000000000,100096,418,100095,410,100097,100,100006,36,100130,100,99997,100,100131,100,99991,200,100152,100,99987,100,100196,100,99979,100,100323,100,99973,100,100490,100,99969,100,100709,100,99966,100,101290,100,99937,100
2019-06-28 09:40:31.483503224,100096,418,100095,410,100130,100,100006,36,100131,100,99997,100,100152,100,99991,200,100196,100,99987,100,100323,100,99979,100,100490,100,99973,100,100709,100,99969,100,101290,100,99966,100,101329,100,99937,100
2019-06-28 09:40:40.000000000,100096,418,100095,410,100130,100,100006,36,100131,100,99997,100,100152,100,99991,200,100196,100,99987,100,100323,100,99979,100,100490,100,99973,100,100709,100,99969,100,101290,100,99966,100,101329,100,99937,100
2019-06-28 09:40:50.000000000,100096,418,100095,410,100130,100,100006,36,100131,100,99997,100,100152,100,99991,200,100196,100,99987,100,100323,100,99979,100,100490,100,99973,100,100709,100,99969,100,101290,100,99966,100,101329,100,99937,100
2019-06-28 09:41:00.000000000,100096,180,100095,172,100130,180,100006,116,100131,180,99997,180,100152,180,99991,280,100196,100,99987,100,100323,100,99979,100,100490,100,99973,100,100709,100,99969,100,101290,100,99966,100,101329,100,99937,100
2019-06-28 09:41:00.877683923,100096,80,100095,172,100130,180,100006,116,100131,180,99997,180,100152,180,99991,280,100196,100,99987,100,100323,100,99973,100,100490,100,99969,100,100709,100,99966,100,101290,100,99937,100,101329,100,99905,100
2019-06-28 09:41:10.000000000,100130,180,100095,172,100131,180,100006,116,100152,180,99997,180,100196,180,99991,280,100323,100,99987,100,100490,100,99973,100,100709,100,99969,100,101290,100,99966,100,101329,100,99937,100,101361,100,99905,100
2019-06-28 09:41:20.000000000,100130,164,100095,156,100131,164,100006,100,100152,164,99997,164,100196,164,99991,264,100323,164,99987,164,100490,100,99973,100,100709,100,99969,100,101290,100,99966,100,101329,100,99937,100,101361,100,99905,100
2019-06-28 09:41:30.000000000,100130,180,100095,172,100131,180,100006,116,100152,180,99997,180,100196,180,99991,280,100323,100,99987,100,100490,100,99973,100,100709,100,99969,100,101290,100,99966,100,101329,100,99937,100,101361,100,99905,100
2019-06-28 09:41:40.000000000,100130,259,100095,251,100131,259,100006,195,100152,100,99997,100,100196,100,99991,200,100323,100,99987,100,100490,100,99973,100,100709,100,99969,100,101290,100,99966,100,101329,100,99937,100,101361,100,99905,100
2019-06-28 09:41:50.000000000,100130,164,100095,156,100131,164,100006,100,100152,164,99997,164,100196,164,99991,264,100323,164,99987,164,100490,100,99973,100,100709,100,99969,100,101290,100,99966,100,101329,100,99937,100,101361,100,99905,100
2019-06-28 09:42:00.000000000,100130,259,100095,251,100131,259,100006,195,100152,100,99997,100,100196,100,99991,200,100323,100,99987,100,100490,100,99973,100,100709,100,99969,100,101290,100,99966,100,101329,100,99937,100,101361,100,99905,100
2019-06-28 09:42:02.119657226,100130,159,100095,251,100131,259,100006,195,100152,100,99997,100,100196,100,99991,200,100323,100,99987,100,100490,100,99973,100,100709,100,99969,100,101290,100,99966,100,101329,100,99937,100,101361,100,99905,100
2019-06-28 09:42:02.689728794,100130,159,100096,100,100131,259,100095,251,100152,100,100006,195,100196,100,99997,100,100323,100,99991,200,100490,100,99973,100,100709,100,99969,100,101290,100,99966,100,101329,100,99937,100,101361,100,99905,100
2019-06-28 09:42:03.793179285,100130,159,100096,100,100131,259,100095,251,100152,100,100006,195,100196,100,99997,100,100323,100,99991,200,100490,100,99973,100,100709,100,99969,100,101290,100,99966,100,101329,100,99937,100,101361,100,99905,100
2019-06-28 09:42:10.000000000,100131,259,100096,259,100152,259,100095,251,100196,100,100006,36,100323,100,99997,100,100490,100,99991,200,100709,100,99973,100,101290,100,99969,100,101329,100,99966,100,101361,100,99937,100,101442,100,99905,100
2019-06-28 09:42:20.000000000,100131,418,100096,418,100152,100,100095,92,100196,100,100006,36,100323,100,99997,100,100490,100,99991,200,100709,100,99973,100,101290,100,99969,100,101329,100,99966,100,101361,100,99937,100,101442,100,99905,100
2019-06-28 09:42:20.380504762,100131,418,100096,418,100152,100,100095,92,100196,100,100006,36,100323,100,99997,100,100490,100,99991,200,100709,100,99973,100,101290,100,99969,100,101329,100,99966,100,101361,100,99937,100,101442,100,99905,100
2019-06-28 09:42:21.400091690,100131,318,100096,418,100152,100,100095,92,100196,100,100006,36,100323,100,99997,100,100709,100,99991,200,101290,100,99973,100,101329,100,99969,100,101361,100,99966,100,101442,100,99937,100,101509,100,99905,100
2019-06-28 09:42:30.000000000,100152,208,100096,208,100196,205,100095,197,100323,205,100006,141,100709,100,99997,100,101290,100,99991,200,101329,100,99973,100,101361,100,99969,100,101442,100,99966,100,101509,100,99937,100,101510,100,99905,100
2019-06-28 09:42:31.827418792,100152,108,100096,208,100196,205,100095,197,100323,205,100006,141,100709,100,99997,100,101290,100,99991,200,101329,100,99973,100,101361,100,99969,100,101442,100,99966,100,101509,100,99937,100,101510,100,99905,100
2019-06-28 09:42:40.000000000,100196,180,100096,180,100323,180,100095,172,100709,180,100006,116,101290,180,99997,180,101329,100,99991,200,101361,100,99973,100,101442,100,99969,100,101509,100,99966,100,101510,100,99937,100,101532,100,99905,100
2019-06-28 09:42:50.000000000,100196,164,100096,164,100323,164,100095,156,100709,164,100006,100,101290,164,99997,164,101329,164,99991,264,101361,100,99973,100,101442,100,99969,100,101509,100,99966,100,101510,100,99937,100,101532,100,99905,100
2019-06-28 09:43:00.000000000,100196,180,100096,180,100323,180,100095,172,100709,180,100006,116,101290,180,99997,180,101329,100,99991,200,101361,100,99973,100,101442,100,99969,100,101509,100,99966,100,101510,100,99937,100,101532,100,99905,100
2019-06-28 09:43:10.000000000,100196,208,100096,208,100323,205,100095,197,100709,205,100006,141,101290,100,99997,100,101329,100,99991,200,101361,100,99973,100,101442,100,99969,100,101509,100,99966,100,101510,100,99937,100,101532,100,99905,100
2019-06-28 09:43:20.000000000,100196,208,100096,208,100323,205,100095,197,100709,205,100006,141,101290,100,99997,100,101329,100,99991,200,101361,100,99973,100,101442,100,99969,100,101509,100,99966,100,101510,100,99937,100,101532,100,99905,100
2019-06-28 09:43:30.000000000,100196,164,100096,164,100323,164,100095,156,100709,164,100006,100,101290,164,99997,164,101329,164,99991,264,101361,100,99973,100,101442,100,99969,100,101509,100,99966,100,101510,100,99937,100,101532,100,99905,100
2019-06-28 09:43:40.000000000,100196,418,100096,418,100323,100,100095,92,100709,100,100006,36,101290,100,99997,100,101329,100,99991,200,101361,100,99973,100,101442,100,99969,100,101509,100,99966,100,101510,100,99937,100,101532,100,99905,100
2019-06-28 09:43:50.000000000,100196,208,100096,208,100323,205,100095,197,100709,205,100006,141,101290,100,99997,100,101329,100,99991,200,101361,100,99973,100,101442,100,99969,100,101509,100,99966,100,101510,100,99937,100,101532,100,99905,100
2019-06-28 09:43:57.023630376,100196,108,100096,208,100323,105,100095,197,100709,205,100006,141,101290,100,99997,100,101329,100,99991,200,101361,100,99973,100,101442,100,99969,100,101509,100,99966,100,101510,100,99937,100,101532,100,99905,100
2019-06-28 09:44:00.000000000,100709,259,100096,259,101290,259,100095,251,101329,100,100006,36,101361,100,99997,100,101442,100,99991,200,101509,100,99973,100,101510,100,99969,100,101532,100,99966,100,101561,100,99937,100,101787,100,99905,100
2019-06-28 09:44:10.000000000,100709,180,100096,180,101290,180,100095,172,101329,180,100006,116,101361,180,99997,180,101442,100,99991,200,101509,100,99973,100,101510,100,99969,100,101532,100,99966,100,101561,100,99937,100,101787,100,99905,100
2019-06-28 09:44:20.000000000,100709,180,100096,180,101290,180,100095,172,101329,180,100006,116,101361,180,99997,180,101442,100,99991,200,101509,100,99973,100,101510,100,99969,100,101532,100,99966,100,101561,100,99937,100,101787,100,99905,100
2019-06-28 09:44:20.290893404,100584,100,100096,180,100709,180,100095,172,101290,180,100006,116,101329,180,99997,180,101361,180,99991,200,101442,100,99973,100,101509,100,99969,100,101510,100,99966,100,101532,100,99937,100,101561,100,99905,100
2019-06-28 09:44:29.061906224,100584,100,100315,100,100709,180,100096,180,101290,180,100095,172,101329,80,100006,116,101361,180,99997,180,101442,100,99991,200,101509,100,99973,100,101510,100,99969,100,101532,100,99966,100,101561,100,99937,100
2019-06-28 09:44:30.000000000,100584,418,100315,418,100709,100,100096,100,101290,100,100095,92,101361,100,100006,36,101442,100,99997,100,101509,100,99991,200,101510,100,99973,100,101532,100,99969,100,101561,100,99966,100,101787,100,99937,100
2019-06-28 09:44:40.000000000,100584,180,100315,180,100709,180,100096,180,101290,180,100095,172,101361,180,100006,116,101442,100,99997,100,101509,100,99991,200,101510,100,99973,100,101532,100,99969,100,101561,100,99966,100,101787,100,99937,100
2019-06-28 09:44:41.749247180,100584,180,100315,180,100709,180,100152,100,101290,180,100096,180,101361,180,100095,172,101442,100,100006,116,101509,100,99997,100,101510,100,99991,200,101532,100,99973,100,101561,100,99969,100,101787,100,99966,100
2019-06-28 09:44:49.908336800,100584,180,100315,180,100709,180,100262,100,101290,180,100152,100,101361,180,100096,180,101442,100,100095,172,101509,100,100006,116,101510,100,99997,100,101532,100,99991,200,101561,100,99973,100,101787,100,99969,100
2019-06-28 09:44:50.000000000,100584,180,100315,180,100709,180,100262,180,101290,180,100152,180,101361,180,100096,180,101442,100,100095,92,101509,100,100006,36,101510,100,99997,100,101532,100,99991,200,101561,100,99973,100,101787,100,99969,100
2019-06-28 09:44:54.767998865,100584,180,100317,100,100709,180,100315,180,101290,180,100262,180,101361,180,100152,180,101442,100,100096,180,101509,100,100095,92,101510,100,99997,100,101532,100,99991,200,101561,100,99973,100,101787,100,99969,100
2019-06-28 09:45:00.000000000,100584,164,100317,164,100709,164,100315,164,101290,164,100262,164,101361,164,100152,164,101442,164,100096,164,101509,100,100095,92,101510,100,99997,100,101532,100,99991,200,101561,100,99973,100,101787,100,99969,100
2019-06-28 09:45:03.733933206,100584,164,100317,164,100668,100,100315,164,100709,164,100262,164,101290,164,100152,164,101361,164,100096,164,101442,164,100095,92,101509,100,99997,100,101510,100,99991,200,101532,100,99973,100,101561,100,99969,100
2019-06-28 09:45:10.000000000,100584,180,100317,180,100668,180,100315,180,100709,180,100262,180,101290,180,100152,180,101361,100,100096,100,101442,100,100095,92,101509,100,99997,100,101510,100,99991,200,101532,100,99973,100,101561,100,99969,100
2019-06-28 09:45:13.129849480,100584,180,100317,180,100668,180,100315,180,100709,180,100314,100,101290,180,100262,180,101361,100,100152,180,101442,100,100096,100,101509,100,100095,92,101510,100,99997,100,101532,100,99991,200,101561,100,99973,100
2019-06-28 09:45:20.000000000,100584,180,100317,180,100668,180,100315,180,100709,180,100314,180,101290,180,100262,180,101361,100,100152,100,101442,100,100096,100,101509,100,100095,92,101510,100,99997,100,101532,100,99991,200,101561,100,99973,100
2019-06-28 09:45:30.000000000,100584,418,100317,418,100668,100,100315,100,100709,100,100314,100,101290,100,100262,100,101361,100,100152,100,101442,100,100096,100,101509,100,100095,92,101510,100,99997,100,101532,100,99991,200,101561,100,99973,100
2019-06-28 09:45:40.000000000,100584,418,100317,418,100668,100,100315,100,100709,100,100314,100,101290,100,100262,100,101361,100,100152,100,101442,100,100096,100,101509,100,100095,92,101510,100,99997,100,101532,100,99991,200,101561,100,99973,100
2019-06-28 09:45:44.909059236,100534,100,100317,418,100584,418,100315,100,100668,100,100314,100,100709,100,100262,100,101290,100,100152,100,101361,100,100096,100,101442,100,100095,92,101509,100,99997,100,101510,100,99991,200,101532,100,99973,100
2019-06-28 09:45:50.000000000,100534,180,100317,180,100584,180,100315,180,100668,180,100314,180,100709,180,100262,180,101290,100,100152,100,101361,100,100096,100,101442,100,100095,92,101509,100,99997,100,101510,100,99991,200,101532,100,99973,100
2019-06-28 09:45:53.793510550,100477,100,100317,180,100534,180,100315,180,100584,180,100314,180,100668,180,100262,180,100709,180,100152,100,101290,100,100096,100,101361,100,100095,92,101442,100,99997,100,101509,100,99991,200,101510,100,99973,100
2019-06-28 09:46:00.000000000,100477,208,100317,208,100534,205,100315,205,100584,205,100314,205,100668,100,100262,100,100709,100,100152,100,101290,100,100096,100,101361,100,100095,92,101442,100,99997,100,101509,100,99991,200,101510,100,99973,100
2019-06-28 09:46:03.282555051,100477,108,100317,208,100534,205,100315,205,100584,205,100314,205,100709,100,100262,100,101290,100,100152,100,101361,100,100096,100,101442,100,100095,92,101509,100,99997,100,101510,100,99991,200,101532,100,99973,100
2019-06-28 09:46:03.757120027,100477,108,100367,100,100534,205,100317,208,100584,205,100315,205,100709,100,100314,205,101290,100,100262,100,101361,100,100152,100,101442,100,100096,100,101509,100,100095,92,101510,100,99997,100,101532,100,99991,200
2019-06-28 09:46:10.000000000,100534,164,100367,164,100584,164,100317,164,100709,164,100315,164,101290,164,100314,164,101361,164,100262,164,101442,100,100152,100,101509,100,100096,100,101510,100,100095,92,101532,100,99997,100,101561,100,99991,200
2019-06-28 09:46:20.000000000,100534,180,100367,180,100584,180,100317,180,100709,180,100315,180,101290,180,100314,180,101361,100,100262,100,101442,100,100152,100,101509,100,100096,100,101510,100,100095,92,101532,100,99997,100,101561,100,99991,200
2019-06-28 09:46:30.000000000,100534,180,100367,180,100584,180,100317,180,100709,180,100315,180,101290,180,100314,180,101361,100,100262,100,101442,100,100152,100,101509,100,100096,100,101510,100,100095,92,101532,100,99997,100,101561,100,99991,200
2019-06-28 09:46:40.000000000,100534,208,100367,208,100584,205,100317,205,100709,205,100315,205,101290,100,100314,100,101361,100,100262,100,101442,100,100152,100,101509,100,100096,100,101510,100,100095,92,101532,100,99997,100,101561,100,99991,200
2019-06-28 09:46:50.000000000,100534,259,100367,259,100584,259,100317,259,100709,100,100315,100,101290,100,100314,100,101361,100,100262,100,101442,100,100152,100,101509,100,100096,100,101510,100,100095,92,101532,100,99997,100,101561,100,99991,200
2019-06-28 09:47:00.000000000,100534,164,100367,164,100584,164,100317,164,100709,164,100315,164,101290,164,100314,164,101361,164,100262,164,101442,100,100152,100,101509,100,100096,100,101510,100,100095,92,101532,100,99997,100,101561,100,99991,200
2019-06-28 09:47:09.761024899,100534,164,100367,164,100584,164,100317,164,100709,164,100315,164,101290,164,100314,164,101361,164,100262,164,101442,100,100196,100,101509,100,100152,100,101510,100,100096,100,101532,100,100095,92,101561,100,99997,100
2019-06-28 09:47:10.000000000,100534,180,100367,180,100584,180,100317,180,100709,180,100315,180,101290,180,100314,180,101361,100,100262,100,101442,100,100196,100,101509,100,100152,100,101510,100,100096,100,101532,100,100095,92,101561,100,99997,100
2019-06-28 09:47:14.978914653,100534,180,100367,180,100584,180,100317,180,100709,180,100315,180,101290,180,100314,180,101361,100,100282,100,101442,100,100262,100,101509,100,100196,100,101510,100,100152,100,101532,100,100096,100,101561,100,100095,92
2019-06-28 09:47:20.000000000,100534,418,100367,418,100584,100,100317,100,100709,100,100315,100,101290,100,100314,100,101361,100,100282,100,101442,100,100262,100,101509,100,100196,100,101510,100,100152,100,101532,100,100096,100,101561,100,100095,92
2019-06-28 09:47:28.705609468,100534,418,100413,100,100584,100,100367,418,100709,100,100317,100,101290,100,100315,100,101361,100,100314,100,101442,100,100282,100,101509,100,100262,100,101510,100,100196,100,101532,100,100152,100,101561,100,100096,100
2019-06-28 09:47:30.000000000,100534,180,100413,180,100584,180,100367,180,100709,180,100317,180,101290,180,100315,180,101361,100,100314,100,101442,100,100282,100,101509,100,100262,100,101510,100,100196,100,101532,100,100152,100,101561,100,100096,100
2019-06-28 09:47:40.000000000,100534,418,100413,418,100584,100,100367,100,100709,100,100317,100,101290,100,100315,100,101361,100,100314,100,101442,100,100282,100,101509,100,100262,100,101510,100,100196,100,101532,100,100152,100,101561,100,100096,100
2019-06-28 09:47:50.000000000,100534,164,100413,164,100584,164,100367,164,100709,164,100317,164,101290,164,100315,164,101361,164,100314,164,101442,100,100282,100,101509,100,100262,100,101510,100,100196,100,101532,100,100152,100,101561,100,100096,100
2019-06-28 09:47:55.539105537,100534,164,100413,64,100584,164,100367,164,100709,164,100317,164,100923,100,100315,164,101290,164,100314,164,101361,164,100282,100,101442,100,100262,100,101509,100,100196,100,101510,100,100152,100,101532,100,100096,100
2019-06-28 09:48:00.000000000,100534,208,100367,208,100584,205,100317,205,100709,205,100315,205,100923,100,100314,100,101290,100,100282,100,101361,100,100262,100,101442,100,100196,100,101509,100,100152,100,101510,100,100096,100,101532,100,100095,92
2019-06-28 09:48:10.000000000,100534,180,100367,180,100584,180,100317,180,100709,180,100315,180,100923,180,100314,180,101290,100,100282,100,101361,100,100262,100,101442,100,100196,100,101509,100,100152,100,101510,100,100096,100,101532,100,100095,92
2019-06-28 09:48:20.000000000,100534,164,100367,164,100584,164,100317,164,100709,164,100315,164,100923,164,100314,164,101290,164,100282,164,101361,100,100262,100,101442,100,100196,100,101509,100,100152,100,101510,100,100096,100,101532,100,100095,92
2019-06-28 09:48:24.398116008,100534,164,100367,164,100584,164,100318,100,100709,164,100317,164,100923,164,100315,164,101290,164,100314,164,101361,100,100282,164,101442,100,100262,100,101509,100,100196,100,101510,100,100152,100,101532,100,100096,100
2019-06-28 09:48:30.000000000,100534,180,100367,180,100584,180,100318,180,100709,180,100317,180,100923,180,100315,180,101290,100,100314,100,101361,100,100282,100,101442,100,100262,100,101509,100,100196,100,101510,100,100152,100,101532,100,100096,100
2019-06-28 09:48:40.000000000,100534,208,100367,208,100584,205,100318,205,100709,205,100317,205,100923,100,100315,100,101290,100,100314,100,101361,100,100282,100,101442,100,100262,100,101509,100,100196,100,101510,100,100152,100,101532,100,100096,100
2019-06-28 09:48:41.474058780,100534,208,100367,208,100584,205,100318,305,100709,205,100317,205,100923,100,100315,100,101290,100,100314,100,101361,100,100282,100,101442,100,100262,100,101509,100,100196,100,101510,100,100152,100,101532,100,100096,100
2019-06-28 09:48:50.000000000,100534,208,100367,208,100584,205,100318,305,100709,205,100317,205,100923,100,100315,100,101290,100,100314,100,101361,100,100282,100,101442,100,100262,100,101509,100,100196,100,101510,100,100152,100,101532,100,100096,100
2019-06-28 09:49:00.000000000,100534,259,100367,259,100584,259,100318,359,100709,100,100317,100,100923,100,100315,100,101290,100,100314,100,101361,100,100282,100,101442,100,100262,100,101509,100,100196,100,101510,100,100152,100,101532,100,100096,100
2019-06-28 09:49:00.066730504,100534,259,100367,259,100584,259,100318,459,100709,100,100317,100,100923,100,100315,100,101290,100,100314,100,101361,100,100282,100,101442,100,100262,100,101509,100,100196,100,101510,100,100152,100,101532,100,100096,100
2019-06-28 09:49:10.000000000,100534,418,100367,418,100584,100,100318,300,100709,100,100317,100,100923,100,100315,100,101290,100,100314,100,101361,100,100282,100,101442,100,100262,100,101509,100,100196,100,101510,100,100152,100,101532,100,100096,100
2019-06-28 09:49:11.402994933,100534,418,100367,418,100584,100,100318,300,100709,100,100317,100,100923,100,100315,100,101086,100,100314,100,101290,100,100282,100,101361,100,100262,100,101442,100,100196,100,101509,100,100152,100,101510,100,100096,100
2019-06-28 09:49:20.000000000,100534,164,100367,164,100584,164,100318,364,100709,164,100317,164,100923,164,100315,164,101086,164,100314,164,101290,100,100282,100,101361,100,100262,100,101442,100,100196,100,101509,100,100152,100,101510,100,100096,100
2019-06-28 09:49:20.448962622,100534,164,100367,164,100584,164,100318,364,100709,164,100317,164,100923,164,100315,164,101014,100,100314,164,101086,164,100282,100,101290,100,100262,100,101361,100,100196,100,101442,100,100152,100,101509,100,100096,100
2019-06-28 09:49:30.000000000,100534,418,100367,418,100584,100,100318,300,100709,100,100317,100,100923,100,100315,100,101014,100,100314,100,101086,100,100282,100,101290,100,100262,100,101361,100,100196,100,101442,100,100152,100,101509,100,100096,100
2019-06-28 09:49:40.000000000,100534,418,100367,418,100584,100,100318,300,100709,100,100317,100,100923,100,100315,100,101014,100,100314,100,101086,100,100282,100,101290,100,100262,100,101361,100,100196,100,101442,100,100152,100,101509,100,100096,100
2019-06-28 09:49:41.950013030,100534,418,100367,418,100584,100,100318,300,100667,100,100317,100,100709,100,100315,100,100923,100,100314,100,101086,100,100282,100,101290,100,100262,100,101361,100,100196,100,101442,100,100152,100,101509,100,100096,100
2019-06-28 09:49:49.960533874,100534,418,100367,418,100584,100,100318,200,100667,100,100317,100,100709,100,100315,100,100923,100,100314,100,101086,100,100282,100,101290,100,100262,100,101361,100,100196,100,101442,100,100152,100,101509,100,100096,100
2019-06-28 09:49:50.000000000,100534,208,100367,208,100584,205,100318,305,100667,205,100317,205,100709,100,100315,100,100923,100,100314,100,101086,100,100282,100,101290,100,100262,100,101361,100,100196,100,101442,100,100152,100,101509,100,100096,100
2019-06-28 09:49:53.963129607,100534,208,100367,208,100584,205,100338,100,100667,205,100318,305,100709,100,100317,205,100923,100,100315,100,101086,100,100314,100,101290,100,100282,100,101361,100,100262,100,101442,100,100196,100,101510,100,100152,100
2019-06-28 09:50:00.000000000,100534,180,100367,180,100584,180,100338,180,100667,180,100318,280,100709,180,100317,180,100923,100,100315,100,101086,100,100314,100,101290,100,100282,100,101361,100,100262,100,101442,100,100196,100,101510,100,100152,100
2019-06-28 09:50:10.000000000,100534,259,100367,259,100584,259,100338,259,100667,100,100318,200,100709,100,100317,100,100923,100,100315,100,101086,100,100314,100,101290,100,100282,100,101361,100,100262,100,101442,100,100196,100,101510,100,100152,100
2019-06-28 09:50:14.516332631,100534,259,100367,259,100584,259,100338,259,100667,100,100318,200,100709,100,100317,100,100736,100,100315,100,100923,100,100314,100,101086,100,100282,100,101290,100,100262,100,101361,100,100196,100,101442,100,100152,100
2019-06-28 09:50:20.000000000,100534,418,100367,418,100584,100,100338,100,100667,100,100318,200,100709,100,100317,100,100736,100,100315,100,100923,100,100314,100,101086,100,100282,100,101290,100,100262,100,101361,100,100196,100,101442,100,100152,100
2019-06-28 09:50:27.707053229,100534,418,100367,418,100584,100,100338,100,100667,100,100318,300,100709,100,100317,100,100736,100,100315,100,100923,100,100314,100,101086,100,100282,100,101290,100,100262,100,101361,100,100196,100,101442,100,100152,100
2019-06-28 09:50:30.000000000,100534,208,100367,208,100584,205,100338,205,100667,205,100318,405,100709,100,100317,100,100736,100,100315,100,100923,100,100314,100,101086,100,100282,100,101290,100,100262,100,101361,100,100196,100,101442,100,100152,100
2019-06-28 09:50:40.000000000,100534,259,100367,259,100584,259,100338,259,100667,100,100318,300,100709,100,100317,100,100736,100,100315,100,100923,100,100314,100,101086,100,100282,100,101290,100,100262,100,101361,100,100196,100,101442,100,100152,100
2019-06-28 09:50:50.000000000,100534,259,100367,259,100584,259,100338,259,100667,100,100318,300,100709,100,100317,100,100736,100,100315,100,100923,100,100314,100,101086,100,100282,100,101290,100,100262,100,101361,100,100196,100,101442,100,100152,100
2019-06-28 09:51:00.000000000,100534,180,100367,180,100584,180,100338,180,100667,180,100318,380,100709,180,100317,180,100736,100,100315,100,100923,100,100314,100,101086,100,100282,100,101290,100,100262,100,101361,100,100196,100,101442,100,100152,100
2019-06-28 09:51:09.903015757,100534,180,100367,80,100584,180,100338,180,100667,180,100318,380,100709,180,100317,180,100736,100,100315,100,100923,100,100314,100,101086,100,100282,100,101290,100,100262,100,101361,100,100196,100,101442,100,100152,100
2019-06-28 09:51:10.000000000,100534,180,100338,180,100584,180,100318,380,100667,180,100317,180,100709,180,100315,180,100736,100,100314,100,100923,100,100282,100,101086,100,100262,100,101290,100,100196,100,101361,100,100152,100,101442,100,100096,100
2019-06-28 09:51:20.000000000,100534,208,100338,208,100584,205,100318,405,100667,205,100317,205,100709,100,100315,100,100736,100,100314,100,100923,100,100282,100,101086,100,100262,100,101290,100,100196,100,101361,100,100152,100,101442,100,100096,100
2019-06-28 09:51:30.000000000,100534,259,100338,259,100584,259,100318,459,100667,100,100317,100,100709,100,100315,100,100736,100,100314,100,100923,100,100282,100,101086,100,100262,100,101290,100,100196,100,101361,100,100152,100,101442,100,100096,100
2019-06-28 09:51:40.000000000,100534,180,100338,180,100584,180,100318,380,100667,180,100317,180,100709,180,100315,180,100736,100,100314,100,100923,100,100282,100,101086,100,100262,100,101290,100,100196,100,101361,100,100152,100,101442,100,100096,100
2019-06-28 09:51:50.000000000,100534,164,100338,164,100584,164,100318,364,100667,164,100317,164,100709,164,100315,164,100736,164,100314,164,100923,100,100282,100,101086,100,100262,100,101290,100,100196,100,101361,100,100152,100,101442,100,100096,100
2019-06-28 09:51:51.950409494,100534,164,100338,164,100584,164,100318,364,100667,164,100317,164,100709,164,100315,164,100736,164,100314,164,100923,100,100282,100,101086,100,100262,100,101290,100,100196,100,101361,100,100152,100,101442,100,100096,100
2019-06-28 09:52:00.000000000,100534,418,100338,418,100584,100,100318,300,100667,100,100317,100,100709,100,100315,100,100736,100,100314,100,100923,100,100282,100,101086,100,100262,100,101290,100,100196,100,101361,100,100152,100,101442,100,100096,100
2019-06-28 09:52:10.000000000,100534,164,100338,164,100584,164,100318,364,100667,164,100317,164,100709,164,100315,164,100736,164,100314,164,100923,100,100282,100,101086,100,100262,100,101290,100,100196,100,101361,100,100152,100,101442,100,100096,100
2019-06-28 09:52:19.738159185,100534,164,100338,164,100584,164,100318,264,100667,164,100317,164,100709,164,100315,164,100736,164,100314,164,100923,100,100282,100,101086,100,100262,100,101290,100,100196,100,101361,100,100152,100,101442,100,100096,100
2019-06-28 09:52:20.000000000,100534,208,100338,208,100584,205,100318,305,100667,205,100317,205,100709,100,100315,100,100736,100,100314,100,100923,100,100282,100,101086,100,100262,100,101290,100,100196,100,101361,100,100152,100,101442,100,100096,100
2019-06-28 09:52:30.000000000,100534,259,100338,259,100584,259,100318,359,100667,100,100317,100,100709,100,100315,100,100736,100,100314,100,100923,100,100282,100,101086,100,100262,100,101290,100,100196,100,101361,100,100152,100,101442,100,100096,100
2019-06-28 09:52:40.000000000,100534,164,100338,164,100584,164,100318,264,100667,164,100317,164,100709,164,100315,164,100736,164,100314,164,100923,100,100282,100,101086,100,100262,100,101290,100,100196,100,101361,100,100152,100,101442,100,100096,100
2019-06-28 09:52:50.000000000,100534,208,100338,208,100584,205,100318,305,100667,205,100317,205,100709,100,100315,100,100736,100,100314,100,100923,100,100282,100,101086,100,100262,100,101290,100,100196,100,101361,100,100152,100,101442,100,100096,100
2019-06-28 09:53:00.000000000,100534,164,100338,164,100584,164,100318,264,100667,164,100317,164,100709,164,100315,164,100736,164,100314,164,100923,100,100282,100,101086,100,100262,100,101290,100,100196,100,101361,100,100152,100,101442,100,100096,100
2019-06-28 09:53:10.000000000,100534,208,100338,208,100584,205,100318,305,100667,205,100317,205,100709,100,100315,100,100736,100,100314,100,100923,100,100282,100,101086,100,100262,100,101290,100,100196,100,101361,100,100152,100,101442,100,100096,100
2019-06-28 09:53:12.262764644,100534,208,100338,108,100584,205,100318,305,100667,105,100317,205,100709,100,100315,100,100736,100,100314,100,100923,100,100282,100,101086,100,100262,100,101290,100,100196,100,101361,100,100152,100,101442,100,100096,100
2019-06-28 09:53:20.000000000,100534,208,100318,308,100584,205,100317,205,100709,205,100315,205,100736,100,100314,100,100923,100,100282,100,101086,100,100262,100,101290,100,100196,100,101361,100,100152,100,101442,100,100096,100,101510,100,100095,92
2019-06-28 09:53:25.011865907,100413,100,100318,308,100534,208,100317,205,100584,205,100315,205,100709,205,100314,100,100736,100,100282,100,100923,100,100262,100,101086,100,100196,100,101290,100,100152,100,101361,100,100096,100,101442,100,100095,92
2019-06-28 09:53:27.232159781,100413,200,100318,308,100534,208,100317,205,100584,205,100315,205,100709,205,100314,100,100736,100,100282,100,100923,100,100262,100,101086,100,100196,100,101290,100,100152,100,101361,100,100096,100,101442,100,100095,92
2019-06-28 09:53:30.000000000,100413,308,100318,308,100534,205,100317,205,100584,205,100315,205,100709,100,100314,100,100736,100,100282,100,100923,100,100262,100,101086,100,100196,100,101290,100,100152,100,101361,100,100096,100,101442,100,100095,92
2019-06-28 09:53:40.000000000,100413,359,100318,359,100534,259,100317,259,100584,100,100315,100,100709,100,100314,100,100736,100,100282,100,100923,100,100262,100,101086,100,100196,100,101290,100,100152,100,101361,100,100096,100,101442,100,100095,92
2019-06-28 09:53:50.000000000,100413,359,100318,359,100534,259,100317,259,100584,100,100315,100,100709,100,100314,100,100736,100,100282,100,100923,100,100262,100,101086,100,100196,100,101290,100,100152,100,101361,100,100096,100,101442,100,100095,92
2019-06-28 09:54:00.000000000,100413,359,100318,359,100534,259,100317,259,100584,100,100315,100,100709,100,100314,100,100736,100,100282,100,100923,100,100262,100,101086,100,100196,100,101290,100,100152,100,101361,100,100096,100,101442,100,100095,92
2019-06-28 09:54:10.000000000,100413,359,100318,359,100534,259,100317,259,100584,100,100315,100,100709,100,100314,100,100736,100,100282,100,100923,100,100262,100,101086,100,100196,100,101290,100,100152,100,101361,100,100096,100,101442,100,100095,92
2019-06-28 09:54:20.000000000,100413,280,100318,280,100534,180,100317,180,100584,180,100315,180,100709,180,100314,180,100736,100,100282,100,100923,100,100262,100,101086,100,100196,100,101290,100,100152,100,101361,100,100096,100,101442,100,100095,92
2019-06-28 09:54:24.224642166,100413,280,100318,180,100534,180,100317,180,100584,180,100315,180,100709,180,100314,180,100736,100,100282,100,100923,100,100262,100,101086,100,100196,100,101290,100,100152,100,101361,100,100096,100,101442,100,100095,92
2019-06-28 09:54:29.134284740,100413,280,100318,80,100534,180,100317,180,100584,180,100315,180,100709,180,100314,180,100736,100,100282,100,100923,100,100262,100,101086,100,100196,100,101290,100,100152,100,101442,100,100096,100,101510,100,100095,92
2019-06-28 09:54:30.000000000,100413,308,100317,208,100534,205,100315,205,100584,205,100314,205,100709,100,100282,100,100736,100,100262,100,100923,100,100196,100,101086,100,100152,100,101290,100,100096,100,101442,100,100095,92,101510,100,99991,100
2019-06-28 09:54:40.000000000,100413,280,100317,180,100534,180,100315,180,100584,180,100314,180,100709,180,100282,180,100736,100,100262,100,100923,100,100196,100,101086,100,100152,100,101290,100,100096,100,101442,100,100095,92,101510,100,99991,100
2019-06-28 09:54:50.000000000,100413,280,100317,180,100534,180,100315,180,100584,180,100314,180,100709,180,100282,180,100736,100,100262,100,100923,100,100196,100,101086,100,100152,100,101290,100,100096,100,101442,100,100095,92,101510,100,99991,100
2019-06-28 09:54:59.646939479,100413,280,100317,80,100534,180,100315,180,100584,180,100314,180,100709,180,100282,180,100736,100,100262,100,100923,100,100196,100,101086,100,100152,100,101290,100,100096,100,101442,100,100095,92,101510,100,99991,100
2019-06-28 09:55:00.000000000,100413,359,100315,259,100534,259,100314,259,100584,100,100282,100,100709,100,100262,100,100736,100,100196,100,100923,100,100152,100,101086,100,100096,100,101290,100,100095,92,101442,100,99991,100,101510,100,99973,100
2019-06-28 09:55:10.000000000,100413,308,100315,208,100534,205,100314,205,100584,205,100282,205,100709,100,100262,100,100736,100,100196,100,100923,100,100152,100,101086,100,100096,100,101290,100,100095,92,101442,100,99991,100,101510,100,99973,100
2019-06-28 09:55:19.566879609,100413,308,100315,208,100534,205,100314,205,100584,205,100282,205,100709,100,100262,100,100736,100,100196,100,100923,100,100152,100,101086,100,100096,100,101290,100,99991,100,101442,100,99973,100,101510,100,99969,100
2019-06-28 09:55:20.000000000,100413,264,100315,164,100534,164,100314,164,100584,164,100282,164,100709,164,100262,164,100736,164,100196,164,100923,100,100152,100,101086,100,100096,100,101290,100,99991,100,101442,100,99973,100,101510,100,99969,100
2019-06-28 09:55:26.270024579,100318,100,100315,164,100413,264,100314,164,100534,164,100282,164,100584,164,100262,164,100709,164,100196,164,100736,164,100152,100,100923,100,100096,100,101086,100,99991,100,101290,100,99973,100,101442,100,99969,100
2019-06-28 09:55:30.000000000,100318,180,100315,180,100413,280,100314,180,100534,180,100282,180,100584,180,100262,180,100709,100,100196,100,100736,100,100152,100,100923,100,100096,100,101086,100,99991,100,101290,100,99973,100,101442,100,99969,100
2019-06-28 09:55:37.484809591,100318,280,100315,180,100413,280,100314,180,100534,180,100282,180,100584,180,100262,180,100709,100,100196,100,100736,100,100152,100,100923,100,100096,100,101086,100,99991,100,101290,100,99973,100,101442,100,99969,100
2019-06-28 09:55:40.000000000,100318,308,100315,208,100413,305,100314,205,100534,205,100282,205,100584,100,100262,100,100709,100,100196,100,100736,100,100152,100,100923,100,100096,100,101086,100,99991,100,101290,100,99973,100,101442,100,99969,100
2019-06-28 09:55:45.190692136,100318,308,100315,108,100413,305,100314,205,100534,205,100282,205,100584,100,100262,100,100709,100,100196,100,100736,100,100152,100,100923,100,100096,100,101086,100,99991,100,101290,100,99973,100,101442,100,99969,100
2019-06-28 09:55:50.000000000,100318,518,100314,418,100413,200,100282,100,100534,100,100262,100,100584,100,100196,100,100709,100,100152,100,100736,100,100096,100,100923,100,99991,100,101086,100,99973,100,101290,100,99969,100,101442,100,99937,100
2019-06-28 09:55:57.565463321,100318,518,100314,318,100413,200,100282,100,100534,100,100262,100,100584,100,100196,100,100709,100,100152,100,100736,100,100096,100,100923,100,99991,100,101086,100,99973,100,101290,100,99969,100,101442,100,99937,100
2019-06-28 09:56:00.000000000,100318,264,100282,164,100413,264,100262,164,100534,164,100196,164,100584,164,100152,164,100709,164,100096,164,100736,100,99991,100,100923,100,99973,100,101086,100,99969,100,101290,100,99937,100,101442,100,99905,100
2019-06-28 09:56:05.397564526,100318,264,100282,64,100413,264,100262,164,100534,164,100196,164,100584,164,100152,164,100709,164,100096,164,100736,100,99991,100,100923,100,99973,100,101086,100,99969,100,101290,100,99937,100,101442,100,99905,100
2019-06-28 09:56:10.000000000,100318,280,100262,180,100413,280,100196,180,100534,180,100152,180,100584,180,100096,180,100709,100,99991,100,100736,100,99973,100,100923,100,99969,100,101086,100,99937,100,101290,100,99905,100,101442,100,99887,100
2019-06-28 09:56:20.000000000,100318,308,100262,208,100413,305,100196,205,100534,205,100152,205,100584,100,100096,100,100709,100,99991,100,100736,100,99973,100,100923,100,99969,100,101086,100,99937,100,101290,100,99905,100,101442,100,99887,100
2019-06-28 09:56:30.000000000,100318,518,100262,418,100413,200,100196,100,100534,100,100152,100,100584,100,100096,100,100709,100,99991,100,100736,100,99973,100,100923,100,99969,100,101086,100,99937,100,101290,100,99905,100,101442,100,99887,100
2019-06-28 09:56:40.000000000,100318,264,100262,164,100413,264,100196,164,100534,164,100152,164,100584,164,100096,164,100709,164,99991,164,100736,100,99973,100,100923,100,99969,100,101086,100,99937,100,101290,100,99905,100,101442,100,99887,100
2019-06-28 09:56:43.559177454,100318,264,100262,64,100413,264,100196,164,100534,164,100152,164,100584,164,100096,164,100709,164,99991,164,100736,100,99973,100,100923,100,99969,100,101086,100,99937,100,101290,100,99905,100,101442,100,99887,100
2019-06-28 09:56:50.000000000,100318,359,100196,259,100413,359,100152,259,100534,100,100096,100,100584,100,99991,100,100709,100,99973,100,100736,100,99969,100,100923,100,99937,100,101086,100,99905,100,101290,100,99887,100,101442,100,99865,100
2019-06-28 09:56:59.947020641,100318,359,100196,159,100413,359,100152,259,100534,100,100096,100,100584,100,99991,100,100709,100,99973,100,100736,100,99969,100,100923,100,99937,100,101086,100,99905,100,101290,100,99887,100,101442,100,99865,100
2019-06-28 09:57:00.000000000,100318,280,100152,180,100413,280,100096,180,100534,180,99991,180,100584,180,99973,180,100709,100,99969,100,100736,100,99937,100,100923,100,99905,100,101086,100,99887,100,101290,100,99865,100,101442,100,99825,100
2019-06-28 09:57:10.000000000,100318,280,100152,180,100413,280,100096,180,100534,180,99991,180,100584,180,99973,180,100709,100,99969,100,100736,100,99937,100,100923,100,99905,100,101086,100,99887,100,101290,100,99865,100,101442,100,99825,100
2019-06-28 09:57:19.120025297,100262,100,100152,180,100318,280,100096,180,100413,280,99991,180,100534,180,99973,180,100584,180,99969,100,100709,100,99937,100,100736,100,99905,100,100923,100,99887,100,101086,100,99865,100,101290,100,99825,100
2019-06-28 09:57:20.000000000,100262,180,100152,180,100318,280,100096,180,100413,280,99991,180,100534,180,99973,180,100584,100,99969,100,100709,100,99937,100,100736,100,99905,100,100923,100,99887,100,101086,100,99865,100,101290,100,99825,100
2019-06-28 09:57:25.317212826,100262,180,100152,180,100318,280,100096,180,100413,280,99991,180,100534,180,99973,180,100584,100,99969,100,100709,100,99937,100,100736,100,99905,100,100923,100,99887,100,101086,100,99865,100,101290,100,99825,100
2019-06-28 09:57:30.000000000,100262,259,100152,259,100318,359,100096,259,100413,200,99991,100,100534,100,99973,100,100584,100,99969,100,100709,100,99937,100,100736,100,99905,100,100923,100,99887,100,101086,100,99865,100,101290,100,99825,100
2019-06-28 09:57:31.410754907,100262,259,100152,159,100318,359,100096,259,100413,200,99991,100,100534,100,99973,100,100709,100,99969,100,100736,100,99937,100,100923,100,99905,100,101086,100,99887,100,101290,100,99865,100,101442,100,99825,100
2019-06-28 09:57:40.000000000,100262,180,100096,180,100318,280,99991,180,100413,280,99973,180,100534,180,99969,180,100709,100,99937,100,100736,100,99905,100,100923,100,99887,100,101086,100,99865,100,101290,100,99825,100,101442,100,99777,100
2019-06-28 09:57:50.000000000,100262,208,100096,208,100318,305,99991,205,100413,305,99973,205,100534,100,99969,100,100709,100,99937,100,100736,100,99905,100,100923,100,99887,100,101086,100,99865,100,101290,100,99825,100,101442,100,99777,100
2019-06-28 09:58:00.000000000,100262,164,100096,164,100318,264,99991,164,100413,264,99973,164,100534,164,99969,164,100709,164,99937,164,100736,100,99905,100,100923,100,99887,100,101086,100,99865,100,101290,100,99825,100,101442,100,99777,100
2019-06-28 09:58:01.299446728,100262,164,100096,164,100318,164,99991,164,100413,264,99973,164,100534,164,99969,164,100709,164,99937,164,100736,100,99905,100,100923,100,99887,100,101086,100,99865,100,101290,100,99825,100,101442,100,99777,100
2019-06-28 09:58:07.291030307,100262,164,100096,64,100318,164,99991,164,100413,264,99973,164,100534,164,99969,164,100709,164,99937,164,100736,100,99905,100,100923,100,99887,100,101086,100,99865,100,101290,100,99825,100,101442,100,99777,100
2019-06-28 09:58:10.000000000,100262,164,99991,164,100318,164,99973,164,100413,264,99969,164,100534,164,99937,164,100709,164,99905,164,100736,100,99887,100,100923,100,99865,100,101086,100,99825,100,101290,100,99777,100,101442,100,99614,100
2019-06-28 09:58:20.000000000,100262,208,99991,208,100318,205,99973,205,100413,305,99969,205,100534,100,99937,100,100709,100,99905,100,100736,100,99887,100,100923,100,99865,100,101086,100,99825,100,101290,100,99777,100,101442,100,99614,100
2019-06-28 09:58:30.000000000,100262,208,99991,208,100318,205,99973,205,100413,305,99969,205,100534,100,99937,100,100709,100,99905,100,100736,100,99887,100,100923,100,99865,100,101086,100,99825,100,101290,100,99777,100,101442,100,99614,100
2019-06-28 09:58:40.000000000,100262,418,99991,418,100318,100,99973,100,100413,200,99969,100,100534,100,99937,100,100709,100,99905,100,100736,100,99887,100,100923,100,99865,100,101086,100,99825,100,101290,100,99777,100,101442,100,99614,100
2019-06-28 09:58:50.000000000,100262,164,99991,164,100318,164,99973,164,100413,264,99969,164,100534,164,99937,164,100709,164,99905,164,100736,100,99887,100,100923,100,99865,100,101086,100,99825,100,101290,100,99777,100,101442,100,99614,100
2019-06-28 09:59:00.000000000,100262,180,99991,180,100318,180,99973,180,100413,280,99969,180,100534,180,99937,180,100709,100,99905,100,100736,100,99887,100,100923,100,99865,100,101086,100,99825,100,101290,100,99777,100,101442,100,99614,100
2019-06-28 09:59:10.000000000,100262,180,99991,180,100318,180,99973,180,100413,280,99969,180,100534,180,99937,180,100709,100,99905,100,100736,100,99887,100,100923,100,99865,100,101086,100,99825,100,101290,100,99777,100,101442,100,99614,100
2019-06-28 09:59:11.341805083,100262,180,99991,180,100318,180,99973,180,100413,280,99969,180,100534,180,99937,180,100709,100,99905,100,100736,100,99887,100,100923,100,99865,100,101086,100,99825,100,101290,100,99777,100,101442,100,99614,100
2019-06-28 09:59:12.550849985,100262,180,99991,80,100318,180,99973,180,100413,280,99969,180,100534,180,99937,80,100709,100,99905,100,100736,100,99887,100,100923,100,99865,100,101086,100,99825,100,101290,100,99777,100,101442,100,99614,100
2019-06-28 09:59:14.823498628,100262,180,99991,80,100318,180,99973,180,100413,280,99969,180,100534,180,99937,80,100709,100,99905,100,100736,100,99887,100,101086,100,99865,100,101290,100,99825,100,101442,100,99777,100,101510,100,99614,100
2019-06-28 09:59:17.485934337,99991,20,99973,180,100262,180,99969,180,100318,180,99937,80,100413,280,99905,100,100534,180,99887,100,100709,100,99865,100,100736,100,99825,100,101086,100,99777,100,101290,100,99614,100,101442,100,99365,100
2019-06-28 09:59:20.000000000,99991,338,99973,418,100262,100,99969,100,100318,100,99905,100,100413,200,99887,100,100534,100,99865,100,100709,100,99825,100,100736,100,99777,100,101086,100,99614,100,101290,100,99365,100,101442,100,99179,100
2019-06-28 09:59:30.000000000,99991,338,99973,418,100262,100,99969,100,100318,100,99905,100,100413,200,99887,100,100534,100,99865,100,100709,100,99825,100,100736,100,99777,100,101086,100,99614,100,101290,100,99365,100,101442,100,99179,100
2019-06-28 09:59:35.804560886,99991,338,99973,318,100262,100,99969,100,100318,100,99905,100,100413,200,99887,100,100534,100,99865,100,100709,100,99825,100,100736,100,99777,100,101086,100,99614,100,101290,100,99365,100,101442,100,99179,100
2019-06-28 09:59:39.251613240,99990,100,99973,318,99991,338,99969,100,100262,100,99905,100,100413,200,99887,100,100534,100,99865,100,100709,100,99825,100,100736,100,99777,100,101086,100,99614,100,101290,100,99365,100,101442,100,99179,100
2019-06-28 09:59:40.000000000,99990,180,99969,180,99991,100,99905,180,100262,180,99887,180,100413,280,99865,180,100534,100,99825,100,100709,100,99777,100,100736,100,99614,100,101086,100,99365,100,101290,100,99179,100,101442,100,98559,100
2019-06-28 09:59:50.000000000,99990,418,99969,418,99991,20,99905,100,100262,100,99887,100,100413,200,99865,100,100534,100,99825,100,100709,100,99777,100,100736,100,99614,100,101086,100,99365,100,101290,100,99179,100,101442,100,98559,100
2019-06-28 09:59:53.264540247,99990,418,99969,318,99991,20,99905,100,100262,100,99887,100,100413,200,99865,100,100534,100,99825,100,100709,100,99777,100,100736,100,99614,100,101086,100,99365,100,101290,100,99179,100,101442,100,98559,100
2019-06-28 09:59:54.278013215,99973,100,99969,318,99990,418,99905,100,99991,20,99887,100,100262,100,99865,100,100413,200,99825,100,100534,100,99777,100,100709,100,99614,100,100736,100,99365,100,101086,100,99179,100,101290,100,98559,100
2019-06-28 09:59:56.038124429,99973,100,99969,318,99990,418,99905,100,99991,20,99887,100,100262,100,99865,100,100413,200,99825,100,100534,100,99777,100,100709,100,99614,100,100736,100,99365,100,101086,100,99179,100,101290,100,98908,100
2019-06-28 10:00:00.000000000,99973,259,99905,259,99990,259,99887,259,99991,20,99865,100,100262,100,99825,100,100413,200,99777,100,100534,100,99614,100,100709,100,99365,100,100736,100,99179,100,101086,100,98908,100,101290,100,98559,100
2019-06-28 10:00:10.000000000,99973,259,99905,259,99990,259,99887,259,99991,20,99865,100,100262,100,99825,100,100413,200,99777,100,100534,100,99614,100,100709,100,99365,100,100736,100,99179,100,101086,100,98908,100,101290,100,98559,100
2019-06-28 10:00:10.089522402,99973,259,99905,159,99990,259,99887,259,99991,20,99865,100,100262,100,99825,100,100413,200,99777,100,100534,100,99614,100,100709,100,99365,100,100736,100,98908,100,101086,100,98559,100,101290,100,98521,100
2019-06-28 10:00:19.620905960,99973,259,99905,59,99990,259,99887,259,99991,20,99865,100,100262,100,99825,100,100413,200,99777,100,100534,100,99614,100,100709,100,99365,100,100736,100,98908,100,101086,100,98559,100,101290,100,98521,100
2019-06-28 10:00:20.000000000,99973,164,99887,164,99990,164,99865,164,99991,84,99825,164,100262,164,99777,164,100413,264,99614,164,100534,100,99365,100,100709,100,98908,100,100736,100,98559,100,101086,100,98521,100,101290,100,,
2019-06-28 10:00:30.000000000,99973,208,99887,208,99990,205,99865,205,99991,125,99825,205,100262,100,99777,100,100413,200,99614,100,100534,100,99365,100,100709,100,98908,100,100736,100,98559,100,101086,100,98521,100,101290,100,,
2019-06-28 10:00:40.000000000,99973,164,99887,164,99990,164,99865,164,99991,84,99825,164,100262,164,99777,164,100413,264,99614,164,100534,100,99365,100,100709,100,98908,100,100736,100,98559,100,101086,100,98521,100,101290,100,,
2019-06-28 10:00:50.000000000,99973,208,99887,208,99990,205,99865,205,99991,125,99825,205,100262,100,99777,100,100413,200,99614,100,100534,100,99365,100,100709,100,98908,100,100736,100,98559,100,101086,100,98521,100,101290,100,,
2019-06-28 10:00:58.668413662,99973,208,99887,208,99990,205,99865,205,99991,125,99825,205,100262,100,99777,100,100413,200,99614,100,100534,100,99365,100,100709,100,98908,100,100736,100,98818,100,101086,100,98559,100,101290,100,98521,100
2019-06-28 10:01:00.000000000,99973,259,99887,259,99990,259,99865,259,99991,20,99825,100,100262,100,99777,100,100413,200,99614,100,100534,100,99365,100,100709,100,98908,100,100736,100,98818,100,101086,100,98559,100,101290,100,98521,100
2019-06-28 10:01:10.000000000,99973,208,99887,208,99990,205,99865,205,99991,125,99825,205,100262,100,99777,100,100413,200,99614,100,100534,100,99365,100,100709,100,98908,100,100736,100,98818,100,101086,100,98559,100,101290,100,98521,100
2019-06-28 10:01:20.000000000,99973,418,99887,418,99990,100,99865,100,99991,20,99825,100,100262,100,99777,100,100413,200,99614,100,100534,100,99365,100,100709,100,98908,100,100736,100,98818,100,101086,100,98559,100,101290,100,98521,100
2019-06-28 10:01:30.000000000,99973,259,99887,259,99990,259,99865,259,99991,20,99825,100,100262,100,99777,100,100413,200,99614,100,100534,100,99365,100,100709,100,98908,100,100736,100,98818,100,101086,100,98559,100,101290,100,98521,100
2019-06-28 10:01:40.000000000,99973,418,99887,418,99990,100,99865,100,99991,20,99825,100,100262,100,99777,100,100413,200,99614,100,100534,100,99365,100,100709,100,98908,100,100736,100,98818,100,101086,100,98559,100,101290,100,98521,100
2019-06-28 10:01:43.645018325,99973,418,99887,418,99990,100,99865,100,99991,20,99825,100,100262,100,99777,100,100413,200,99614,100,100534,100,99365,100,100709,100,98908,100,100736,100,98818,100,101086,100,98674,100,101290,100,98559,100
2019-06-28 10:01:50.000000000,99973,208,99887,208,99990,205,99865,205,99991,125,99825,205,100262,100,99777,100,100413,200,99614,100,100534,100,99365,100,100709,100,98908,100,100736,100,98818,100,101086,100,98674,100,101290,100,98559,100
2019-06-28 10:01:56.840317128,99973,208,99887,108,99990,205,99865,205,99991,125,99825,205,100262,100,99777,100,100413,200,99614,100,100534,100,99365,100,100709,100,98908,100,101086,100,98818,100,101290,100,98674,100,101442,100,98559,100
2019-06-28 10:02:00.000000000,99973,164,99865,164,99990,164,99825,164,99991,84,99777,164,100262,164,99614,164,100413,264,99365,164,100534,100,98908,100,100709,100,98818,100,101086,100,98674,100,101290,100,98559,100,101442,100,98521,100
2019-06-28 10:02:00.913315113,99973,164,99865,164,99990,164,99825,164,99991,84,99777,164,100262,164,99614,164,100413,264,99365,164,100534,100,98908,100,100709,100,98834,100,101086,100,98818,100,101442,100,98674,100,101510,100,98559,100
2019-06-28 10:02:10.000000000,99973,259,99865,259,99990,259,99825,259,99991,20,99777,100,100262,100,99614,100,100413,200,99365,100,100534,100,98908,100,100709,100,98834,100,101086,100,98818,100,101442,100,98674,100,101510,100,98559,100
2019-06-28 10:02:20.000000000,99973,164,99865,164,99990,164,99825,164,99991,84,99777,164,100262,164,99614,164,100413,264,99365,164,100534,100,98908,100,100709,100,98834,100,101086,100,98818,100,101442,100,98674,100,101510,100,98559,100
2019-06-28 10:02:30.000000000,99973,164,99865,164,99990,164,99825,164,99991,84,99777,164,100262,164,99614,164,100413,264,99365,164,100534,100,98908,100,100709,100,98834,100,101086,100,98818,100,101442,100,98674,100,101510,100,98559,100
2019-06-28 10:02:37.436322181,99973,164,99865,64,99990,164,99825,164,99991,84,99777,164,100262,164,99614,164,100413,264,99365,164,100534,100,98908,100,100709,100,98834,100,101086,100,98818,100,101442,100,98674,100,101510,100,98559,100
2019-06-28 10:02:40.000000000,99973,180,99825,180,99990,180,99777,180,99991,100,99614,180,100262,180,99365,180,100413,200,98908,100,100534,100,98834,100,100709,100,98818,100,101086,100,98674,100,101442,100,98559,100,101510,100,98521,100
2019-06-28 10:02:47.118819052,99973,180,99825,80,99990,180,99777,180,99991,100,99614,180,100262,180,99365,180,100413,200,98908,100,100534,100,98834,100,100709,100,98818,100,101086,100,98674,100,101442,100,98559,100,101510,100,98521,100
2019-06-28 10:02:50.000000000,99973,164,99777,164,99990,164,99614,164,99991,84,99365,164,100262,164,98908,164,100413,264,98834,164,100534,100,98818,100,100709,100,98674,100,101086,100,98559,100,101442,100,98521,100,101510,100,,
2019-06-28 10:03:00.000000000,99973,180,99777,180,99990,180,99614,180,99991,100,99365,180,100262,180,98908,180,100413,200,98834,100,100534,100,98818,100,100709,100,98674,100,101086,100,98559,100,101442,100,98521,100,101510,100,,
2019-06-28 10:03:10.000000000,99973,208,99777,208,99990,205,99614,205,99991,125,99365,205,100262,100,98908,100,100413,200,98834,100,100534,100,98818,100,100709,100,98674,100,101086,100,98559,100,101442,100,98521,100,101510,100,,
2019-06-28 10:03:20.000000000,99973,180,99777,180,99990,180,99614,180,99991,100,99365,180,100262,180,98908,180,100413,200,98834,100,100534,100,98818,100,100709,100,98674,100,101086,100,98559,100,101442,100,98521,100,101510,100,,
2019-06-28 10:03:21.646675428,99973,180,99777,80,99990,180,99614,180,99991,100,99365,180,100262,180,98908,180,100413,200,98834,100,100534,100,98818,100,100709,100,98674,100,101086,100,98559,100,101442,100,,,101510,100,,
2019-06-28 10:03:30.000000000,99973,208,99614,208,99990,205,99365,205,99991,125,98908,205,100262,100,98834,100,100413,200,98818,100,100534,100,98674,100,100709,100,98559,100,101086,100,,,101442,100,,,101510,100,,
2019-06-28 10:03:32.731541350,99973,208,99614,208,99990,205,99365,205,99991,125,98908,205,100262,100,98834,100,100413,200,98818,100,100534,100,98764,100,100709,100,98674,100,101086,100,,,101442,100,,,101510,100,,
2019-06-28 10:03:40.000000000,99973,259,99614,259,99990,259,99365,259,99991,20,98908,100,100262,100,98834,100,100413,200,98818,100,100534,100,98764,100,100709,100,98674,100,101086,100,,,101442,100,,,101510,100,,
2019-06-28 10:03:44.235226238,99825,100,99614,259,99973,259,99365,259,99990,259,98908,100,99991,20,98834,100,100262,100,98818,100,100413,200,98764,100,100534,100,98674,100,100709,100,,,101086,100,,,101442,100,,
2019-06-28 10:03:50.000000000,99825,259,99614,259,99973,259,99365,259,99990,100,98908,100,99991,20,98834,100,100262,100,98818,100,100413,200,98764,100,100534,100,98674,100,100709,100,,,101086,100,,,101442,100,,
2019-06-28 10:04:00.000000000,99825,259,99614,259,99973,259,99365,259,99990,100,98908,100,99991,20,98834,100,100262,100,98818,100,100413,200,98764,100,100534,100,98674,100,100709,100,,,101086,100,,,101442,100,,
2019-06-28 10:04:03.695954774,99825,259,99614,159,99973,259,99365,259,99990,100,98908,100,99991,20,98834,100,100262,100,98818,100,100413,200,98764,100,100534,100,98674,100,100709,100,,,101086,100,,,101442,100,,
2019-06-28 10:04:04.988564127,99825,259,99614,59,99973,259,99365,259,99990,100,98908,100,99991,20,98834,100,100262,100,98764,100,100413,200,98674,100,100534,100,,,100709,100,,,101086,100,,,101442,100,,
2019-06-28 10:04:05.299585247,99825,259,99614,59,99973,259,99365,259,99990,100,98908,100,99991,20,98860,100,100262,100,98834,100,100413,200,98764,100,100534,100,98674,100,100709,100,,,101086,100,,,101442,100,,
2019-06-28 10:04:10.000000000,99825,180,99365,180,99973,180,98908,180,99990,180,98860,180,99991,100,98834,180,100262,100,98764,100,100413,200,98674,100,100534,100,,,100709,100,,,101086,100,,,101442,100,,
2019-06-28 10:04:16.159426332,99825,180,99365,80,99973,180,98908,180,99990,180,98860,180,99991,80,98834,180,100262,100,98764,100,100413,200,98674,100,100534,100,,,100709,100,,,101086,100,,,101442,100,,
2019-06-28 10:04:20.000000000,99825,259,98908,259,99973,259,98860,259,99990,100,98834,100,100262,100,98764,100,100413,200,98674,100,100534,100,,,100709,100,,,101086,100,,,101442,100,,,101510,100,,
2019-06-28 10:04:30.000000000,99825,208,98908,208,99973,205,98860,205,99990,205,98834,205,100262,100,98764,100,100413,200,98674,100,100534,100,,,100709,100,,,101086,100,,,101442,100,,,101510,100,,
2019-06-28 10:04:31.052366893,99614,100,98908,208,99825,208,98860,205,99973,205,98834,205,99990,205,98764,100,100262,100,98674,100,100413,200,,,100534,100,,,100709,100,,,101086,100,,,101442,100,,
2019-06-28 10:04:40.000000000,99614,180,98908,180,99825,180,98860,180,99973,180,98834,180,99990,180,98764,180,100262,100,98674,100,100413,200,,,100534,100,,,100709,100,,,101086,100,,,101442,100,,
2019-06-28 10:04:40.560233037,98952,100,98908,180,99614,180,98860,180,99825,180,98834,180,99973,180,98764,180,99990,180,98674,100,100262,100,,,100413,200,,,100534,100,,,100709,100,,,101086,100,,
2019-06-28 10:04:50.000000000,98952,180,98908,180,99614,180,98860,180,99825,180,98834,180,99973,180,98764,180,99990,100,98674,100,100262,100,,,100413,200,,,100534,100,,,100709,100,,,101086,100,,
2019-06-28 10:04:57.803430580,98952,180,98908,180,99614,180,98860,180,99825,180,98834,180,99973,180,98764,180,99990,100,98716,100,100262,100,98674,100,100413,200,,,100534,100,,,100709,100,,,101086,100,,
2019-06-28 10:05:00.000000000,98952,180,98908,180,99614,180,98860,180,99825,180,98834,180,99973,180,98764,180,99990,100,98716,100,100262,100,98674,100,100413,200,,,100534,100,,,100709,100,,,101086,100,,
2019-06-28 10:05:10.000000000,98952,180,98908,180,99614,180,98860,180,99825,180,98834,180,99973,180,98764,180,99990,100,98716,100,100262,100,98674,100,100413,200,,,100534,100,,,100709,100,,,101086,100,,
2019-06-28 10:05:20.000000000,98952,259,98908,259,99614,259,98860,259,99825,100,98834,100,99973,100,98764,100,99990,100,98716,100,100262,100,98674,100,100413,200,,,100534,100,,,100709,100,,,101086,100,,
2019-06-28 10:05:23.890063082,98952,259,98908,159,99614,259,98860,259,99825,100,98834,100,99973,100,98764,100,99990,100,98716,100,100262,100,98674,100,100413,200,,,100534,100,,,100709,100,,,101086,100,,
2019-06-28 10:05:30.000000000,98952,208,98860,208,99614,205,98834,205,99825,205,98764,205,99973,100,98716,100,99990,100,98674,100,100262,100,,,100413,200,,,100534,100,,,100709,100,,,101086,100,,
2019-06-28 10:05:40.000000000,98952,180,98860,180,99614,180,98834,180,99825,180,98764,180,99973,180,98716,180,99990,100,98674,100,100262,100,,,100413,200,,,100534,100,,,100709,100,,,101086,100,,
2019-06-28 10:05:41.942592054,98952,180,98888,100,99614,180,98860,180,99825,180,98834,180,99973,180,98764,180,99990,100,98716,180,100262,100,98674,100,100413,200,,,100534,100,,,100709,100,,,101086,100,,
2019-06-28 10:05:50.000000000,98952,208,98888,208,99614,205,98860,205,99825,205,98834,205,99973,100,98764,100,99990,100,98716,100,100262,100,98674,100,100413,200,,,100534,100,,,100709,100,,,101086,100,,
2019-06-28 10:06:00.000000000,98952,259,98888,259,99614,259,98860,259,99825,100,98834,100,99973,100,98764,100,99990,100,98716,100,100262,100,98674,100,100413,200,,,100534,100,,,100709,100,,,101086,100,,
2019-06-28 10:06:10.000000000,98952,180,98888,180,99614,180,98860,180,99825,180,98834,180,99973,180,98764,180,99990,100,98716,100,100262,100,98674,100,100413,200,,,100534,100,,,100709,100,,,101086,100,,
2019-06-28 10:06:20.000000000,98952,418,98888,418,99614,100,98860,100,99825,100,98834,100,99973,100,98764,100,99990,100,98716,100,100262,100,98674,100,100413,200,,,100534,100,,,100709,100,,,101086,100,,
2019-06-28 10:06:30.000000000,98952,259,98888,259,99614,259,98860,259,99825,100,98834,100,99973,100,98764,100,99990,100,98716,100,100262,100,98674,100,100413,200,,,100534,100,,,100709,100,,,101086,100,,
2019-06-28 10:06:32.146941760,98952,259,98888,259,99160,100,98860,259,99614,259,98834,100,99825,100,98764,100,99973,100,98716,100,99990,100,98674,100,100262,100,,,100413,200,,,100534,100,,,100709,100,,
2019-06-28 10:06:40.000000000,98952,418,98888,418,99160,100,98860,100,99614,100,98834,100,99825,100,98764,100,99973,100,98716,100,99990,100,98674,100,100262,100,,,100413,200,,,100534,100,,,100709,100,,
2019-06-28 10:06:45.173215882,98952,418,98888,418,99160,100,98860,100,99365,100,98834,100,99614,100,98764,100,99825,100,98716,100,99973,100,98674,100,100262,100,,,100413,200,,,100534,100,,,100709,100,,
2019-06-28 10:06:50.000000000,98952,259,98888,259,99160,259,98860,259,99365,100,98834,100,99614,100,98764,100,99825,100,98716,100,99973,100,98674,100,100262,100,,,100413,200,,,100534,100,,,100709,100,,
2019-06-28 10:06:51.021008811,98952,259,98922,100,99160,259,98888,259,99365,100,98860,259,99614,100,98834,100,99825,100,98764,100,99973,100,98716,100,100262,100,98674,100,100413,200,,,100534,100,,,100709,100,,
2019-06-28 10:06:51.567274007,98952,259,98922,100,99160,259,98888,259,99365,200,98860,259,99614,100,98834,100,99825,100,98764,100,99973,100,98716,100,100262,100,98674,100,100413,200,,,100534,100,,,100709,100,,
2019-06-28 10:06:53.131289067,98952,259,98922,100,99160,259,98888,259,99365,200,98860,259,99614,100,98834,100,99825,100,98764,100,100262,100,98716,100,100413,200,98674,100,100534,100,,,100709,100,,,101086,100,,
2019-06-28 10:06:55.335028794,98952,259,98888,259,99160,259,98860,259,99365,200,98834,100,99614,100,98764,100,99825,100,98716,100,100262,100,98674,100,100413,200,,,100534,100,,,100709,100,,,101086,100,,
2019-06-28 10:06:56.823793210,98952,259,98888,259,98989,100,98860,259,99160,259,98834,100,99365,200,98764,100,99614,100,98716,100,99825,100,98674,100,100262,100,,,100413,200,,,100534,100,,,100709,100,,
2019-06-28 10:07:00.000000000,98952,180,98888,180,98989,180,98860,180,99160,180,98834,180,99365,280,98764,180,99614,100,98716,100,99825,100,98674,100,100262,100,,,100413,200,,,100534,100,,,100709,100,,
2019-06-28 10:07:10.000000000,98952,180,98888,180,98989,180,98860,180,99160,180,98834,180,99365,280,98764,180,99614,100,98716,100,99825,100,98674,100,100262,100,,,100413,200,,,100534,100,,,100709,100,,
2019-06-28 10:07:20.000000000,98952,180,98888,180,98989,180,98860,180,99160,180,98834,180,99365,280,98764,180,99614,100,98716,100,99825,100,98674,100,100262,100,,,100413,200,,,100534,100,,,100709,100,,
2019-06-28 10:07:30.000000000,98952,259,98888,259,98989,259,98860,259,99160,100,98834,100,99365,200,98764,100,99614,100,98716,100,99825,100,98674,100,100262,100,,,100413,200,,,100534,100,,,100709,100,,
2019-06-28 10:07:31.759459351,98952,259,98888,259,98989,259,98860,259,99160,100,98834,100,99365,200,98764,100,99614,100,98716,100,99825,100,98674,100,100262,100,98521,100,100413,200,,,100534,100,,,100709,100,,
2019-06-28 10:07:38.335486039,98922,100,98888,259,98952,259,98860,259,98989,259,98834,100,99160,100,98764,100,99365,100,98716,100,99614,100,98674,100,99825,100,98521,100,100262,100,,,100413,200,,,100534,100,,
2019-06-28 10:07:40.000000000,98922,164,98888,164,98952,164,98860,164,98989,164,98834,164,99160,164,98764,164,99365,164,98716,164,99614,100,98674,100,99825,100,98521,100,100262,100,,,100413,200,,,100534,100,,
2019-06-28 10:07:50.000000000,98922,418,98888,418,98952,100,98860,100,98989,100,98834,100,99160,100,98764,100,99365,100,98716,100,99614,100,98674,100,99825,100,98521,100,100262,100,,,100413,200,,,100534,100,,
2019-06-28 10:08:00.000000000,98922,259,98888,259,98952,259,98860,259,98989,100,98834,100,99160,100,98764,100,99365,100,98716,100,99614,100,98674,100,99825,100,98521,100,100262,100,,,100413,200,,,100534,100,,
2019-06-28 10:08:10.000000000,98922,418,98888,418,98952,100,98860,100,98989,100,98834,100,99160,100,98764,100,99365,100,98716,100,99614,100,98674,100,99825,100,98521,100,100262,100,,,100413,200,,,100534,100,,
2019-06-28 10:08:17.317924242,98922,418,98888,418,98946,100,98860,100,98952,100,98834,100,98989,100,98764,100,99160,100,98716,100,99365,100,98674,100,99614,100,98521,100,99825,100,,,100262,100,,,100413,200,,
2019-06-28 10:08:20.000000000,98922,418,98888,418,98946,100,98860,100,98952,100,98834,100,98989,100,98764,100,99160,100,98716,100,99365,100,98674,100,99614,100,98521,100,99825,100,,,100262,100,,,100413,200,,
2019-06-28 10:08:24.465826278,98922,418,98888,418,98946,100,98860,100,98952,100,98834,100,98989,100,98764,100,99089,100,98716,100,99160,100,98674,100,99365,100,98521,100,99614,100,,,99825,100,,,100262,100,,
2019-06-28 10:08:28.548572426,98922,418,98888,418,98946,100,98860,100,98952,100,98850,100,98989,100,98834,100,99089,100,98764,100,99160,100,98716,100,99365,100,98674,100,99614,100,98521,100,99825,100,,,100262,100,,
2019-06-28 10:08:30.000000000,98922,164,98888,164,98946,164,98860,164,98952,164,98850,164,98989,164,98834,164,99089,164,98764,164,99160,100,98716,100,99365,100,98674,100,99614,100,98521,100,99825,100,,,100262,100,,
2019-06-28 10:08:36.240687105,98922,164,98888,164,98946,164,98860,164,98952,164,98850,164,98989,164,98834,164,99033,100,98764,164,99089,164,98716,100,99160,100,98674,100,99365,100,98521,100,99614,100,,,99825,100,,
2019-06-28 10:08:40.000000000,98922,164,98888,164,98946,164,98860,164,98952,164,98850,164,98989,164,98834,164,99033,164,98764,164,99089,100,98716,100,99160,100,98674,100,99365,100,98521,100,99614,100,,,99825,100,,
2019-06-28 10:08:50.000000000,98922,164,98888,164,98946,164,98860,164,98952,164,98850,164,98989,164,98834,164,99033,164,98764,164,99089,100,98716,100,99160,100,98674,100,99365,100,98521,100,99614,100,,,99825,100,,
2019-06-28 10:08:51.524269586,98922,264,98888,164,98946,164,98860,164,98952,164,98850,164,98989,164,98834,164,99033,164,98764,164,99089,100,98716,100,99160,100,98674,100,99365,100,98521,100,99825,100,,,100262,100,,
2019-06-28 10:08:56.923088845,98922,164,98888,164,98946,164,98860,164,98952,164,98850,164,98989,164,98834,164,99033,164,98764,64,99089,100,98716,100,99160,100,98674,100,99365,100,98521,100,99825,100,,,100262,100,,
2019-06-28 10:09:00.000000000,98922,259,98888,259,98946,259,98860,259,98952,100,98850,100,98989,100,98834,100,99033,100,98716,100,99089,100,98674,100,99160,100,98521,100,99365,100,,,99825,100,,,100262,100,,
2019-06-28 10:09:02.860751009,98922,259,98888,259,98946,259,98860,259,98952,100,98850,100,98989,100,98834,100,99033,100,98716,100,99089,100,98674,100,99160,100,98521,100,99176,100,,,99365,100,,,99825,100,,
2019-06-28 10:09:10.000000000,98922,180,98888,180,98946,180,98860,180,98952,180,98850,180,98989,180,98834,180,99033,100,98716,100,99089,100,98674,100,99160,100,98521,100,99176,100,,,99365,100,,,99825,100,,
2019-06-28 10:09:18.824197906,98921,100,98888,180,98922,180,98860,180,98946,180,98850,180,98952,180,98834,180,98989,180,98716,100,99033,100,98674,100,99089,100,98521,100,99160,100,,,99176,100,,,99365,100,,
2019-06-28 10:09:20.000000000,98921,418,98888,418,98922,100,98860,100,98946,100,98850,100,98952,100,98834,100,98989,100,98716,100,99033,100,98674,100,99089,100,98521,100,99160,100,,,99176,100,,,99365,100,,
2019-06-28 10:09:30.000000000,98921,208,98888,208,98922,205,98860,205,98946,205,98850,205,98952,100,98834,100,98989,100,98716,100,99033,100,98674,100,99089,100,98521,100,99160,100,,,99176,100,,,99365,100,,
2019-06-28 10:09:40.000000000,98921,180,98888,180,98922,180,98860,180,98946,180,98850,180,98952,180,98834,180,98989,100,98716,100,99033,100,98674,100,99089,100,98521,100,99160,100,,,99176,100,,,99365,100,,
2019-06-28 10:09:50.000000000,98921,418,98888,418,98922,100,98860,100,98946,100,98850,100,98952,100,98834,100,98989,100,98716,100,99033,100,98674,100,99089,100,98521,100,99160,100,,,99176,100,,,99365,100,,
2019-06-28 10:10:00.000000000,98921,164,98888,164,98922,164,98860,164,98946,164,98850,164,98952,164,98834,164,98989,164,98716,164,99033,100,98674,100,99089,100,98521,100,99160,100,,,99176,100,,,99365,100,,
2019-06-28 10:10:10.000000000,98921,164,98888,164,98922,164,98860,164,98946,164,98850,164,98952,164,98834,164,98989,164,98716,164,99033,100,98674,100,99089,100,98521,100,99160,100,,,99176,100,,,99365,100,,
2019-06-28 10:10:20.000000000,98921,259,98888,259,98922,259,98860,259,98946,100,98850,100,98952,100,98834,100,98989,100,98716,100,99033,100,98674,100,99089,100,98521,100,99160,100,,,99176,100,,,99365,100,,
2019-06-28 10:10:25.843398295,98921,359,98888,259,98922,259,98860,259,98946,100,98850,100,98952,100,98834,100,98989,100,98716,100,99033,100,98674,100,99089,100,98521,100,99160,100,,,99176,100,,,99365,100,,
2019-06-28 10:10:29.316162144,98921,359,98888,159,98922,259,98860,259,98946,100,98850,100,98952,100,98716,100,98989,100,98674,100,99033,100,98521,100,99089,100,,,99160,100,,,99176,100,,,99365,100,,
2019-06-28 10:10:30.000000000,98921,264,98860,164,98922,164,98850,164,98946,164,98716,164,98952,164,98674,164,98989,164,98521,164,99033,100,,,99089,100,,,99160,100,,,99176,100,,,99365,100,,
2019-06-28 10:10:34.305998535,98921,264,98889,100,98922,164,98860,164,98946,164,98850,164,98952,164,98716,164,98989,164,98674,164,99033,100,98521,164,99089,100,,,99160,100,,,99176,100,,,99365,100,,
