,ask_price_1,ask_size_1,bid_price_1,bid_size_1,ask_price_2,ask_size_2,bid_price_2,bid_size_2,ask_price_3,ask_size_3,bid_price_3,bid_size_3,ask_price_4,ask_size_4,bid_price_4,bid_size_4,ask_price_5,ask_size_5,bid_price_5,bid_size_5,ask_price_6,ask_size_6,bid_price_6,bid_size_6,ask_price_7,ask_size_7,bid_price_7,bid_size_7,ask_price_8,ask_size_8,bid_price_8,bid_size_8,ask_price_9,ask_size_9,bid_price_9,bid_size_9,ask_price_10,ask_size_10,bid_price_10,bid_size_10
2019-06-28 09:30:00.000000000,,,,,,,,,,,,,,,,,,,,,,,,,,,,,,,,,,,,,,,,
2019-06-28 09:30:00.000000001,,,99863,100,,,,,,,,,,,,,,,,,,,,,,,,,,,,,,,,,,,,
2019-06-28 09:30:00.000000006,,,99863,100,,,99842,100,,,,,,,,,,,,,,,,,,,,,,,,,,,,,,,,
2019-06-28 09:30:00.000000008,99981,100,99863,100,,,99862,100,,,99842,100,,,,,,,,,,,,,,,,,,,,,,,,,,,,
2019-06-28 09:30:00.000000015,99981,100,99863,100,100090,100,99862,100,,,99842,100,,,,,,,,,,,,,,,,,,,,,,,,,,,,
2019-06-28 09:30:00.000000016,100090,100,99970,100,,,99863,100,,,99862,100,,,99842,100,,,,,,,,,,,,,,,,,,,,,,,,
2019-06-28 09:30:00.000000017,100090,100,99970,100,,,99968,100,,,99863,100,,,99862,100,,,99842,100,,,,,,,,,,,,,,,,,,,,
2019-06-28 09:30:00.000000018,99981,100,99970,100,100090,100,99968,100,100091,100,99863,100,,,99862,100,,,99842,100,,,,,,,,,,,,,,,,,,,,
2019-06-28 09:30:00.000000022,99981,100,99970,100,100090,100,99968,200,100091,100,99863,100,,,99862,100,,,99842,100,,,99835,100,,,,,,,,,,,,,,,,
2019-06-28 09:30:00.000000026,100048,100,99970,100,100054,100,99968,200,100090,100,99863,100,100091,100,99862,100,,,99842,100,,,99840,100,,,99835,100,,,,,,,,,,,,
2019-06-28 09:30:00.000000028,100048,100,99970,100,100054,100,99968,200,100090,100,99863,100,100091,100,99862,100,100097,100,99842,100,,,99840,100,,,99835,100,,,,,,,,,,,,
2019-06-28 09:30:00.000000029,100038,100,99970,100,100048,100,99968,200,100054,100,99950,100,100090,100,99863,100,100091,100,99862,100,100097,100,99842,100,,,99840,100,,,99835,100,,,,,,,,
2019-06-28 09:30:00.000000030,100038,100,99981,100,100048,100,99970,100,100054,100,99968,200,100090,100,99950,100,100091,100,99863,100,100097,100,99862,100,,,99855,100,,,99842,100,,,99840,100,,,99835,100
2019-06-28 09:30:00.000000031,100038,100,99981,200,100048,100,99970,100,100054,100,99968,200,100090,100,99950,100,100091,100,99863,100,100097,100,99862,100,,,99855,100,,,99842,100,,,99840,100,,,99835,100
2019-06-28 09:30:00.000000032,100038,100,99981,200,100048,100,99970,100,100054,100,99968,200,100090,100,99950,100,100091,100,99863,100,100097,100,99862,100,100107,100,99855,100,100162,100,99842,100,,,99840,100,,,99835,100
2019-06-28 09:30:00.000000034,100038,100,99981,100,100048,100,99970,100,100054,100,99968,200,100090,100,99950,100,100091,100,99863,100,100097,100,99862,100,100107,100,99855,100,100162,100,99842,100,,,99840,100,,,99835,100
2019-06-28 09:30:00.000000036,100038,100,99981,100,100048,100,99970,100,100054,100,99968,200,100069,100,99950,100,100090,100,99863,100,100091,100,99862,100,100097,100,99855,100,100107,100,99842,100,100162,100,99840,100,,,99835,100
2019-06-28 09:30:00.000000039,100038,100,99970,100,100048,100,99968,200,100054,100,99950,100,100069,100,99863,100,100090,100,99862,100,100091,100,99855,100,100097,100,99842,100,100107,100,99840,100,100162,100,99835,100,,,99786,100
2019-06-28 09:30:00.000000041,100038,100,99970,100,100048,100,99968,200,100053,100,99950,100,100054,100,99863,100,100069,100,99862,100,100090,100,99855,100,100091,100,99842,100,100097,100,99840,100,100107,100,99835,100,100162,100,99786,100
2019-06-28 09:30:00.000000042,100038,100,99970,100,100048,100,99969,100,100053,100,99968,200,100054,100,99950,100,100068,100,99863,100,100069,100,99862,100,100090,100,99855,100,100091,100,99842,100,100097,100,99840,100,100107,100,99835,100
2019-06-28 09:30:00.000000046,100038,100,99985,100,100048,100,99970,100,100053,100,99969,100,100054,100,99968,200,100068,100,99950,100,100069,100,99863,100,100090,100,99862,100,100091,100,99855,100,100097,100,99842,100,100107,100,99840,100
2019-06-28 09:30:00.000000047,100038,100,99985,100,100048,100,99970,100,100053,100,99969,100,100054,100,99968,200,100068,100,99950,100,100069,100,99863,100,100090,100,99862,100,100091,100,99859,100,100097,100,99855,100,100107,100,99842,100
2019-06-28 09:30:00.000000048,100038,100,99985,100,100048,100,99981,100,100053,100,99970,100,100054,100,99969,100,100068,100,99968,200,100069,100,99950,100,100090,100,99863,100,100091,100,99862,100,100097,100,99859,100,100107,100,99855,100
2019-06-28 09:30:00.000000049,100038,100,99985,100,100048,100,99981,100,100053,100,99970,100,100054,100,99969,100,100068,100,99968,200,100069,100,99950,100,100090,100,99863,100,100091,100,99862,100,100097,100,99859,100,100107,100,99855,100
2019-06-28 09:30:00.000000054,100038,100,99985,100,100048,100,99981,100,100053,100,99970,100,100054,100,99969,100,100068,100,99968,200,100069,100,99950,100,100090,100,99863,100,100091,100,99862,100,100097,100,99859,100,100107,100,99855,100
2019-06-28 09:30:00.000000055,99985,100,99981,100,100038,100,99970,100,100048,100,99969,100,100053,100,99968,200,100054,100,99950,100,100068,100,99863,100,100069,100,99862,100,100090,100,99859,100,100091,100,99855,100,100097,100,99842,100
2019-06-28 09:30:00.000000059,99985,100,99981,100,100038,100,99970,100,100048,100,99969,100,100053,100,99968,200,100054,100,99950,100,100068,100,99863,100,100069,100,99862,100,100090,100,99859,100,100091,100,99855,100,100097,100,99842,100
2019-06-28 09:30:00.000000060,99985,200,99981,100,100038,100,99970,100,100048,100,99969,100,100053,100,99968,200,100054,100,99950,100,100068,100,99863,100,100069,100,99862,100,100090,100,99859,100,100091,100,99855,100,100097,100,99842,100
2019-06-28 09:30:00.000000061,99985,300,99981,100,100038,100,99970,100,100048,100,99969,100,100053,100,99968,200,100054,100,99950,100,100068,100,99863,100,100069,100,99862,100,100090,100,99859,100,100091,100,99855,100,100097,100,99842,100
2019-06-28 09:30:00.000000063,99985,300,99981,100,100038,100,99970,100,100048,100,99969,100,100053,100,99968,200,100054,100,99950,100,100068,100,99863,100,100069,100,99862,100,100090,100,99859,100,100091,100,99855,100,100097,100,99847,100
2019-06-28 09:30:00.000000065,99985,300,99981,100,100038,100,99970,100,100048,100,99969,100,100053,100,99968,200,100054,100,99950,100,100068,100,99863,100,100069,100,99862,100,100090,100,99859,100,100091,100,99855,100,100097,100,99847,100
2019-06-28 09:30:00.000000066,99985,300,99970,100,100038,100,99969,100,100048,100,99968,200,100053,100,99950,100,100054,100,99863,100,100068,100,99862,100,100069,100,99859,100,100090,100,99855,100,100091,100,99847,100,100097,100,99842,100
2019-06-28 09:30:00.000000068,99985,300,99970,100,100038,100,99969,100,100048,100,99968,200,100053,100,99950,100,100054,100,99883,100,100068,100,99863,100,100069,100,99862,100,100090,100,99859,100,100091,100,99855,100,100097,100,99847,100
2019-06-28 09:30:00.000000069,99984,100,99970,100,99985,300,99969,100,100038,100,99968,200,100048,100,99950,100,100053,100,99883,100,100054,100,99863,100,100068,100,99862,100,100069,100,99859,100,100090,100,99855,100,100091,100,99847,100
2019-06-28 09:30:00.000000073,99985,300,99970,100,100038,100,99969,100,100048,100,99968,200,100053,100,99950,100,100054,100,99883,100,100068,100,99863,100,100069,100,99862,100,100090,100,99859,100,100091,100,99855,100,100097,100,99847,100
2019-06-28 09:30:00.000000076,99985,300,99970,100,100038,100,99969,100,100048,100,99968,200,100053,100,99950,100,100054,100,99883,100,100068,100,99863,100,100069,100,99862,100,100090,100,99859,100,100091,100,99855,100,100097,100,99847,100
2019-06-28 09:30:00.000000078,99985,300,99970,100,100038,100,99969,100,100048,100,99968,200,100053,100,99950,100,100054,100,99897,100,100068,100,99883,100,100069,100,99863,100,100090,100,99862,100,100091,100,99859,100,100097,100,99855,100
2019-06-28 09:30:00.000000081,99985,300,99970,100,100038,100,99969,100,100048,100,99968,200,100053,100,99950,100,100054,100,99897,100,100068,100,99883,100,100069,100,99863,100,100090,100,99862,100,100091,100,99859,100,100097,100,99855,100
2019-06-28 09:30:00.000000083,99985,300,99970,100,100038,100,99969,100,100048,100,99968,200,100053,100,99957,100,100054,100,99950,100,100068,100,99897,100,100069,100,99883,100,100090,100,99863,100,100091,100,99862,100,100097,100,99859,100
2019-06-28 09:30:00.000000087,99983,100,99970,100,99985,300,99969,100,100038,100,99968,200,100046,100,99957,100,100048,100,99950,100,100053,100,99897,100,100054,100,99883,100,100068,100,99863,100,100069,100,99862,100,100090,100,99859,100
2019-06-28 09:30:00.000000090,99985,300,99976,100,100038,100,99970,100,100046,100,99969,100,100048,100,99968,200,100053,100,99957,100,100054,100,99950,100,100068,100,99897,100,100069,100,99883,100,100090,100,99863,100,100091,100,99862,100
2019-06-28 09:30:00.000000092,99985,200,99976,100,100038,100,99970,100,100046,100,99969,100,100048,100,99968,200,100053,100,99957,100,100054,100,99950,100,100068,100,99897,100,100069,100,99883,100,100090,100,99863,100,100091,100,99862,100
2019-06-28 09:30:00.000000095,99985,300,99983,100,100038,100,99976,100,100046,100,99970,100,100048,100,99969,100,100053,100,99968,200,100054,100,99957,100,100068,100,99950,100,100069,100,99897,100,100090,100,99883,100,100091,100,99863,100
2019-06-28 09:30:00.000000097,99985,300,99983,100,100038,100,99976,100,100046,100,99970,100,100048,100,99969,100,100053,100,99968,200,100054,100,99957,100,100068,100,99950,100,100069,100,99897,100,100090,100,99884,100,100091,100,99883,100
2019-06-28 09:30:00.000000098,99985,300,99983,100,100038,100,99976,100,100046,100,99970,100,100048,100,99969,100,100053,100,99968,200,100054,100,99957,100,100068,100,99950,100,100069,100,99899,100,100090,100,99897,100,100091,100,99884,100
2019-06-28 09:30:00.000000099,99985,300,99983,200,100038,100,99976,100,100046,100,99970,100,100048,100,99969,100,100053,100,99968,200,100054,100,99957,100,100068,100,99950,100,100069,100,99899,100,100090,100,99897,100,100091,100,99884,100
2019-06-28 09:30:08.756859551,99985,300,99983,200,100038,100,99970,100,100046,100,99969,100,100048,100,99968,200,100053,100,99957,100,100054,100,99950,100,100068,100,99899,100,100069,100,99897,100,100090,100,99884,100,100091,100,99883,100
2019-06-28 09:30:10.000000000,99985,363,99983,263,100038,163,99970,163,100046,163,99969,163,100048,163,99968,263,100053,163,99957,163,100054,100,99950,100,100068,100,99899,100,100069,100,99897,100,100090,100,99884,100,100091,100,99883,100
2019-06-28 09:30:20.000000000,99985,363,99983,263,100038,163,99970,163,100046,163,99969,163,100048,163,99968,263,100053,163,99957,163,100054,100,99950,100,100068,100,99899,100,100069,100,99897,100,100090,100,99884,100,100091,100,99883,100
2019-06-28 09:30:30.000000000,99985,378,99983,278,100038,178,99970,178,100046,178,99969,178,100048,178,99968,278,100053,100,99957,100,100054,100,99950,100,100068,100,99899,100,100069,100,99897,100,100090,100,99884,100,100091,100,99883,100
2019-06-28 09:30:40.000000000,99985,457,99983,357,100038,257,99970,257,100046,100,99969,100,100048,100,99968,200,100053,100,99957,100,100054,100,99950,100,100068,100,99899,100,100069,100,99897,100,100090,100,99884,100,100091,100,99883,100
2019-06-28 09:30:43.852530562,99985,357,99983,357,100038,257,99970,257,100046,100,99969,100,100048,100,99968,200,100053,100,99957,100,100054,100,99950,100,100068,100,99899,100,100069,100,99897,100,100090,100,99884,100,100091,100,99883,100
2019-06-28 09:30:50.000000000,99985,514,99983,514,100038,100,99970,100,100046,100,99969,100,100048,100,99968,200,100053,100,99957,100,100054,100,99950,100,100068,100,99899,100,100069,100,99897,100,100090,100,99884,100,100091,100,99883,100
2019-06-28 09:30:58.413883123,99985,414,99983,514,100038,100,99970,100,100046,100,99969,100,100048,100,99968,200,100053,100,99957,100,100054,100,99950,100,100068,100,99899,100,100069,100,99897,100,100090,100,99884,100,100091,100,99883,100
2019-06-28 09:31:00.000000000,99985,414,99983,514,100038,100,99970,100,100046,100,99969,100,100048,100,99968,200,100053,100,99957,100,100054,100,99950,100,100068,100,99899,100,100069,100,99897,100,100090,100,99884,100,100091,100,99883,100
2019-06-28 09:31:05.216310682,99985,414,99983,514,100038,100,99970,100,100046,100,99969,100,100048,100,99968,200,100053,100,99957,100,100054,100,99950,100,100068,100,99899,100,100069,100,99897,100,100090,100,99884,100,100091,100,99883,100
2019-06-28 09:31:06.366773854,99985,414,99983,414,100038,100,99970,100,100046,100,99969,100,100048,100,99968,200,100053,100,99957,100,100054,100,99950,100,100068,100,99899,100,100069,100,99897,100,100090,100,99884,100,100091,100,99883,100
2019-06-28 09:31:10.000000000,99985,178,99983,178,100038,178,99970,178,100046,178,99969,178,100048,178,99968,278,100053,100,99957,100,100054,100,99950,100,100068,100,99899,100,100069,100,99897,100,100090,100,99884,100,100091,100,99883,100
2019-06-28 09:31:20.000000000,99985,414,99983,414,100038,100,99970,100,100046,100,99969,100,100048,100,99968,200,100053,100,99957,100,100054,100,99950,100,100068,100,99899,100,100069,100,99897,100,100090,100,99884,100,100091,100,99883,100
2019-06-28 09:31:29.485978586,99985,414,99983,314,100038,100,99970,100,100046,100,99969,100,100048,100,99968,200,100053,100,99957,100,100054,100,99950,100,100068,100,99899,100,100069,100,99897,100,100090,100,99884,100,100091,100,99883,100
2019-06-28 09:31:30.000000000,99985,207,99970,207,100038,204,99969,204,100046,204,99968,304,100048,100,99957,100,100053,100,99950,100,100054,100,99899,100,100068,100,99897,100,100069,100,99884,100,100090,100,99883,100,100091,100,99866,100
2019-06-28 09:31:34.613367850,99983,100,99970,207,99985,207,99969,204,100038,204,99968,204,100046,204,99957,100,100048,100,99950,100,100053,100,99899,100,100054,100,99897,100,100068,100,99884,100,100069,100,99883,100,100090,100,99866,100
2019-06-28 09:31:40.000000000,99983,414,99970,414,99985,100,99969,100,100038,100,99968,100,100046,100,99957,100,100048,100,99950,100,100053,100,99899,100,100054,100,99897,100,100068,100,99884,100,100069,100,99883,100,100090,100,99866,100
2019-06-28 09:31:50.000000000,99983,207,99970,207,99985,204,99969,204,100038,204,99968,204,100046,100,99957,100,100048,100,99950,100,100053,100,99899,100,100054,100,99897,100,100068,100,99884,100,100069,100,99883,100,100090,100,99866,100
2019-06-28 09:31:54.471582081,99983,207,99970,207,99985,204,99969,204,100038,204,99968,204,100046,100,99957,100,100048,100,99950,100,100053,100,99899,100,100054,100,99897,100,100068,100,99884,100,100069,100,99883,100,100090,100,99866,100
2019-06-28 09:32:00.000000000,99983,257,99970,257,99985,257,99969,257,100038,100,99968,100,100046,100,99957,100,100048,100,99950,100,100053,100,99899,100,100054,100,99897,100,100068,100,99884,100,100069,100,99883,100,100090,100,99866,100
2019-06-28 09:32:10.000000000,99983,163,99970,163,99985,163,99969,163,100038,163,99968,163,100046,163,99957,163,100048,163,99950,163,100053,100,99899,100,100054,100,99897,100,100068,100,99884,100,100069,100,99883,100,100090,100,99866,100
2019-06-28 09:32:10.188346143,99983,63,99970,163,99985,163,99969,163,100038,163,99968,163,100046,163,99957,163,100048,163,99950,163,100053,100,99899,100,100054,100,99897,100,100068,100,99884,100,100069,100,99883,100,100090,100,99866,100
2019-06-28 09:32:20.000000000,99985,257,99970,257,100038,257,99969,257,100046,100,99968,100,100048,100,99957,100,100053,100,99950,100,100054,100,99899,100,100068,100,99897,100,100069,100,99884,100,100090,100,99883,100,100091,100,99866,100
2019-06-28 09:32:30.000000000,99985,257,99970,257,100038,257,99969,257,100046,100,99968,100,100048,100,99957,100,100053,100,99950,100,100054,100,99899,100,100068,100,99897,100,100069,100,99884,100,100090,100,99883,100,100091,100,99866,100
2019-06-28 09:32:40.000000000,99985,414,99970,414,100038,100,99969,100,100046,100,99968,100,100048,100,99957,100,100053,100,99950,100,100054,100,99899,100,100068,100,99897,100,100069,100,99884,100,100090,100,99883,100,100091,100,99866,100
2019-06-28 09:32:47.028269739,99985,414,99984,100,100038,100,99970,414,100046,100,99969,100,100048,100,99968,100,100053,100,99957,100,100054,100,99950,100,100068,100,99899,100,100069,100,99897,100,100090,100,99884,100,100091,100,99883,100
2019-06-28 09:32:50.000000000,99985,163,99984,163,100038,163,99970,163,100046,163,99969,163,100048,163,99968,163,100053,163,99957,163,100054,100,99950,100,100068,100,99899,100,100069,100,99897,100,100090,100,99884,100,100091,100,99883,100
2019-06-28 09:33:00.000000000,99985,257,99984,257,100038,257,99970,257,100046,100,99969,100,100048,100,99968,100,100053,100,99957,100,100054,100,99950,100,100068,100,99899,100,100069,100,99897,100,100090,100,99884,100,100091,100,99883,100
2019-06-28 09:33:10.000000000,99985,163,99984,163,100038,163,99970,163,100046,163,99969,163,100048,163,99968,163,100053,163,99957,163,100054,100,99950,100,100068,100,99899,100,100069,100,99897,100,100090,100,99884,100,100091,100,99883,100
2019-06-28 09:33:20.000000000,99985,207,99984,207,100038,204,99970,204,100046,204,99969,204,100048,100,99968,100,100053,100,99957,100,100054,100,99950,100,100068,100,99899,100,100069,100,99897,100,100090,100,99884,100,100091,100,99883,100
2019-06-28 09:33:23.345331574,99985,207,99984,307,100038,204,99970,204,100046,204,99969,204,100048,100,99968,100,100053,100,99957,100,100054,100,99950,100,100068,100,99899,100,100069,100,99897,100,100090,100,99884,100,100091,100,99883,100
2019-06-28 09:33:30.000000000,99985,178,99984,278,100038,178,99970,178,100046,178,99969,178,100048,178,99968,178,100053,100,99957,100,100054,100,99950,100,100068,100,99899,100,100069,100,99897,100,100090,100,99884,100,100091,100,99883,100
2019-06-28 09:33:40.000000000,99985,163,99984,263,100038,163,99970,163,100046,163,99969,163,100048,163,99968,163,100053,163,99957,163,100054,100,99950,100,100068,100,99899,100,100069,100,99897,100,100090,100,99884,100,100091,100,99883,100
2019-06-28 09:33:50.000000000,99985,178,99984,278,100038,178,99970,178,100046,178,99969,178,100048,178,99968,178,100053,100,99957,100,100054,100,99950,100,100068,100,99899,100,100069,100,99897,100,100090,100,99884,100,100091,100,99883,100
2019-06-28 09:33:56.589566020,99985,178,99984,278,100038,178,99970,178,100046,178,99969,178,100048,178,99968,178,100053,100,99957,100,100054,100,99950,100,100068,100,99899,100,100069,100,99897,100,100090,100,99884,100,100091,100,99883,100
2019-06-28 09:33:59.529847795,99985,78,99984,278,100038,178,99970,178,100046,178,99969,178,100048,178,99968,178,100053,100,99957,100,100054,100,99950,100,100068,100,99899,100,100069,100,99897,100,100090,100,99884,100,100091,100,99883,100
2019-06-28 09:34:00.000000000,100038,163,99984,263,100046,163,99970,163,100048,163,99969,163,100053,163,99968,163,100054,163,99957,163,100068,100,99950,100,100069,100,99899,100,100090,100,99897,100,100091,100,99884,100,100097,100,99883,100
2019-06-28 09:34:05.587525747,100038,163,99984,263,100046,163,99970,163,100048,163,99969,163,100053,163,99968,163,100054,163,99957,163,100068,100,99950,100,100069,100,99899,100,100090,100,99897,100,100091,100,99884,100,100097,100,99883,100
2019-06-28 09:34:10.000000000,100038,207,99984,307,100046,204,99970,204,100048,204,99969,204,100053,100,99968,100,100054,100,99957,100,100068,100,99950,100,100069,100,99899,100,100090,100,99897,100,100091,100,99884,100,100097,100,99883,100
2019-06-28 09:34:11.201016791,100038,107,99984,307,100046,204,99970,204,100048,204,99969,204,100054,100,99968,100,100068,100,99957,100,100069,100,99950,100,100090,100,99899,100,100091,100,99897,100,100097,100,99884,100,100107,100,99883,100
2019-06-28 09:34:20.000000000,100046,414,99984,514,100048,100,99970,100,100054,100,99969,100,100068,100,99968,100,100069,100,99957,100,100090,100,99950,100,100091,100,99899,100,100097,100,99897,100,100107,100,99884,100,100111,100,99883,100
2019-06-28 09:34:23.006777748,100046,414,99984,514,100048,100,99970,100,100054,100,99969,100,100068,100,99968,100,100069,100,99957,100,100090,100,99950,100,100091,100,99899,100,100097,100,99897,100,100107,100,99884,100,100111,100,99866,100
2019-06-28 09:34:27.636514595,100046,414,99984,514,100048,100,99970,100,100054,100,99969,100,100068,100,99968,100,100069,100,99957,100,100090,100,99950,100,100091,100,99899,100,100097,100,99897,100,100107,100,99884,100,100111,100,99866,100
2019-06-28 09:34:30.000000000,100046,178,99984,278,100048,178,99970,178,100054,178,99969,178,100068,178,99968,178,100069,100,99957,100,100090,100,99950,100,100091,100,99899,100,100097,100,99897,100,100107,100,99884,100,100111,100,99866,100
2019-06-28 09:34:31.298330840,100046,178,99984,278,100048,178,99970,178,100054,178,99969,178,100068,178,99968,178,100069,100,99957,100,100090,100,99899,100,100091,100,99897,100,100097,100,99884,100,100107,100,99866,100,100111,100,99863,100
2019-06-28 09:34:40.000000000,100046,257,99984,357,100048,257,99970,257,100054,100,99969,100,100068,100,99968,100,100069,100,99957,100,100090,100,99899,100,100091,100,99897,100,100097,100,99884,100,100107,100,99866,100,100111,100,99863,100
2019-06-28 09:34:40.455981099,100046,257,99984,357,100048,257,99970,257,100054,100,99969,100,100068,100,99968,100,100069,100,99957,100,100090,100,99899,100,100091,100,99884,100,100097,100,99866,100,100107,100,99863,100,100111,100,99862,100
2019-06-28 09:34:50.000000000,100046,414,99984,514,100048,100,99970,100,100054,100,99969,100,100068,100,99968,100,100069,100,99957,100,100090,100,99899,100,100091,100,99884,100,100097,100,99866,100,100107,100,99863,100,100111,100,99862,100
2019-06-28 09:34:53.558728956,100046,314,99984,514,100048,100,99970,100,100054,100,99969,100,100068,100,99968,100,100069,100,99957,100,100090,100,99899,100,100091,100,99884,100,100097,100,99866,100,100107,100,99863,100,100111,100,99862,100
2019-06-28 09:34:56.897198387,100046,314,99984,514,100048,100,99970,100,100054,100,99969,100,100058,100,99968,100,100068,100,99957,100,100069,100,99899,100,100090,100,99884,100,100091,100,99866,100,100097,100,99863,100,100107,100,99862,100
2019-06-28 09:35:00.000000000,100048,414,99984,514,100054,100,99970,100,100058,100,99969,100,100068,100,99968,100,100069,100,99957,100,100090,100,99899,100,100091,100,99884,100,100097,100,99866,100,100107,100,99863,100,100111,100,99862,100
2019-06-28 09:35:10.000000000,100048,178,99984,278,100054,178,99970,178,100058,178,99969,178,100068,178,99968,178,100069,100,99957,100,100090,100,99899,100,100091,100,99884,100,100097,100,99866,100,100107,100,99863,100,100111,100,99862,100
2019-06-28 09:35:15.348344072,100048,178,99984,278,100054,178,99970,178,100058,178,99969,178,100068,178,99968,178,100069,100,99957,100,100090,100,99899,100,100091,100,99884,100,100097,100,99866,100,100107,100,99863,100,100111,100,99862,100
2019-06-28 09:35:20.000000000,100048,178,99984,278,100054,178,99970,178,100058,178,99969,178,100068,178,99968,178,100069,100,99957,100,100090,100,99899,100,100091,100,99884,100,100097,100,99866,100,100107,100,99863,100,100111,100,99862,100
2019-06-28 09:35:26.411009348,100048,178,99984,178,100054,178,99970,178,100058,178,99969,178,100068,178,99968,178,100069,100,99957,100,100090,100,99899,100,100091,100,99884,100,100097,100,99866,100,100107,100,99863,100,100111,100,99862,100
2019-06-28 09:35:29.876482155,100048,178,99984,78,100054,178,99970,178,100058,178,99969,178,100068,178,99968,178,100069,100,99957,100,100090,100,99899,100,100091,100,99884,100,100097,100,99866,100,100107,100,99863,100,100111,100,99862,100
2019-06-28 09:35:30.000000000,100048,207,99970,207,100054,204,99969,204,100058,204,99968,204,100068,100,99957,100,100069,100,99899,100,100090,100,99884,100,100091,100,99866,100,100097,100,99863,100,100107,100,99862,100,100111,100,99859,100
2019-06-28 09:35:40.000000000,100048,414,99970,414,100054,100,99969,100,100058,100,99968,100,100068,100,99957,100,100069,100,99899,100,100090,100,99884,100,100091,100,99866,100,100097,100,99863,100,100107,100,99862,100,100111,100,99859,100
2019-06-28 09:35:50.000000000,100048,207,99970,207,100054,204,99969,204,100058,204,99968,204,100068,100,99957,100,100069,100,99899,100,100090,100,99884,100,100091,100,99866,100,100097,100,99863,100,100107,100,99862,100,100111,100,99859,100
2019-06-28 09:35:53.755309490,100048,207,99970,207,100054,204,99969,204,100058,204,99968,204,100068,100,99957,100,100069,100,99899,100,100090,100,99884,100,100091,100,99866,100,100097,100,99863,100,100107,100,99862,100,100111,100,99859,100
2019-06-28 09:36:00.000000000,100048,163,99970,163,100054,163,99969,163,100058,163,99968,163,100068,163,99957,163,100069,163,99899,163,100090,100,99884,100,100091,100,99866,100,100097,100,99863,100,100107,100,99862,100,100111,100,99859,100
2019-06-28 09:36:10.000000000,100048,178,99970,178,100054,178,99969,178,100058,178,99968,178,100068,178,99957,178,100069,100,99899,100,100090,100,99884,100,100091,100,99866,100,100097,100,99863,100,100107,100,99862,100,100111,100,99859,100
2019-06-28 09:36:20.000000000,100048,178,99970,178,100054,178,99969,178,100058,178,99968,178,100068,178,99957,178,100069,100,99899,100,100090,100,99884,100,100091,100,99866,100,100097,100,99863,100,100107,100,99862,100,100111,100,99859,100
2019-06-28 09:36:22.541547068,100048,178,99985,100,100054,178,99970,178,100058,178,99969,178,100068,178,99968,178,100069,100,99957,178,100090,100,99899,100,100091,100,99884,100,100097,100,99866,100,100107,100,99863,100,100111,100,99862,100
2019-06-28 09:36:30.000000000,100048,414,99985,414,100054,100,99970,100,100058,100,99969,100,100068,100,99968,100,100069,100,99957,100,100090,100,99899,100,100091,100,99884,100,100097,100,99866,100,100107,100,99863,100,100111,100,99862,100
2019-06-28 09:36:34.136466671,100048,414,99985,414,100054,100,99970,100,100058,100,99969,100,100068,100,99968,100,100069,100,99957,100,100090,100,99899,100,100091,100,99884,100,100097,100,99866,100,100107,100,99863,100,100111,100,99862,100
2019-06-28 09:36:35.537253360,100048,314,99985,414,100058,100,99970,100,100068,100,99969,100,100069,100,99968,100,100090,100,99957,100,100091,100,99899,100,100097,100,99884,100,100107,100,99866,100,100111,100,99863,100,100114,100,99862,100
2019-06-28 09:36:39.284968321,100048,314,99985,414,100058,100,99970,100,100068,100,99969,100,100069,100,99968,100,100090,100,99957,100,100091,100,99899,100,100097,100,99884,100,100107,100,99866,100,100111,100,99862,100,100114,100,99859,100
2019-06-28 09:36:40.000000000,100058,207,99985,207,100068,204,99970,204,100069,204,99969,204,100090,100,99968,100,100091,100,99957,100,100097,100,99899,100,100107,100,99884,100,100111,100,99866,100,100114,100,99862,100,100132,100,99859,100
2019-06-28 09:36:50.000000000,100058,414,99985,414,100068,100,99970,100,100069,100,99969,100,100090,100,99968,100,100091,100,99957,100,100097,100,99899,100,100107,100,99884,100,100111,100,99866,100,100114,100,99862,100,100132,100,99859,100
2019-06-28 09:37:00.000000000,100058,257,99985,257,100068,257,99970,257,100069,100,99969,100,100090,100,99968,100,100091,100,99957,100,100097,100,99899,100,100107,100,99884,100,100111,100,99866,100,100114,100,99862,100,100132,100,99859,100
2019-06-28 09:37:06.253983260,100058,257,99986,100,100068,257,99985,257,100069,100,99970,257,100090,100,99969,100,100091,100,99968,100,100097,100,99957,100,100107,100,99899,100,100111,100,99884,100,100114,100,99866,100,100132,100,99862,100
2019-06-28 09:37:09.502837999,100058,257,99986,100,100068,257,99985,257,100069,100,99970,257,100090,100,99969,100,100091,100,99968,100,100097,100,99957,100,100107,100,99899,100,100111,100,99884,100,100114,100,99866,100,100132,100,99862,100
2019-06-28 09:37:10.000000000,100058,207,99986,207,100068,204,99985,204,100069,204,99970,204,100090,100,99969,100,100091,100,99968,100,100097,100,99957,100,100107,100,99899,100,100111,100,99884,100,100114,100,99866,100,100132,100,99862,100
2019-06-28 09:37:14.717332139,100058,107,99986,207,100068,204,99985,204,100069,204,99970,204,100090,100,99969,100,100091,100,99968,100,100097,100,99957,100,100107,100,99899,100,100114,100,99884,100,100132,100,99866,100,100143,100,99862,100
2019-06-28 09:37:19.664627530,100058,7,99986,207,100068,204,99985,204,100069,204,99970,204,100090,100,99968,100,100091,100,99957,100,100097,100,99899,100,100107,100,99884,100,100114,100,99866,100,100132,100,99862,100,100143,100,99859,100
2019-06-28 09:37:19.852381701,100058,7,99986,207,100068,204,99985,204,100069,204,99970,204,100090,100,99968,100,100091,100,99957,100,100097,100,99899,100,100107,100,99884,100,100114,100,99866,100,100132,100,99862,100,100143,100,99859,100
2019-06-28 09:37:20.000000000,100068,178,99986,178,100069,178,99985,178,100090,178,99970,178,100091,178,99968,178,100097,100,99957,100,100107,100,99899,100,100114,100,99884,100,100132,100,99866,100,100143,100,99862,100,100149,100,99859,100
2019-06-28 09:37:22.464967544,100068,78,99986,178,100069,178,99985,178,100090,178,99970,178,100091,178,99968,178,100097,100,99957,100,100107,100,99899,100,100114,100,99884,100,100132,100,99866,100,100143,100,99862,100,100149,100,99859,100
2019-06-28 09:37:27.226251738,100069,178,100068,22,100090,178,99986,178,100091,178,99985,178,100097,100,99970,178,100107,100,99968,178,100114,100,99957,100,100132,100,99899,100,100143,100,99884,100,100149,100,99866,100,100162,100,99862,100
2019-06-28 09:37:30.000000000,100069,207,100068,129,100090,204,99986,204,100091,204,99985,204,100097,100,99970,100,100107,100,99968,100,100114,100,99957,100,100132,100,99899,100,100143,100,99884,100,100149,100,99866,100,100162,100,99862,100
2019-06-28 09:37:40.000000000,100069,178,100068,100,100090,178,99986,178,100091,178,99985,178,100097,178,99970,178,100107,100,99968,100,100114,100,99957,100,100132,100,99899,100,100143,100,99884,100,100149,100,99866,100,100162,100,99862,100
2019-06-28 09:37:43.391843519,100069,78,100068,100,100090,178,99986,178,100091,178,99985,178,100097,178,99970,178,100107,100,99968,100,100114,100,99957,100,100132,100,99899,100,100143,100,99884,100,100149,100,99866,100,100162,100,99862,100
2019-06-28 09:37:50.000000000,100090,207,100068,129,100091,204,99986,204,100097,204,99985,204,100107,100,99970,100,100114,100,99968,100,100132,100,99957,100,100143,100,99899,100,100149,100,99884,100,100162,100,99866,100,100166,100,99862,100
2019-06-28 09:38:00.000000000,100090,257,100068,179,100091,257,99986,257,100097,100,99985,100,100107,100,99970,100,100114,100,99968,100,100132,100,99957,100,100143,100,99899,100,100149,100,99884,100,100162,100,99866,100,100166,100,99862,100
2019-06-28 09:38:09.001899510,100090,257,100068,79,100091,257,99986,257,100097,100,99985,100,100107,100,99970,100,100114,100,99968,100,100132,100,99957,100,100143,100,99899,100,100149,100,99884,100,100162,100,99866,100,100166,100,99862,100
2019-06-28 09:38:10.000000000,100090,414,99986,414,100091,100,99985,100,100097,100,99970,100,100107,100,99968,100,100114,100,99957,100,100132,100,99899,100,100143,100,99884,100,100149,100,99866,100,100162,100,99862,100,100166,100,99859,100
2019-06-28 09:38:10.618540290,100090,414,99986,414,100091,100,99985,100,100097,100,99970,100,100107,100,99968,100,100114,100,99957,100,100132,100,99927,100,100143,100,99899,100,100149,100,99884,100,100162,100,99866,100,100166,100,99862,100
2019-06-28 09:38:20.000000000,100090,163,99986,163,100091,163,99985,163,100097,163,99970,163,100107,163,99968,163,100114,163,99957,163,100132,100,99927,100,100143,100,99899,100,100149,100,99884,100,100162,100,99866,100,100166,100,99862,100
2019-06-28 09:38:23.558631781,100090,163,99986,163,100091,163,99985,63,100097,163,99970,163,100107,163,99968,163,100114,163,99957,163,100132,100,99927,100,100143,100,99899,100,100149,100,99884,100,100162,100,99866,100,100166,100,99862,100
2019-06-28 09:38:30.000000000,100090,163,99986,163,100091,163,99970,163,100097,163,99968,163,100107,163,99957,163,100114,163,99927,163,100132,100,99899,100,100143,100,99884,100,100149,100,99866,100,100162,100,99862,100,100166,100,99859,100
2019-06-28 09:38:40.000000000,100090,414,99986,414,100091,100,99970,100,100097,100,99968,100,100107,100,99957,100,100114,100,99927,100,100132,100,99899,100,100143,100,99884,100,100149,100,99866,100,100162,100,99862,100,100166,100,99859,100
2019-06-28 09:38:41.365347087,100090,414,99986,414,100091,100,99970,100,100097,100,99968,100,100107,100,99957,100,100114,100,99927,100,100132,100,99899,100,100143,100,99884,100,100149,100,99866,100,100162,100,99862,100,100166,100,99859,100
2019-06-28 09:38:41.758991505,100090,414,99986,314,100091,100,99970,100,100097,100,99968,100,100107,100,99957,100,100114,100,99927,100,100132,100,99899,100,100143,100,99884,100,100149,100,99866,100,100162,100,99862,100,100166,100,99859,100
2019-06-28 09:38:50.000000000,100090,178,99970,178,100091,178,99968,178,100097,178,99957,178,100107,178,99927,178,100114,100,99899,100,100132,100,99884,100,100143,100,99866,100,100149,100,99862,100,100162,100,99859,100,100166,100,99840,100
2019-06-28 09:39:00.000000000,100090,207,99970,207,100091,204,99968,204,100097,204,99957,204,100107,100,99927,100,100114,100,99899,100,100132,100,99884,100,100143,100,99866,100,100149,100,99862,100,100162,100,99859,100,100166,100,99840,100
2019-06-28 09:39:02.666443673,100090,207,99987,100,100091,204,99970,207,100097,204,99968,204,100107,100,99957,204,100114,100,99927,100,100132,100,99899,100,100143,100,99884,100,100149,100,99866,100,100162,100,99862,100,100166,100,99859,100
2019-06-28 09:39:05.653647057,100090,207,99987,100,100091,204,99970,207,100097,204,99968,204,100107,100,99957,204,100114,100,99927,100,100132,100,99899,100,100143,100,99884,100,100149,100,99877,100,100162,100,99866,100,100166,100,99862,100
2019-06-28 09:39:10.000000000,100090,257,99987,257,100091,257,99970,257,100097,100,99968,100,100107,100,99957,100,100114,100,99927,100,100132,100,99899,100,100143,100,99884,100,100149,100,99877,100,100162,100,99866,100,100166,100,99862,100
2019-06-28 09:39:18.077479601,100090,157,99987,257,100091,257,99970,257,100097,100,99968,100,100107,100,99957,100,100114,100,99927,100,100132,100,99899,100,100143,100,99884,100,100149,100,99877,100,100162,100,99866,100,100166,100,99862,100
2019-06-28 09:39:20.000000000,100091,414,99987,414,100097,100,99970,100,100107,100,99968,100,100114,100,99957,100,100132,100,99927,100,100143,100,99899,100,100149,100,99884,100,100162,100,99877,100,100166,100,99866,100,100250,100,99862,100
2019-06-28 09:39:30.000000000,100091,207,99987,207,100097,204,99970,204,100107,204,99968,204,100114,100,99957,100,100132,100,99927,100,100143,100,99899,100,100149,100,99884,100,100162,100,99877,100,100166,100,99866,100,100250,100,99862,100
2019-06-28 09:39:40.000000000,100091,163,99987,163,100097,163,99970,163,100107,163,99968,163,100114,163,99957,163,100132,163,99927,163,100143,100,99899,100,100149,100,99884,100,100162,100,99877,100,100166,100,99866,100,100250,100,99862,100
2019-06-28 09:39:42.211670844,100091,163,99987,163,100097,163,99970,163,100107,163,99968,163,100114,163,99957,163,100132,163,99951,100,100143,100,99927,163,100149,100,99899,100,100162,100,99884,100,100166,100,99877,100,100250,100,99866,100
2019-06-28 09:39:50.000000000,100091,178,99987,178,100097,178,99970,178,100107,178,99968,178,100114,178,99957,178,100132,100,99951,100,100143,100,99927,100,100149,100,99899,100,100162,100,99884,100,100166,100,99877,100,100250,100,99866,100
2019-06-28 09:40:00.000000000,100091,414,99987,414,100097,100,99970,100,100107,100,99968,100,100114,100,99957,100,100132,100,99951,100,100143,100,99927,100,100149,100,99899,100,100162,100,99884,100,100166,100,99877,100,100250,100,99866,100
2019-06-28 09:40:10.000000000,100091,163,99987,163,100097,163,99970,163,100107,163,99968,163,100114,163,99957,163,100132,163,99951,163,100143,100,99927,100,100149,100,99899,100,100162,100,99884,100,100166,100,99877,100,100250,100,99866,100
2019-06-28 09:40:13.311206315,100089,100,99987,163,100091,163,99970,163,100097,163,99968,163,100107,163,99957,163,100114,163,99951,163,100132,163,99927,100,100143,100,99899,100,100149,100,99884,100,100162,100,99877,100,100166,100,99866,100
2019-06-28 09:40:15.598038697,100089,100,99987,163,100091,163,99970,163,100097,163,99968,163,100107,163,99957,163,100114,163,99951,163,100132,163,99927,100,100143,100,99899,100,100149,100,99884,100,100162,100,99877,100,100166,100,99866,100
2019-06-28 09:40:20.000000000,100089,163,99987,163,100091,163,99970,163,100097,163,99968,163,100107,163,99957,163,100114,163,99951,163,100132,100,99927,100,100143,100,99899,100,100149,100,99884,100,100162,100,99877,100,100166,100,99866,100
2019-06-28 09:40:28.859805892,100089,163,99987,63,100091,163,99970,163,100097,163,99968,163,100107,163,99957,163,100114,163,99951,163,100132,100,99927,100,100143,100,99899,100,100149,100,99884,100,100162,100,99877,100,100166,100,99866,100
2019-06-28 09:40:30.000000000,100089,207,99970,207,100091,204,99968,204,100097,204,99957,204,100107,100,99951,100,100114,100,99927,100,100132,100,99899,100,100143,100,99884,100,100149,100,99877,100,100162,100,99866,100,100166,100,99862,100
2019-06-28 09:40:32.524960859,99976,100,99970,207,100089,207,99968,204,100091,204,99957,204,100097,204,99951,100,100107,100,99927,100,100114,100,99899,100,100132,100,99884,100,100143,100,99877,100,100149,100,99866,100,100162,100,99862,100
2019-06-28 09:40:40.000000000,99976,257,99970,257,100089,257,99968,257,100091,100,99957,100,100097,100,99951,100,100107,100,99927,100,100114,100,99899,100,100132,100,99884,100,100143,100,99877,100,100149,100,99866,100,100162,100,99862,100
2019-06-28 09:40:43.401746754,99976,257,99970,257,100089,257,99968,257,100091,100,99951,100,100097,100,99927,100,100107,100,99899,100,100114,100,99884,100,100132,100,99877,100,100133,100,99866,100,100143,100,99862,100,100149,100,99859,100
2019-06-28 09:40:50.000000000,99976,207,99970,207,100089,204,99968,204,100091,204,99951,204,100097,100,99927,100,100107,100,99899,100,100114,100,99884,100,100132,100,99877,100,100133,100,99866,100,100143,100,99862,100,100149,100,99859,100
2019-06-28 09:41:00.000000000,99976,257,99970,257,100089,257,99968,257,100091,100,99951,100,100097,100,99927,100,100107,100,99899,100,100114,100,99884,100,100132,100,99877,100,100133,100,99866,100,100143,100,99862,100,100149,100,99859,100
2019-06-28 09:41:08.611054982,99976,257,99970,157,100089,257,99968,257,100091,100,99951,100,100097,100,99927,100,100107,100,99899,100,100114,100,99884,100,100132,100,99877,100,100133,100,99866,100,100143,100,99862,100,100149,100,99859,100
2019-06-28 09:41:09.666860727,99975,100,99970,157,99976,257,99968,257,100089,257,99951,100,100091,100,99927,100,100097,100,99899,100,100107,100,99884,100,100114,100,99877,100,100132,100,99866,100,100133,100,99862,100,100143,100,99859,100
2019-06-28 09:41:10.000000000,99975,207,99968,207,99976,204,99951,204,100089,204,99927,204,100091,100,99899,100,100097,100,99884,100,100107,100,99877,100,100114,100,99866,100,100132,100,99862,100,100133,100,99859,100,100143,100,99840,100
2019-06-28 09:41:20.000000000,99975,178,99968,178,99976,178,99951,178,100089,178,99927,178,100091,178,99899,178,100097,100,99884,100,100107,100,99877,100,100114,100,99866,100,100132,100,99862,100,100133,100,99859,100,100143,100,99840,100
2019-06-28 09:41:30.000000000,99975,207,99968,207,99976,204,99951,204,100089,204,99927,204,100091,100,99899,100,100097,100,99884,100,100107,100,99877,100,100114,100,99866,100,100132,100,99862,100,100133,100,99859,100,100143,100,99840,100
2019-06-28 09:41:40.000000000,99975,163,99968,163,99976,163,99951,163,100089,163,99927,163,100091,163,99899,163,100097,163,99884,163,100107,100,99877,100,100114,100,99866,100,100132,100,99862,100,100133,100,99859,100,100143,100,99840,100
2019-06-28 09:41:41.076677766,99975,63,99968,163,99976,163,99951,163,100089,163,99927,163,100091,163,99899,163,100097,163,99884,163,100107,100,99877,100,100114,100,99866,100,100132,100,99862,100,100133,100,99859,100,100143,100,99840,100
2019-06-28 09:41:50.000000000,99976,207,99968,207,100089,204,99951,204,100091,204,99927,204,100097,100,99899,100,100107,100,99884,100,100114,100,99877,100,100132,100,99866,100,100133,100,99862,100,100143,100,99859,100,100149,100,99840,100
2019-06-28 09:42:00.000000000,99976,257,99968,257,100089,257,99951,257,100091,100,99927,100,100097,100,99899,100,100107,100,99884,100,100114,100,99877,100,100132,100,99866,100,100133,100,99862,100,100143,100,99859,100,100149,100,99840,100
2019-06-28 09:42:05.635706895,99976,257,99968,257,100047,100,99951,257,100089,257,99927,100,100091,100,99899,100,100097,100,99884,100,100107,100,99877,100,100132,100,99866,100,100133,100,99862,100,100143,100,99859,100,100149,100,99840,100
2019-06-28 09:42:10.000000000,99976,257,99968,257,100047,257,99951,257,100089,100,99927,100,100091,100,99899,100,100097,100,99884,100,100107,100,99877,100,100132,100,99866,100,100133,100,99862,100,100143,100,99859,100,100149,100,99840,100
2019-06-28 09:42:10.633849863,99976,257,99968,157,100047,257,99951,257,100089,100,99927,100,100091,100,99899,100,100097,100,99884,100,100107,100,99877,100,100132,100,99866,100,100133,100,99862,100,100143,100,99859,100,100149,100,99840,100
2019-06-28 09:42:13.429152215,99976,257,99968,57,100047,257,99951,257,100089,100,99927,100,100091,100,99899,100,100097,100,99884,100,100107,100,99877,100,100132,100,99866,100,100133,100,99862,100,100143,100,99859,100,100149,100,99840,100
2019-06-28 09:42:20.000000000,99976,178,99951,178,100047,178,99927,178,100089,178,99899,178,100091,178,99884,178,100097,100,99877,100,100107,100,99866,100,100132,100,99862,100,100133,100,99859,100,100143,100,99840,100,100149,100,99836,100
2019-06-28 09:42:21.108419246,99968,100,99951,178,99976,178,99927,178,100047,178,99899,178,100089,178,99884,178,100091,178,99877,100,100097,100,99866,100,100107,100,99862,100,100132,100,99859,100,100133,100,99840,100,100143,100,99836,100
2019-06-28 09:42:27.040602737,99968,100,99951,78,99976,178,99927,178,100047,178,99899,178,100089,178,99884,178,100091,178,99877,100,100097,100,99866,100,100107,100,99862,100,100132,100,99859,100,100133,100,99840,100,100143,100,99835,100
2019-06-28 09:42:30.000000000,99968,257,99927,257,99976,257,99899,257,100047,100,99884,100,100089,100,99877,100,100091,100,99866,100,100097,100,99862,100,100107,100,99859,100,100132,100,99840,100,100133,100,99835,100,100143,100,99712,100
2019-06-28 09:42:40.000000000,99968,178,99927,178,99976,178,99899,178,100047,178,99884,178,100089,178,99877,178,100091,100,99866,100,100097,100,99862,100,100107,100,99859,100,100132,100,99840,100,100133,100,99835,100,100143,100,99712,100
2019-06-28 09:42:47.081209988,99968,178,99952,100,99976,178,99927,178,100047,178,99899,178,100089,178,99884,178,100091,100,99877,178,100097,100,99866,100,100107,100,99862,100,100132,100,99859,100,100133,100,99840,100,100143,100,99835,100
2019-06-28 09:42:47.535841171,99968,78,99952,100,99976,178,99927,178,100047,178,99899,178,100089,178,99884,178,100091,100,99877,178,100097,100,99862,100,100107,100,99859,100,100132,100,99840,100,100133,100,99835,100,100143,100,99712,100
2019-06-28 09:42:50.000000000,99976,178,99952,178,100047,178,99927,178,100089,178,99899,178,100091,178,99884,178,100097,100,99877,100,100107,100,99862,100,100132,100,99859,100,100133,100,99840,100,100143,100,99835,100,100149,100,99712,100
2019-06-28 09:42:57.168061737,99976,178,99952,178,100047,178,99949,100,100089,178,99927,178,100091,178,99899,178,100097,100,99884,178,100107,100,99877,100,100132,100,99862,100,100133,100,99859,100,100143,100,99840,100,100149,100,99835,100
2019-06-28 09:43:00.000000000,99976,207,99952,207,100047,204,99949,204,100089,204,99927,204,100091,100,99899,100,100097,100,99884,100,100107,100,99877,100,100132,100,99862,100,100133,100,99859,100,100143,100,99840,100,100149,100,99835,100
2019-06-28 09:43:10.000000000,99976,414,99952,414,100047,100,99949,100,100089,100,99927,100,100091,100,99899,100,100097,100,99884,100,100107,100,99877,100,100132,100,99862,100,100133,100,99859,100,100143,100,99840,100,100149,100,99835,100
2019-06-28 09:43:18.548643279,99976,414,99952,414,100047,100,99949,100,100089,100,99927,100,100091,100,99899,100,100097,100,99884,100,100107,100,99877,100,100132,100,99862,100,100133,100,99859,100,100143,100,99840,100,100149,100,99835,100
2019-06-28 09:43:20.000000000,99976,414,99952,414,100047,100,99949,100,100089,100,99927,100,100091,100,99899,100,100097,100,99884,100,100107,100,99877,100,100132,100,99862,100,100133,100,99859,100,100143,100,99840,100,100149,100,99835,100
2019-06-28 09:43:21.395895824,99976,414,99952,414,100047,100,99949,100,100089,100,99927,100,100091,100,99899,100,100097,100,99884,100,100107,100,99877,100,100132,100,99862,100,100133,100,99859,100,100143,100,99840,100,100149,100,99835,100
2019-06-28 09:43:30.000000000,99976,163,99952,163,100047,163,99949,163,100089,163,99927,163,100091,163,99899,163,100097,163,99884,163,100107,100,99877,100,100132,100,99862,100,100133,100,99859,100,100143,100,99840,100,100149,100,99835,100
2019-06-28 09:43:40.000000000,99976,257,99952,257,100047,257,99949,257,100089,100,99927,100,100091,100,99899,100,100097,100,99884,100,100107,100,99877,100,100132,100,99862,100,100133,100,99859,100,100143,100,99840,100,100149,100,99835,100
2019-06-28 09:43:44.667666856,99976,257,99952,257,100047,257,99949,257,100089,100,99927,100,100091,100,99923,100,100097,100,99899,100,100107,100,99884,100,100132,100,99877,100,100133,100,99862,100,100143,100,99859,100,100149,100,99835,100
2019-06-28 09:43:50.000000000,99976,207,99952,207,100047,204,99949,204,100089,204,99927,204,100091,100,99923,100,100097,100,99899,100,100107,100,99884,100,100132,100,99877,100,100133,100,99862,100,100143,100,99859,100,100149,100,99835,100
2019-06-28 09:43:51.905643168,99976,207,99953,100,100047,204,99952,207,100089,204,99949,204,100091,100,99927,204,100097,100,99923,100,100107,100,99899,100,100132,100,99884,100,100133,100,99877,100,100143,100,99862,100,100149,100,99859,100
2019-06-28 09:44:00.000000000,99976,257,99953,257,100047,257,99952,257,100089,100,99949,100,100091,100,99927,100,100097,100,99923,100,100107,100,99899,100,100132,100,99884,100,100133,100,99877,100,100143,100,99862,100,100149,100,99859,100
2019-06-28 09:44:10.000000000,99976,178,99953,178,100047,178,99952,178,100089,178,99949,178,100091,178,99927,178,100097,100,99923,100,100107,100,99899,100,100132,100,99884,100,100133,100,99877,100,100143,100,99862,100,100149,100,99859,100
2019-06-28 09:44:13.537701620,99976,178,99960,100,100047,178,99953,178,100089,178,99952,178,100091,178,99949,178,100097,100,99927,178,100107,100,99923,100,100132,100,99899,100,100133,100,99884,100,100143,100,99877,100,100149,100,99862,100
2019-06-28 09:44:20.000000000,99976,414,99960,414,100047,100,99953,100,100089,100,99952,100,100091,100,99949,100,100097,100,99927,100,100107,100,99923,100,100132,100,99899,100,100133,100,99884,100,100143,100,99877,100,100149,100,99862,100
2019-06-28 09:44:30.000000000,99976,178,99960,178,100047,178,99953,178,100089,178,99952,178,100091,178,99949,178,100097,100,99927,100,100107,100,99923,100,100132,100,99899,100,100133,100,99884,100,100143,100,99877,100,100149,100,99862,100
2019-06-28 09:44:35.093255842,99976,178,99960,178,100047,178,99953,178,100089,178,99952,178,100091,178,99949,178,100097,100,99927,100,100107,100,99923,100,100132,100,99899,100,100133,100,99884,100,100149,100,99877,100,100162,100,99874,100
2019-06-28 09:44:40.000000000,99976,178,99960,178,100047,178,99953,178,100089,178,99952,178,100091,178,99949,178,100097,100,99927,100,100107,100,99923,100,100132,100,99899,100,100133,100,99884,100,100149,100,99877,100,100162,100,99874,100
2019-06-28 09:44:47.221479247,99967,100,99960,178,99976,178,99953,178,100047,178,99952,178,100089,178,99949,178,100091,178,99927,100,100097,100,99923,100,100107,100,99899,100,100132,100,99884,100,100133,100,99877,100,100149,100,99874,100
2019-06-28 09:44:50.000000000,99967,414,99960,414,99976,100,99953,100,100047,100,99952,100,100089,100,99949,100,100091,100,99927,100,100097,100,99923,100,100107,100,99899,100,100132,100,99884,100,100133,100,99877,100,100149,100,99874,100
2019-06-28 09:44:53.143061165,99967,314,99960,414,99976,100,99953,100,100047,100,99952,100,100089,100,99949,100,100091,100,99927,100,100097,100,99923,100,100107,100,99899,100,100132,100,99884,100,100133,100,99877,100,100149,100,99874,100
2019-06-28 09:44:53.266254583,99967,314,99960,414,99976,100,99953,100,100089,100,99952,100,100091,100,99949,100,100097,100,99927,100,100107,100,99923,100,100132,100,99899,100,100133,100,99884,100,100149,100,99877,100,100212,100,99874,100
2019-06-28 09:45:00.000000000,99976,178,99960,178,100089,178,99953,178,100091,178,99952,178,100097,178,99949,178,100107,100,99927,100,100132,100,99923,100,100133,100,99899,100,100149,100,99884,100,100212,100,99877,100,100250,100,99874,100
2019-06-28 09:45:10.000000000,99976,178,99960,178,100089,178,99953,178,100091,178,99952,178,100097,178,99949,178,100107,100,99927,100,100132,100,99923,100,100133,100,99899,100,100149,100,99884,100,100212,100,99877,100,100250,100,99874,100
2019-06-28 09:45:13.669140187,99976,178,99960,178,100089,78,99953,178,100091,178,99952,178,100097,178,99949,178,100107,100,99927,100,100132,100,99923,100,100133,100,99899,100,100149,100,99884,100,100212,100,99877,100,100250,100,99874,100
2019-06-28 09:45:20.000000000,99976,257,99960,257,100091,257,99953,257,100097,100,99952,100,100107,100,99949,100,100132,100,99927,100,100133,100,99923,100,100149,100,99899,100,100212,100,99884,100,100250,100,99877,100,100430,100,99874,100
2019-06-28 09:45:30.000000000,99976,178,99960,178,100091,178,99953,178,100097,178,99952,178,100107,178,99949,178,100132,100,99927,100,100133,100,99923,100,100149,100,99899,100,100212,100,99884,100,100250,100,99877,100,100430,100,99874,100
2019-06-28 09:45:39.844829929,99976,178,99960,178,100080,100,99953,178,100091,178,99952,178,100097,178,99949,178,100107,178,99927,100,100132,100,99923,100,100133,100,99899,100,100149,100,99884,100,100212,100,99877,100,100250,100,99874,100
2019-06-28 09:45:40.000000000,99976,414,99960,414,100080,100,99953,100,100091,100,99952,100,100097,100,99949,100,100107,100,99927,100,100132,100,99923,100,100133,100,99899,100,100149,100,99884,100,100212,100,99877,100,100250,100,99874,100
2019-06-28 09:45:40.020558762,99976,414,99967,100,100080,100,99960,414,100091,100,99953,100,100097,100,99952,100,100107,100,99949,100,100132,100,99927,100,100133,100,99923,100,100149,100,99899,100,100212,100,99884,100,100250,100,99877,100
2019-06-28 09:45:45.072029174,99976,314,99967,100,100080,100,99960,414,100091,100,99953,100,100097,100,99952,100,100107,100,99927,100,100132,100,99923,100,100133,100,99899,100,100149,100,99884,100,100212,100,99877,100,100250,100,99874,100
2019-06-28 09:45:50.000000000,100080,207,99967,207,100091,204,99960,204,100097,204,99953,204,100107,100,99952,100,100132,100,99927,100,100133,100,99923,100,100149,100,99899,100,100212,100,99884,100,100250,100,99877,100,100480,100,99874,100
2019-06-28 09:46:00.000000000,100080,163,99967,163,100091,163,99960,163,100097,163,99953,163,100107,163,99952,163,100132,163,99927,163,100133,100,99923,100,100149,100,99899,100,100212,100,99884,100,100250,100,99877,100,100480,100,99874,100
2019-06-28 09:46:10.000000000,100080,207,99967,207,100091,204,99960,204,100097,204,99953,204,100107,100,99952,100,100132,100,99927,100,100133,100,99923,100,100149,100,99899,100,100212,100,99884,100,100250,100,99877,100,100480,100,99874,100
2019-06-28 09:46:20.000000000,100080,207,99967,207,100091,204,99960,204,100097,204,99953,204,100107,100,99952,100,100132,100,99927,100,100133,100,99923,100,100149,100,99899,100,100212,100,99884,100,100250,100,99877,100,100480,100,99874,100
2019-06-28 09:46:30.000000000,100080,178,99967,178,100091,178,99960,178,100097,178,99953,178,100107,178,99952,178,100132,100,99927,100,100133,100,99923,100,100149,100,99899,100,100212,100,99884,100,100250,100,99877,100,100480,100,99874,100
2019-06-28 09:46:40.000000000,100080,414,99967,414,100091,100,99960,100,100097,100,99953,100,100107,100,99952,100,100132,100,99927,100,100133,100,99923,100,100149,100,99899,100,100212,100,99884,100,100250,100,99877,100,100480,100,99874,100
2019-06-28 09:46:42.934324960,100080,414,99968,100,100091,100,99967,414,100097,100,99960,100,100107,100,99953,100,100132,100,99952,100,100133,100,99927,100,100149,100,99923,100,100212,100,99899,100,100250,100,99884,100,100480,100,99877,100
2019-06-28 09:46:50.000000000,100080,414,99968,414,100091,100,99967,100,100097,100,99960,100,100107,100,99953,100,100132,100,99952,100,100133,100,99927,100,100149,100,99923,100,100212,100,99899,100,100250,100,99884,100,100480,100,99877,100
2019-06-28 09:46:50.232816257,100080,414,99968,414,100091,100,99967,100,100097,100,99960,100,100107,100,99953,100,100132,100,99952,100,100133,100,99927,100,100149,100,99923,100,100212,100,99899,100,100250,100,99884,100,100480,100,99877,100
2019-06-28 09:46:58.890872021,100080,414,99968,414,100091,100,99967,100,100097,100,99960,100,100107,100,99953,100,100132,100,99952,100,100133,100,99927,100,100149,100,99923,100,100212,100,99899,100,100250,100,99884,100,100480,100,99877,100
2019-06-28 09:47:00.000000000,100080,257,99968,257,100091,257,99967,257,100097,100,99960,100,100107,100,99953,100,100132,100,99952,100,100133,100,99927,100,100149,100,99923,100,100212,100,99899,100,100250,100,99884,100,100480,100,99877,100
2019-06-28 09:47:10.000000000,100080,207,99968,207,100091,204,99967,204,100097,204,99960,204,100107,100,99953,100,100132,100,99952,100,100133,100,99927,100,100149,100,99923,100,100212,100,99899,100,100250,100,99884,100,100480,100,99877,100
2019-06-28 09:47:20.000000000,100080,257,99968,257,100091,257,99967,257,100097,100,99960,100,100107,100,99953,100,100132,100,99952,100,100133,100,99927,100,100149,100,99923,100,100212,100,99899,100,100250,100,99884,100,100480,100,99877,100
2019-06-28 09:47:21.197178338,100080,157,99968,257,100091,257,99967,257,100097,100,99960,100,100107,100,99953,100,100132,100,99952,100,100133,100,99927,100,100149,100,99923,100,100212,100,99899,100,100250,100,99884,100,100480,100,99877,100
2019-06-28 09:47:30.000000000,100091,163,99968,163,100097,163,99967,163,100107,163,99960,163,100132,163,99953,163,100133,163,99952,163,100149,100,99927,100,100212,100,99923,100,100250,100,99899,100,100480,100,99884,100,100690,100,99877,100
2019-06-28 09:47:33.839210423,100091,63,99968,163,100097,163,99967,163,100107,163,99960,163,100132,163,99953,163,100133,163,99952,163,100149,100,99927,100,100212,100,99923,100,100250,100,99899,100,100480,100,99884,100,100690,100,99877,100
2019-06-28 09:47:40.000000000,100097,207,99968,207,100107,204,99967,204,100132,204,99960,204,100133,100,99953,100,100149,100,99952,100,100212,100,99927,100,100250,100,99923,100,100480,100,99899,100,100690,100,99884,100,100716,100,99877,100
2019-06-28 09:47:50.000000000,100097,414,99968,414,100107,100,99967,100,100132,100,99960,100,100133,100,99953,100,100149,100,99952,100,100212,100,99927,100,100250,100,99923,100,100480,100,99899,100,100690,100,99884,100,100716,100,99877,100
2019-06-28 09:47:54.960728659,100097,414,99968,414,100107,100,99967,100,100132,100,99960,100,100133,100,99953,100,100149,100,99952,100,100212,100,99927,100,100250,100,99923,100,100446,100,99899,100,100480,100,99884,100,100690,100,99877,100
2019-06-28 09:48:00.000000000,100097,163,99968,163,100107,163,99967,163,100132,163,99960,163,100133,163,99953,163,100149,163,99952,163,100212,100,99927,100,100250,100,99923,100,100446,100,99899,100,100480,100,99884,100,100690,100,99877,100
2019-06-28 09:48:06.322847208,100097,63,99968,163,100107,163,99967,163,100132,163,99960,163,100133,163,99953,163,100149,163,99952,163,100212,100,99927,100,100250,100,99923,100,100446,100,99899,100,100480,100,99884,100,100690,100,99877,100
2019-06-28 09:48:06.548592612,100097,63,99968,63,100107,163,99967,163,100132,163,99960,163,100133,163,99953,163,100149,163,99952,163,100212,100,99927,100,100250,100,99923,100,100446,100,99899,100,100480,100,99884,100,100690,100,99877,100
2019-06-28 09:48:10.000000000,100107,414,99967,414,100132,100,99960,100,100133,100,99953,100,100149,100,99952,100,100212,100,99927,100,100250,100,99923,100,100446,100,99899,100,100480,100,99884,100,100690,100,99877,100,100716,100,99874,100
2019-06-28 09:48:20.000000000,100107,207,99967,207,100132,204,99960,204,100133,204,99953,204,100149,100,99952,100,100212,100,99927,100,100250,100,99923,100,100446,100,99899,100,100480,100,99884,100,100690,100,99877,100,100716,100,99874,100
2019-06-28 09:48:30.000000000,100107,207,99967,207,100132,204,99960,204,100133,204,99953,204,100149,100,99952,100,100212,100,99927,100,100250,100,99923,100,100446,100,99899,100,100480,100,99884,100,100690,100,99877,100,100716,100,99874,100
2019-06-28 09:48:40.000000000,100107,207,99967,207,100132,204,99960,204,100133,204,99953,204,100149,100,99952,100,100212,100,99927,100,100250,100,99923,100,100446,100,99899,100,100480,100,99884,100,100690,100,99877,100,100716,100,99874,100
2019-06-28 09:48:50.000000000,100107,257,99967,257,100132,257,99960,257,100133,100,99953,100,100149,100,99952,100,100212,100,99927,100,100250,100,99923,100,100446,100,99899,100,100480,100,99884,100,100690,100,99877,100,100716,100,99874,100
2019-06-28 09:49:00.000000000,100107,257,99967,257,100132,257,99960,257,100133,100,99953,100,100149,100,99952,100,100212,100,99927,100,100250,100,99923,100,100446,100,99899,100,100480,100,99884,100,100690,100,99877,100,100716,100,99874,100
2019-06-28 09:49:04.889447879,100107,257,100091,100,100132,257,99967,257,100133,100,99960,257,100149,100,99953,100,100212,100,99952,100,100250,100,99927,100,100446,100,99923,100,100480,100,99899,100,100690,100,99884,100,100716,100,99877,100
2019-06-28 09:49:10.000000000,100107,207,100091,207,100132,204,99967,204,100133,204,99960,204,100149,100,99953,100,100212,100,99952,100,100250,100,99927,100,100446,100,99923,100,100480,100,99899,100,100690,100,99884,100,100716,100,99877,100
2019-06-28 09:49:20.000000000,100107,414,100091,414,100132,100,99967,100,100133,100,99960,100,100149,100,99953,100,100212,100,99952,100,100250,100,99927,100,100446,100,99923,100,100480,100,99899,100,100690,100,99884,100,100716,100,99877,100
2019-06-28 09:49:30.000000000,100107,163,100091,163,100132,163,99967,163,100133,163,99960,163,100149,163,99953,163,100212,163,99952,163,100250,100,99927,100,100446,100,99923,100,100480,100,99899,100,100690,100,99884,100,100716,100,99877,100
2019-06-28 09:49:30.131048789,100107,163,100091,163,100132,163,99967,163,100133,163,99960,163,100149,163,99953,63,100212,163,99952,163,100250,100,99927,100,100446,100,99923,100,100480,100,99899,100,100690,100,99884,100,100716,100,99877,100
2019-06-28 09:49:40.000000000,100107,163,100091,163,100132,163,99967,163,100133,163,99960,163,100149,163,99952,163,100212,163,99927,163,100250,100,99923,100,100446,100,99899,100,100480,100,99884,100,100690,100,99877,100,100716,100,99874,100
2019-06-28 09:49:45.526075828,100107,163,100091,163,100132,163,99967,163,100133,163,99960,163,100149,163,99952,163,100212,163,99927,163,100250,100,99923,100,100446,100,99899,100,100480,100,99884,100,100690,100,99877,100,100716,100,99862,100
2019-06-28 09:49:50.000000000,100107,414,100091,414,100132,100,99967,100,100133,100,99960,100,100149,100,99952,100,100212,100,99927,100,100250,100,99923,100,100446,100,99899,100,100480,100,99884,100,100690,100,99877,100,100716,100,99862,100
2019-06-28 09:50:00.000000000,100107,163,100091,163,100132,163,99967,163,100133,163,99960,163,100149,163,99952,163,100212,163,99927,163,100250,100,99923,100,100446,100,99899,100,100480,100,99884,100,100690,100,99877,100,100716,100,99862,100
2019-06-28 09:50:09.030893191,100107,163,100091,63,100132,163,99967,163,100133,163,99960,163,100149,163,99952,163,100212,163,99927,163,100250,100,99923,100,100446,100,99899,100,100480,100,99884,100,100690,100,99877,100,100716,100,99862,100
2019-06-28 09:50:10.000000000,100107,163,99967,163,100132,163,99960,163,100133,163,99952,163,100149,163,99927,163,100212,163,99923,163,100250,100,99899,100,100446,100,99884,100,100480,100,99877,100,100690,100,99862,100,100716,100,99859,100
2019-06-28 09:50:18.015401543,100107,163,99967,163,100132,163,99960,163,100133,163,99952,163,100149,163,99927,163,100175,100,99923,163,100212,163,99899,100,100250,100,99884,100,100446,100,99877,100,100480,100,99862,100,100690,100,99859,100
2019-06-28 09:50:20.000000000,100107,207,99967,207,100132,204,99960,204,100133,204,99952,204,100149,100,99927,100,100175,100,99923,100,100212,100,99899,100,100250,100,99884,100,100446,100,99877,100,100480,100,99862,100,100690,100,99859,100
2019-06-28 09:50:25.224540730,100107,207,99967,107,100132,204,99960,204,100133,204,99952,204,100149,100,99927,100,100175,100,99923,100,100212,100,99899,100,100250,100,99884,100,100480,100,99877,100,100690,100,99862,100,100716,100,99859,100
2019-06-28 09:50:30.000000000,100107,257,99960,257,100132,257,99952,257,100133,100,99927,100,100149,100,99923,100,100175,100,99899,100,100212,100,99884,100,100250,100,99877,100,100480,100,99862,100,100690,100,99859,100,100716,100,99858,100
2019-06-28 09:50:40.000000000,100107,414,99960,414,100132,100,99952,100,100133,100,99927,100,100149,100,99923,100,100175,100,99899,100,100212,100,99884,100,100250,100,99877,100,100480,100,99862,100,100690,100,99859,100,100716,100,99858,100
2019-06-28 09:50:50.000000000,100107,178,99960,178,100132,178,99952,178,100133,178,99927,178,100149,178,99923,178,100175,100,99899,100,100212,100,99884,100,100250,100,99877,100,100480,100,99862,100,100690,100,99859,100,100716,100,99858,100
2019-06-28 09:51:00.000000000,100107,257,99960,257,100132,257,99952,257,100133,100,99927,100,100149,100,99923,100,100175,100,99899,100,100212,100,99884,100,100250,100,99877,100,100480,100,99862,100,100690,100,99859,100,100716,100,99858,100
2019-06-28 09:51:10.000000000,100107,207,99960,207,100132,204,99952,204,100133,204,99927,204,100149,100,99923,100,100175,100,99899,100,100212,100,99884,100,100250,100,99877,100,100480,100,99862,100,100690,100,99859,100,100716,100,99858,100
2019-06-28 09:51:18.743533749,100107,107,99960,207,100132,204,99952,204,100133,204,99927,204,100149,100,99923,100,100175,100,99899,100,100212,100,99884,100,100250,100,99877,100,100480,100,99862,100,100690,100,99859,100,100716,100,99858,100
2019-06-28 09:51:20.000000000,100132,207,99960,207,100133,204,99952,204,100149,204,99927,204,100175,100,99923,100,100212,100,99899,100,100250,100,99884,100,100480,100,99877,100,100690,100,99862,100,100716,100,99859,100,,,99858,100
2019-06-28 09:51:30.000000000,100132,178,99960,178,100133,178,99952,178,100149,178,99927,178,100175,178,99923,178,100212,100,99899,100,100250,100,99884,100,100480,100,99877,100,100690,100,99862,100,100716,100,99859,100,,,99858,100
2019-06-28 09:51:38.409144082,100132,178,99960,178,100133,178,99952,178,100149,178,99927,178,100175,178,99923,178,100212,100,99899,100,100250,100,99884,100,100480,100,99877,100,100690,100,99862,100,100716,100,99859,100,100883,100,99858,100
2019-06-28 09:51:40.000000000,100132,414,99960,414,100133,100,99952,100,100149,100,99927,100,100175,100,99923,100,100212,100,99899,100,100250,100,99884,100,100480,100,99877,100,100690,100,99862,100,100716,100,99859,100,100883,100,99858,100
2019-06-28 09:51:48.829190034,100132,314,99960,414,100133,100,99952,100,100149,100,99927,100,100212,100,99923,100,100250,100,99899,100,100480,100,99884,100,100690,100,99877,100,100716,100,99862,100,100883,100,99859,100,,,99858,100
2019-06-28 09:51:50.000000000,100133,163,99960,163,100149,163,99952,163,100212,163,99927,163,100250,163,99923,163,100480,163,99899,163,100690,100,99884,100,100716,100,99877,100,100883,100,99862,100,,,99859,100,,,99858,100
2019-06-28 09:51:51.670748832,100133,163,99960,163,100149,163,99952,163,100212,163,99927,163,100250,163,99923,163,100480,163,99899,163,100690,100,99884,100,100716,100,99877,100,100757,100,99862,100,100883,100,99859,100,,,99858,100
2019-06-28 09:51:51.692169058,100133,163,99960,163,100149,163,99952,163,100212,163,99927,163,100250,163,99923,163,100480,163,99899,163,100690,100,99884,100,100716,100,99877,100,100757,100,99862,100,100802,100,99859,100,100883,100,99858,100
2019-06-28 09:52:00.000000000,100133,163,99960,163,100149,163,99952,163,100212,163,99927,163,100250,163,99923,163,100480,163,99899,163,100690,100,99884,100,100716,100,99877,100,100757,100,99862,100,100802,100,99859,100,100883,100,99858,100
2019-06-28 09:52:10.000000000,100133,414,99960,414,100149,100,99952,100,100212,100,99927,100,100250,100,99923,100,100480,100,99899,100,100690,100,99884,100,100716,100,99877,100,100757,100,99862,100,100802,100,99859,100,100883,100,99858,100
2019-06-28 09:52:20.000000000,100133,414,99960,414,100149,100,99952,100,100212,100,99927,100,100250,100,99923,100,100480,100,99899,100,100690,100,99884,100,100716,100,99877,100,100757,100,99862,100,100802,100,99859,100,100883,100,99858,100
2019-06-28 09:52:28.726161351,100133,414,100107,100,100149,100,99960,414,100212,100,99952,100,100250,100,99927,100,100480,100,99923,100,100690,100,99899,100,100716,100,99884,100,100757,100,99877,100,100802,100,99862,100,100883,100,99859,100
2019-06-28 09:52:30.000000000,100133,163,100107,163,100149,163,99960,163,100212,163,99952,163,100250,163,99927,163,100480,163,99923,163,100690,100,99899,100,100716,100,99884,100,100757,100,99877,100,100802,100,99862,100,100883,100,99859,100
2019-06-28 09:52:36.045730258,100133,63,100107,163,100149,163,99960,163,100212,163,99952,163,100250,163,99927,163,100480,163,99923,163,100690,100,99899,100,100716,100,99884,100,100757,100,99877,100,100802,100,99862,100,100883,100,99859,100
2019-06-28 09:52:40.000000000,100149,178,100107,178,100212,178,99960,178,100250,178,99952,178,100480,178,99927,178,100690,100,99923,100,100716,100,99899,100,100757,100,99884,100,100802,100,99877,100,100883,100,99862,100,,,99859,100
2019-06-28 09:52:42.950628149,100149,78,100107,178,100212,178,99960,178,100250,178,99952,178,100480,178,99927,178,100690,100,99923,100,100716,100,99899,100,100757,100,99884,100,100802,100,99877,100,100883,100,99862,100,,,99859,100
2019-06-28 09:52:49.445846490,100212,178,100149,22,100250,78,100107,178,100480,178,99960,178,100690,100,99952,178,100716,100,99927,178,100757,100,99923,100,100802,100,99899,100,100883,100,99884,100,,,99877,100,,,99862,100
2019-06-28 09:52:50.000000000,100212,178,100149,100,100480,178,100107,178,100690,178,99960,178,100716,178,99952,178,100757,100,99927,100,100802,100,99923,100,100883,100,99899,100,,,99884,100,,,99877,100,,,99862,100
2019-06-28 09:52:52.440088388,100212,178,100149,100,100460,100,100107,178,100480,178,99960,178,100690,178,99952,178,100716,178,99927,100,100757,100,99923,100,100802,100,99899,100,100883,100,99884,100,,,99877,100,,,99862,100
2019-06-28 09:53:00.000000000,100212,257,100149,179,100460,257,100107,257,100480,100,99960,100,100690,100,99952,100,100716,100,99927,100,100757,100,99923,100,100802,100,99899,100,100883,100,99884,100,,,99877,100,,,99862,100
2019-06-28 09:53:00.010466087,100212,157,100149,179,100460,257,100107,257,100480,100,99960,100,100690,100,99952,100,100716,100,99923,100,100757,100,99899,100,100802,100,99884,100,100883,100,99877,100,,,99862,100,,,99859,100
2019-06-28 09:53:10.000000000,100460,414,100149,336,100480,100,100107,100,100690,100,99960,100,100716,100,99952,100,100757,100,99923,100,100802,100,99899,100,100883,100,99884,100,,,99877,100,,,99862,100,,,99859,100
2019-06-28 09:53:20.000000000,100460,207,100149,129,100480,204,100107,204,100690,204,99960,204,100716,100,99952,100,100757,100,99923,100,100802,100,99899,100,100883,100,99884,100,,,99877,100,,,99862,100,,,99859,100
2019-06-28 09:53:25.298474862,100460,207,100150,100,100480,204,100149,129,100690,204,100107,204,100716,100,99960,204,100757,100,99952,100,100802,100,99923,100,100883,100,99899,100,,,99884,100,,,99877,100,,,99862,100
2019-06-28 09:53:30.000000000,100460,207,100150,207,100480,204,100149,126,100690,204,100107,204,100716,100,99960,100,100757,100,99952,100,100802,100,99923,100,100883,100,99899,100,,,99884,100,,,99877,100,,,99862,100
2019-06-28 09:53:40.000000000,100460,207,100150,207,100480,204,100149,126,100690,204,100107,204,100716,100,99960,100,100757,100,99952,100,100802,100,99923,100,100883,100,99899,100,,,99884,100,,,99877,100,,,99862,100
2019-06-28 09:53:48.489924824,100449,100,100150,207,100460,207,100149,126,100480,204,100107,204,100690,204,99960,100,100716,100,99952,100,100802,100,99923,100,100883,100,99899,100,,,99884,100,,,99877,100,,,99862,100
2019-06-28 09:53:50.000000000,100449,257,100150,257,100460,257,100149,179,100480,100,100107,100,100690,100,99960,100,100716,100,99952,100,100802,100,99923,100,100883,100,99899,100,,,99884,100,,,99877,100,,,99862,100
2019-06-28 09:54:00.000000000,100449,163,100150,163,100460,163,100149,85,100480,163,100107,163,100690,163,99960,163,100716,163,99952,163,100802,100,99923,100,100883,100,99899,100,,,99884,100,,,99877,100,,,99862,100
2019-06-28 09:54:06.835899322,100449,163,100150,263,100460,163,100149,85,100480,163,100107,163,100690,163,99960,163,100716,163,99952,163,100802,100,99923,100,100883,100,99899,100,,,99884,100,,,99877,100,,,99862,100
2019-06-28 09:54:10.000000000,100449,414,100150,514,100460,100,100149,22,100480,100,100107,100,100690,100,99960,100,100716,100,99952,100,100802,100,99923,100,100883,100,99899,100,,,99884,100,,,99877,100,,,99862,100
2019-06-28 09:54:12.146698778,100449,414,100150,614,100460,100,100149,22,100480,100,100107,100,100690,100,99960,100,100716,100,99952,100,100802,100,99923,100,100883,100,99899,100,,,99884,100,,,99877,100,,,99862,100
2019-06-28 09:54:20.000000000,100449,178,100150,378,100460,178,100149,100,100480,178,100107,178,100690,178,99960,178,100716,100,99952,100,100802,100,99923,100,100883,100,99899,100,,,99884,100,,,99877,100,,,99862,100
2019-06-28 09:54:30.000000000,100449,414,100150,614,100460,100,100149,22,100480,100,100107,100,100690,100,99960,100,100716,100,99952,100,100802,100,99923,100,100883,100,99899,100,,,99884,100,,,99877,100,,,99862,100
2019-06-28 09:54:38.376008406,100449,414,100150,614,100460,100,100149,22,100480,100,100107,100,100690,100,99960,100,100716,100,99952,100,100802,100,99923,100,100883,100,99899,100,100942,100,99884,100,,,99877,100,,,99862,100
2019-06-28 09:54:40.000000000,100449,414,100150,614,100460,100,100149,22,100480,100,100107,100,100690,100,99960,100,100716,100,99952,100,100802,100,99923,100,100883,100,99899,100,100942,100,99884,100,,,99877,100,,,99862,100
2019-06-28 09:54:40.347749699,100449,414,100150,614,100460,100,100149,22,100690,100,100107,100,100716,100,99960,100,100802,100,99952,100,100883,100,99923,100,100915,100,99899,100,100942,100,99884,100,,,99877,100,,,99862,100
2019-06-28 09:54:50.000000000,100449,207,100150,407,100460,204,100149,126,100690,204,100107,204,100716,100,99960,100,100802,100,99952,100,100883,100,99923,100,100915,100,99899,100,100942,100,99884,100,,,99877,100,,,99862,100
2019-06-28 09:55:00.000000000,100449,163,100150,363,100460,163,100149,85,100690,163,100107,163,100716,163,99960,163,100802,163,99952,163,100883,100,99923,100,100915,100,99899,100,100942,100,99884,100,,,99877,100,,,99862,100
2019-06-28 09:55:10.000000000,100449,414,100150,614,100460,100,100149,22,100690,100,100107,100,100716,100,99960,100,100802,100,99952,100,100883,100,99923,100,100915,100,99899,100,100942,100,99884,100,,,99877,100,,,99862,100
2019-06-28 09:55:20.000000000,100449,178,100150,378,100460,178,100149,100,100690,178,100107,178,100716,178,99960,178,100802,100,99952,100,100883,100,99923,100,100915,100,99899,100,100942,100,99884,100,,,99877,100,,,99862,100
2019-06-28 09:55:20.389010053,100449,178,100150,478,100460,178,100149,100,100690,178,100107,178,100716,178,99960,178,100802,100,99952,100,100883,100,99923,100,100915,100,99899,100,100942,100,99884,100,,,99877,100,,,99862,100
2019-06-28 09:55:29.051412293,100449,178,100150,578,100460,178,100149,100,100690,178,100107,178,100716,178,99960,178,100802,100,99952,100,100883,100,99923,100,100915,100,99899,100,100942,100,99884,100,,,99877,100,,,99862,100
2019-06-28 09:55:30.000000000,100449,414,100150,814,100460,100,100149,22,100690,100,100107,100,100716,100,99960,100,100802,100,99952,100,100883,100,99923,100,100915,100,99899,100,100942,100,99884,100,,,99877,100,,,99862,100
2019-06-28 09:55:31.083039342,100398,100,100150,814,100449,414,100149,22,100460,100,100107,100,100690,100,99960,100,100716,100,99952,100,100802,100,99923,100,100883,100,99899,100,100915,100,99884,100,100942,100,99877,100,,,99862,100
2019-06-28 09:55:40.000000000,100398,178,100150,578,100449,178,100149,100,100460,178,100107,178,100690,178,99960,178,100716,100,99952,100,100802,100,99923,100,100883,100,99899,100,100915,100,99884,100,100942,100,99877,100,,,99862,100
2019-06-28 09:55:40.354777612,100398,178,100150,578,100449,178,100149,100,100460,178,100107,178,100690,178,99960,178,100716,100,99952,100,100802,100,99923,100,100883,100,99899,100,100915,100,99884,100,100942,100,99877,100,,,99859,100
2019-06-28 09:55:50.000000000,100398,207,100150,607,100449,204,100149,126,100460,204,100107,204,100690,100,99960,100,100716,100,99952,100,100802,100,99923,100,100883,100,99899,100,100915,100,99884,100,100942,100,99877,100,,,99859,100
2019-06-28 09:55:53.175361411,100398,207,100150,607,100449,204,100149,126,100460,104,100107,204,100649,100,99960,100,100690,100,99952,100,100716,100,99923,100,100802,100,99899,100,100883,100,99884,100,100915,100,99877,100,100942,100,99859,100
2019-06-28 09:55:59.904347834,100398,107,100150,607,100449,204,100149,126,100460,104,100107,204,100649,100,99960,100,100690,100,99952,100,100716,100,99923,100,100802,100,99899,100,100883,100,99884,100,100915,100,99877,100,100942,100,99859,100
2019-06-28 09:56:00.000000000,100449,163,100150,563,100649,163,100149,85,100690,163,100107,163,100716,163,99960,163,100802,163,99952,163,100883,100,99923,100,100915,100,99899,100,100942,100,99884,100,,,99877,100,,,99859,100
2019-06-28 09:56:02.001641592,100449,163,100150,463,100649,163,100149,85,100690,163,100107,163,100716,163,99960,163,100802,163,99952,163,100883,100,99923,100,100915,100,99899,100,100942,100,99884,100,,,99877,100,,,99859,100
2019-06-28 09:56:10.000000000,100449,207,100150,507,100649,204,100149,126,100690,204,100107,204,100716,100,99960,100,100802,100,99952,100,100883,100,99923,100,100915,100,99899,100,100942,100,99884,100,,,99877,100,,,99859,100
2019-06-28 09:56:13.069619248,100449,107,100150,507,100649,204,100149,126,100690,204,100107,204,100716,100,99960,100,100802,100,99952,100,100883,100,99923,100,100915,100,99899,100,100942,100,99884,100,,,99877,100,,,99858,100
2019-06-28 09:56:17.316069795,100449,107,100398,100,100649,204,100150,507,100690,204,100149,126,100716,100,100107,204,100802,100,99960,100,100883,100,99952,100,100915,100,99923,100,100942,100,99899,100,,,99884,100,,,99877,100
2019-06-28 09:56:20.000000000,100649,207,100398,207,100690,204,100150,504,100716,204,100149,126,100802,100,100107,100,100883,100,99960,100,100915,100,99952,100,100942,100,99923,100,,,99899,100,,,99884,100,,,99877,100
2019-06-28 09:56:30.000000000,100649,178,100398,178,100690,178,100150,478,100716,178,100149,100,100802,178,100107,178,100883,100,99960,100,100915,100,99952,100,100942,100,99923,100,,,99899,100,,,99884,100,,,99877,100
2019-06-28 09:56:34.988375994,100649,178,100398,278,100690,178,100150,478,100716,178,100149,100,100802,178,100107,178,100883,100,99960,100,100915,100,99952,100,100942,100,99923,100,,,99899,100,,,99884,100,,,99877,100
2019-06-28 09:56:40.000000000,100649,414,100398,514,100690,100,100150,400,100716,100,100149,22,100802,100,100107,100,100883,100,99960,100,100915,100,99952,100,100942,100,99923,100,,,99899,100,,,99884,100,,,99877,100
2019-06-28 09:56:49.681657083,100599,100,100398,514,100649,414,100150,400,100690,100,100149,22,100716,100,100107,100,100802,100,99960,100,100883,100,99952,100,100915,100,99923,100,100942,100,99899,100,,,99884,100,,,99877,100
2019-06-28 09:56:50.000000000,100599,207,100398,307,100649,204,100150,504,100690,204,100149,126,100716,100,100107,100,100802,100,99960,100,100883,100,99952,100,100915,100,99923,100,100942,100,99899,100,,,99884,100,,,99877,100
2019-06-28 09:56:53.008112020,100599,207,100398,307,100649,204,100150,404,100690,204,100149,126,100716,100,100107,100,100802,100,99960,100,100883,100,99952,100,100915,100,99923,100,100942,100,99899,100,,,99884,100,,,99877,100
2019-06-28 09:56:56.119030094,100599,207,100398,307,100649,204,100150,404,100690,204,100149,126,100716,100,100107,100,100771,100,99960,100,100802,100,99952,100,100883,100,99923,100,100915,100,99899,100,,,99884,100,,,99877,100
2019-06-28 09:57:00.000000000,100599,207,100398,307,100649,204,100150,404,100690,204,100149,126,100716,100,100107,100,100771,100,99960,100,100802,100,99952,100,100883,100,99923,100,100915,100,99899,100,,,99884,100,,,99877,100
2019-06-28 09:57:10.000000000,100599,257,100398,357,100649,257,100150,457,100690,100,100149,22,100716,100,100107,100,100771,100,99960,100,100802,100,99952,100,100883,100,99923,100,100915,100,99899,100,,,99884,100,,,99877,100
2019-06-28 09:57:20.000000000,100599,163,100398,263,100649,163,100150,363,100690,163,100149,85,100716,163,100107,163,100771,163,99960,163,100802,100,99952,100,100883,100,99923,100,100915,100,99899,100,,,99884,100,,,99877,100
2019-06-28 09:57:30.000000000,100599,207,100398,307,100649,204,100150,404,100690,204,100149,126,100716,100,100107,100,100771,100,99960,100,100802,100,99952,100,100883,100,99923,100,100915,100,99899,100,,,99884,100,,,99877,100
2019-06-28 09:57:32.372205303,100448,100,100398,307,100599,207,100150,404,100649,204,100149,126,100690,204,100107,100,100716,100,99960,100,100771,100,99952,100,100802,100,99923,100,100883,100,99899,100,100915,100,99884,100,,,99877,100
2019-06-28 09:57:33.900570501,100448,100,100398,307,100551,100,100150,404,100599,207,100149,126,100649,204,100107,100,100690,204,99960,100,100716,100,99952,100,100771,100,99923,100,100802,100,99899,100,100883,100,99884,100,100915,100,99877,100
2019-06-28 09:57:34.980274468,100551,100,100398,307,100599,207,100150,404,100649,204,100149,126,100690,204,100107,100,100716,100,99960,100,100771,100,99952,100,100802,100,99923,100,100883,100,99899,100,100915,100,99884,100,,,99877,100
2019-06-28 09:57:40.000000000,100551,414,100398,514,100599,100,100150,300,100649,100,100149,22,100690,100,100107,100,100716,100,99960,100,100771,100,99952,100,100802,100,99923,100,100883,100,99899,100,100915,100,99884,100,,,99877,100
2019-06-28 09:57:50.000000000,100551,414,100398,514,100599,100,100150,300,100649,100,100149,22,100690,100,100107,100,100716,100,99960,100,100771,100,99952,100,100802,100,99923,100,100883,100,99899,100,100915,100,99884,100,,,99877,100
2019-06-28 09:57:50.782111175,100551,414,100398,514,100599,100,100150,300,100649,100,100149,22,100690,100,100107,100,100716,100,99960,100,100764,100,99952,100,100771,100,99923,100,100802,100,99899,100,100883,100,99884,100,100915,100,99877,100
2019-06-28 09:58:00.000000000,100551,163,100398,263,100599,163,100150,363,100649,163,100149,85,100690,163,100107,163,100716,163,99960,163,100764,100,99952,100,100771,100,99923,100,100802,100,99899,100,100883,100,99884,100,100915,100,99877,100
2019-06-28 09:58:10.000000000,100551,257,100398,357,100599,257,100150,457,100649,100,100149,22,100690,100,100107,100,100716,100,99960,100,100764,100,99952,100,100771,100,99923,100,100802,100,99899,100,100883,100,99884,100,100915,100,99877,100
2019-06-28 09:58:20.000000000,100551,257,100398,357,100599,257,100150,457,100649,100,100149,22,100690,100,100107,100,100716,100,99960,100,100764,100,99952,100,100771,100,99923,100,100802,100,99899,100,100883,100,99884,100,100915,100,99877,100
2019-06-28 09:58:30.000000000,100551,257,100398,357,100599,257,100150,457,100649,100,100149,22,100690,100,100107,100,100716,100,99960,100,100764,100,99952,100,100771,100,99923,100,100802,100,99899,100,100883,100,99884,100,100915,100,99877,100
2019-06-28 09:58:40.000000000,100551,257,100398,357,100599,257,100150,457,100649,100,100149,22,100690,100,100107,100,100716,100,99960,100,100764,100,99952,100,100771,100,99923,100,100802,100,99899,100,100883,100,99884,100,100915,100,99877,100
2019-06-28 09:58:50.000000000,100551,178,100398,278,100599,178,100150,378,100649,178,100149,100,100690,178,100107,178,100716,100,99960,100,100764,100,99952,100,100771,100,99923,100,100802,100,99899,100,100883,100,99884,100,100915,100,99877,100
2019-06-28 09:58:57.659731099,100551,178,100398,278,100599,178,100150,378,100608,100,100149,100,100649,178,100107,178,100690,178,99960,100,100716,100,99952,100,100764,100,99923,100,100771,100,99899,100,100802,100,99884,100,100883,100,99877,100
2019-06-28 09:59:00.000000000,100551,178,100398,278,100599,178,100150,378,100608,178,100149,100,100649,178,100107,178,100690,100,99960,100,100716,100,99952,100,100764,100,99923,100,100771,100,99899,100,100802,100,99884,100,100883,100,99877,100
2019-06-28 09:59:10.000000000,100551,414,100398,514,100599,100,100150,300,100608,100,100149,22,100649,100,100107,100,100690,100,99960,100,100716,100,99952,100,100764,100,99923,100,100771,100,99899,100,100802,100,99884,100,100883,100,99877,100
2019-06-28 09:59:10.675958059,100448,100,100398,514,100551,414,100150,300,100599,100,100149,22,100608,100,100107,100,100649,100,99960,100,100690,100,99952,100,100716,100,99923,100,100764,100,99899,100,100771,100,99884,100,100802,100,99877,100
2019-06-28 09:59:18.449592796,100448,100,100398,514,100551,414,100150,200,100599,100,100149,22,100608,100,100107,100,100649,100,99960,100,100690,100,99952,100,100716,100,99923,100,100764,100,99899,100,100771,100,99884,100,100802,100,99877,100
2019-06-28 09:59:18.764236916,100448,100,100398,514,100551,414,100150,200,100587,100,100149,22,100599,100,100107,100,100608,100,99960,100,100649,100,99952,100,100690,100,99923,100,100716,100,99899,100,100764,100,99884,100,100771,100,99877,100
2019-06-28 09:59:20.000000000,100448,207,100398,307,100551,204,100150,304,100587,204,100149,126,100599,100,100107,100,100608,100,99960,100,100649,100,99952,100,100690,100,99923,100,100716,100,99899,100,100764,100,99884,100,100771,100,99877,100
2019-06-28 09:59:30.000000000,100448,257,100398,357,100551,257,100150,357,100587,100,100149,22,100599,100,100107,100,100608,100,99960,100,100649,100,99952,100,100690,100,99923,100,100716,100,99899,100,100764,100,99884,100,100771,100,99877,100
2019-06-28 09:59:31.812703803,100448,157,100398,357,100551,257,100150,357,100587,100,100149,22,100599,100,100107,100,100608,100,99960,100,100649,100,99952,100,100690,100,99923,100,100716,100,99899,100,100764,100,99884,100,100771,100,99877,100
2019-06-28 09:59:40.000000000,100551,257,100398,357,100587,257,100150,357,100599,100,100149,22,100608,100,100107,100,100649,100,99960,100,100690,100,99952,100,100716,100,99923,100,100764,100,99899,100,100771,100,99884,100,100802,100,99877,100
2019-06-28 09:59:42.540435633,100551,257,100398,357,100587,257,100150,357,100599,100,100149,22,100608,100,100107,100,100620,100,99960,100,100649,100,99952,100,100690,100,99923,100,100716,100,99899,100,100764,100,99884,100,100771,100,99877,100
2019-06-28 09:59:50.000000000,100551,257,100398,357,100587,257,100150,357,100599,100,100149,22,100608,100,100107,100,100620,100,99960,100,100649,100,99952,100,100690,100,99923,100,100716,100,99899,100,100764,100,99884,100,100771,100,99877,100
2019-06-28 09:59:50.697227469,100551,157,100398,357,100587,257,100150,357,100599,100,100149,22,100608,100,100107,100,100620,100,99960,100,100649,100,99952,100,100690,100,99923,100,100716,100,99899,100,100764,100,99884,100,100771,100,99877,100
2019-06-28 10:00:00.000000000,100587,178,100398,278,100599,178,100150,278,100608,178,100149,100,100620,178,100107,178,100649,100,99960,100,100690,100,99952,100,100716,100,99923,100,100764,100,99899,100,100771,100,99884,100,100802,100,99877,100
2019-06-28 10:00:09.809191339,100587,178,100398,278,100599,178,100150,278,100608,78,100149,100,100620,178,100107,178,100649,100,99960,100,100690,100,99952,100,100716,100,99923,100,100764,100,99899,100,100771,100,99884,100,100802,100,99877,100
2019-06-28 10:00:10.000000000,100587,207,100398,307,100599,204,100150,304,100620,204,100149,126,100649,100,100107,100,100690,100,99960,100,100716,100,99952,100,100764,100,99923,100,100771,100,99899,100,100802,100,99884,100,100883,100,99877,100
2019-06-28 10:00:17.956005727,100587,207,100398,307,100599,204,100150,304,100620,204,100149,126,100649,100,100107,100,100690,100,99960,100,100716,100,99952,100,100764,100,99923,100,100771,100,99899,100,100802,100,99884,100,100883,100,99877,100
2019-06-28 10:00:20.000000000,100587,414,100398,514,100599,100,100150,200,100620,100,100149,22,100649,100,100107,100,100690,100,99960,100,100716,100,99952,100,100764,100,99923,100,100771,100,99899,100,100802,100,99884,100,100883,100,99877,100
2019-06-28 10:00:30.000000000,100587,414,100398,514,100599,100,100150,200,100620,100,100149,22,100649,100,100107,100,100690,100,99960,100,100716,100,99952,100,100764,100,99923,100,100771,100,99899,100,100802,100,99884,100,100883,100,99877,100
2019-06-28 10:00:32.123271634,100587,414,100398,514,100599,100,100150,200,100620,100,100149,22,100649,100,100107,100,100690,100,99960,100,100716,100,99952,100,100764,100,99923,100,100771,100,99899,100,100883,100,99884,100,100949,100,99877,100
2019-06-28 10:00:34.370074841,100587,414,100398,514,100599,100,100150,200,100620,100,100149,22,100649,100,100107,100,100690,100,99960,100,100716,100,99952,100,100764,100,99923,100,100771,100,99899,100,100774,100,99884,100,100883,100,99877,100
2019-06-28 10:00:40.000000000,100587,178,100398,278,100599,178,100150,278,100620,178,100149,100,100649,178,100107,178,100690,100,99960,100,100716,100,99952,100,100764,100,99923,100,100771,100,99899,100,100774,100,99884,100,100883,100,99877,100
2019-06-28 10:00:50.000000000,100587,257,100398,357,100599,257,100150,357,100620,100,100149,22,100649,100,100107,100,100690,100,99960,100,100716,100,99952,100,100764,100,99923,100,100771,100,99899,100,100774,100,99884,100,100883,100,99877,100
2019-06-28 10:01:00.000000000,100587,163,100398,263,100599,163,100150,263,100620,163,100149,85,100649,163,100107,163,100690,163,99960,163,100716,100,99952,100,100764,100,99923,100,100771,100,99899,100,100774,100,99884,100,100883,100,99877,100
2019-06-28 10:01:06.644100577,100587,163,100398,263,100599,163,100150,263,100620,163,100149,85,100649,163,100107,63,100690,163,99960,163,100716,100,99952,100,100764,100,99923,100,100771,100,99899,100,100774,100,99884,100,100883,100,99877,100
2019-06-28 10:01:10.000000000,100587,207,100398,307,100599,204,100150,304,100620,204,100149,126,100649,100,99960,100,100690,100,99952,100,100716,100,99923,100,100764,100,99899,100,100771,100,99884,100,100774,100,99877,100,100883,100,99858,100
2019-06-28 10:01:13.007973268,100587,107,100398,307,100599,204,100150,304,100620,204,100149,126,100649,100,99960,100,100690,100,99952,100,100716,100,99923,100,100764,100,99899,100,100771,100,99884,100,100774,100,99877,100,100883,100,99858,100
2019-06-28 10:01:20.000000000,100599,178,100398,278,100620,178,100150,278,100649,178,100149,100,100690,178,99960,178,100716,100,99952,100,100764,100,99923,100,100771,100,99899,100,100774,100,99884,100,100883,100,99877,100,100949,100,99858,100
2019-06-28 10:01:30.000000000,100599,257,100398,357,100620,257,100150,357,100649,100,100149,22,100690,100,99960,100,100716,100,99952,100,100764,100,99923,100,100771,100,99899,100,100774,100,99884,100,100883,100,99877,100,100949,100,99858,100
2019-06-28 10:01:40.000000000,100599,414,100398,514,100620,100,100150,200,100649,100,100149,22,100690,100,99960,100,100716,100,99952,100,100764,100,99923,100,100771,100,99899,100,100774,100,99884,100,100883,100,99877,100,100949,100,99858,100
2019-06-28 10:01:50.000000000,100599,178,100398,278,100620,178,100150,278,100649,178,100149,100,100690,178,99960,178,100716,100,99952,100,100764,100,99923,100,100771,100,99899,100,100774,100,99884,100,100883,100,99877,100,100949,100,99858,100
2019-06-28 10:01:59.682159039,100599,178,100398,278,100620,178,100150,278,100649,178,100149,100,100667,100,99960,178,100690,178,99952,100,100716,100,99923,100,100764,100,99899,100,100771,100,99884,100,100774,100,99877,100,100883,100,99858,100
2019-06-28 10:02:00.000000000,100599,414,100398,514,100620,100,100150,200,100649,100,100149,22,100667,100,99960,100,100690,100,99952,100,100716,100,99923,100,100764,100,99899,100,100771,100,99884,100,100774,100,99877,100,100883,100,99858,100
2019-06-28 10:02:03.002978206,100550,100,100398,514,100599,414,100150,200,100620,100,100149,22,100649,100,99960,100,100667,100,99952,100,100690,100,99923,100,100716,100,99899,100,100764,100,99884,100,100771,100,99877,100,100774,100,99858,100
2019-06-28 10:02:10.000000000,100550,163,100398,263,100599,163,100150,263,100620,163,100149,85,100649,163,99960,163,100667,163,99952,163,100690,100,99923,100,100716,100,99899,100,100764,100,99884,100,100771,100,99877,100,100774,100,99858,100
2019-06-28 10:02:20.000000000,100550,163,100398,263,100599,163,100150,263,100620,163,100149,85,100649,163,99960,163,100667,163,99952,163,100690,100,99923,100,100716,100,99899,100,100764,100,99884,100,100771,100,99877,100,100774,100,99858,100
2019-06-28 10:02:21.368591930,100477,100,100398,263,100550,163,100150,263,100599,163,100149,85,100620,163,99960,163,100649,163,99952,163,100667,163,99923,100,100690,100,99899,100,100764,100,99884,100,100771,100,99877,100,100774,100,99858,100
2019-06-28 10:02:30.000000000,100477,414,100398,514,100550,100,100150,200,100599,100,100149,22,100620,100,99960,100,100649,100,99952,100,100667,100,99923,100,100690,100,99899,100,100764,100,99884,100,100771,100,99877,100,100774,100,99858,100
2019-06-28 10:02:40.000000000,100477,257,100398,357,100550,257,100150,357,100599,100,100149,22,100620,100,99960,100,100649,100,99952,100,100667,100,99923,100,100690,100,99899,100,100764,100,99884,100,100771,100,99877,100,100774,100,99858,100
2019-06-28 10:02:50.000000000,100477,178,100398,278,100550,178,100150,278,100599,178,100149,100,100620,178,99960,178,100649,100,99952,100,100667,100,99923,100,100690,100,99899,100,100764,100,99884,100,100771,100,99877,100,100774,100,99858,100
2019-06-28 10:02:50.207844884,100477,178,100398,278,100550,178,100376,100,100599,178,100150,278,100620,178,100149,100,100649,100,99960,178,100667,100,99952,100,100690,100,99923,100,100764,100,99899,100,100771,100,99884,100,100774,100,99877,100
2019-06-28 10:02:57.310196567,100477,178,100437,100,100550,178,100398,278,100599,178,100376,100,100620,178,100150,278,100649,100,100149,100,100667,100,99960,178,100690,100,99952,100,100764,100,99923,100,100771,100,99899,100,100774,100,99884,100
2019-06-28 10:02:59.823101338,100477,78,100437,100,100550,178,100398,278,100599,178,100376,100,100620,178,100150,278,100649,100,100149,100,100667,100,99960,178,100690,100,99952,100,100764,100,99923,100,100771,100,99899,100,100774,100,99884,100
2019-06-28 10:03:00.000000000,100550,207,100437,207,100599,204,100398,304,100620,204,100376,204,100649,100,100150,200,100667,100,100149,22,100690,100,99960,100,100764,100,99952,100,100771,100,99923,100,100774,100,99899,100,100883,100,99884,100
2019-06-28 10:03:10.000000000,100550,207,100437,207,100599,204,100398,304,100620,204,100376,204,100649,100,100150,200,100667,100,100149,22,100690,100,99960,100,100764,100,99952,100,100771,100,99923,100,100774,100,99899,100,100883,100,99884,100
2019-06-28 10:03:20.000000000,100550,207,100437,207,100599,204,100398,304,100620,204,100376,204,100649,100,100150,200,100667,100,100149,22,100690,100,99960,100,100764,100,99952,100,100771,100,99923,100,100774,100,99899,100,100883,100,99884,100
2019-06-28 10:03:30.000000000,100550,163,100437,163,100599,163,100398,263,100620,163,100376,163,100649,163,100150,263,100667,163,100149,85,100690,100,99960,100,100764,100,99952,100,100771,100,99923,100,100774,100,99899,100,100883,100,99884,100
2019-06-28 10:03:40.000000000,100550,163,100437,163,100599,163,100398,263,100620,163,100376,163,100649,163,100150,263,100667,163,100149,85,100690,100,99960,100,100764,100,99952,100,100771,100,99923,100,100774,100,99899,100,100883,100,99884,100
2019-06-28 10:03:50.000000000,100550,207,100437,207,100599,204,100398,304,100620,204,100376,204,100649,100,100150,200,100667,100,100149,22,100690,100,99960,100,100764,100,99952,100,100771,100,99923,100,100774,100,99899,100,100883,100,99884,100
2019-06-28 10:03:51.448937331,100550,207,100437,207,100599,204,100398,304,100620,204,100376,204,100649,100,100150,200,100667,100,100149,22,100690,100,99960,100,100764,100,99952,100,100771,100,99923,100,100774,100,99899,100,100883,100,99884,100
2019-06-28 10:04:00.000000000,100550,414,100437,414,100599,100,100398,200,100620,100,100376,100,100649,100,100150,200,100667,100,100149,22,100690,100,99960,100,100764,100,99952,100,100771,100,99923,100,100774,100,99899,100,100883,100,99884,100
2019-06-28 10:04:10.000000000,100550,163,100437,163,100599,163,100398,263,100620,163,100376,163,100649,163,100150,263,100667,163,100149,85,100690,100,99960,100,100764,100,99952,100,100771,100,99923,100,100774,100,99899,100,100883,100,99884,100
2019-06-28 10:04:20.000000000,100550,207,100437,207,100599,204,100398,304,100620,204,100376,204,100649,100,100150,200,100667,100,100149,22,100690,100,99960,100,100764,100,99952,100,100771,100,99923,100,100774,100,99899,100,100883,100,99884,100
2019-06-28 10:04:20.390268483,100550,107,100437,207,100599,204,100398,304,100620,204,100376,204,100649,100,100150,200,100667,100,100149,22,100690,100,99960,100,100764,100,99952,100,100771,100,99923,100,100774,100,99899,100,100883,100,99884,100
2019-06-28 10:04:30.000000000,100599,178,100437,178,100620,178,100398,278,100649,178,100376,178,100667,178,100150,278,100690,100,100149,22,100764,100,99960,100,100771,100,99952,100,100774,100,99923,100,100883,100,99899,100,100989,100,99884,100
2019-06-28 10:04:40.000000000,100599,207,100437,207,100620,204,100398,304,100649,204,100376,204,100667,100,100150,200,100690,100,100149,22,100764,100,99960,100,100771,100,99952,100,100774,100,99923,100,100883,100,99899,100,100989,100,99884,100
2019-06-28 10:04:49.300844825,100599,107,100437,207,100620,204,100398,304,100649,204,100376,204,100690,100,100150,200,100764,100,100149,22,100771,100,99960,100,100774,100,99952,100,100883,100,99923,100,100989,100,99899,100,101102,100,99884,100
2019-06-28 10:04:50.000000000,100620,207,100437,207,100649,204,100398,304,100690,204,100376,204,100764,100,100150,200,100771,100,100149,22,100774,100,99960,100,100883,100,99952,100,100989,100,99923,100,101102,100,99899,100,101581,100,99884,100
2019-06-28 10:05:00.000000000,100620,207,100437,207,100649,204,100398,304,100690,204,100376,204,100764,100,100150,200,100771,100,100149,22,100774,100,99960,100,100883,100,99952,100,100989,100,99923,100,101102,100,99899,100,101581,100,99884,100
2019-06-28 10:05:10.000000000,100620,178,100437,178,100649,178,100398,278,100690,178,100376,178,100764,178,100150,278,100771,100,100149,22,100774,100,99960,100,100883,100,99952,100,100989,100,99923,100,101102,100,99899,100,101581,100,99884,100
2019-06-28 10:05:15.583443269,100620,178,100437,178,100649,178,100398,278,100690,178,100376,178,100764,78,100150,278,100771,100,100149,22,100774,100,99960,100,100883,100,99952,100,100989,100,99923,100,101102,100,99899,100,101581,100,99884,100
2019-06-28 10:05:20.000000000,100620,163,100437,163,100649,163,100398,263,100690,163,100376,163,100771,163,100150,263,100774,163,100149,85,100883,100,99960,100,100989,100,99952,100,101102,100,99923,100,101581,100,99899,100,101745,100,99884,100
2019-06-28 10:05:30.000000000,100620,414,100437,414,100649,100,100398,200,100690,100,100376,100,100771,100,100150,200,100774,100,100149,22,100883,100,99960,100,100989,100,99952,100,101102,100,99923,100,101581,100,99899,100,101745,100,99884,100
2019-06-28 10:05:40.000000000,100620,163,100437,163,100649,163,100398,263,100690,163,100376,163,100771,163,100150,263,100774,163,100149,85,100883,100,99960,100,100989,100,99952,100,101102,100,99923,100,101581,100,99899,100,101745,100,99884,100
2019-06-28 10:05:50.000000000,100620,257,100437,257,100649,257,100398,357,100690,100,100376,100,100771,100,100150,200,100774,100,100149,22,100883,100,99960,100,100989,100,99952,100,101102,100,99923,100,101581,100,99899,100,101745,100,99884,100
2019-06-28 10:06:00.000000000,100620,414,100437,414,100649,100,100398,200,100690,100,100376,100,100771,100,100150,200,100774,100,100149,22,100883,100,99960,100,100989,100,99952,100,101102,100,99923,100,101581,100,99899,100,101745,100,99884,100
2019-06-28 10:06:02.793331654,100620,314,100437,414,100649,100,100398,200,100690,100,100376,100,100771,100,100150,200,100774,100,100149,22,100883,100,99960,100,100989,100,99952,100,101102,100,99923,100,101581,100,99899,100,101745,100,99884,100
2019-06-28 10:06:10.000000000,100649,207,100437,207,100690,204,100398,304,100771,204,100376,204,100774,100,100150,200,100883,100,100149,22,100989,100,99960,100,101102,100,99952,100,101581,100,99923,100,101745,100,99899,100,,,99884,100
2019-06-28 10:06:20.000000000,100649,207,100437,207,100690,204,100398,304,100771,204,100376,204,100774,100,100150,200,100883,100,100149,22,100989,100,99960,100,101102,100,99952,100,101581,100,99923,100,101745,100,99899,100,,,99884,100
2019-06-28 10:06:30.000000000,100649,414,100437,414,100690,100,100398,200,100771,100,100376,100,100774,100,100150,200,100883,100,100149,22,100989,100,99960,100,101102,100,99952,100,101581,100,99923,100,101745,100,99899,100,,,99884,100
2019-06-28 10:06:34.484676064,100649,414,100599,100,100690,100,100437,414,100771,100,100398,200,100774,100,100376,100,100883,100,100150,200,100989,100,100149,22,101102,100,99960,100,101581,100,99952,100,101745,100,99923,100,,,99899,100
2019-06-28 10:06:38.696366090,100649,414,100599,100,100690,100,100437,414,100771,100,100398,100,100774,100,100376,100,100883,100,100150,200,100989,100,100149,22,101102,100,99960,100,101581,100,99952,100,101745,100,99923,100,,,99899,100
2019-06-28 10:06:40.000000000,100649,414,100599,414,100690,100,100437,100,100771,100,100398,100,100774,100,100376,100,100883,100,100150,200,100989,100,100149,22,101102,100,99960,100,101581,100,99952,100,101745,100,99923,100,,,99899,100
2019-06-28 10:06:49.726792050,100649,414,100599,414,100690,100,100398,100,100771,100,100376,100,100774,100,100150,200,100883,100,100149,22,100989,100,99960,100,101102,100,99952,100,101168,100,99923,100,101581,100,99899,100,101745,100,99884,100
2019-06-28 10:06:50.000000000,100649,207,100599,207,100690,204,100398,204,100771,204,100376,204,100774,100,100150,200,100883,100,100149,22,100989,100,99960,100,101102,100,99952,100,101168,100,99923,100,101581,100,99899,100,101745,100,99884,100
2019-06-28 10:06:57.157053961,100649,107,100599,207,100690,204,100398,204,100771,204,100376,204,100774,100,100150,200,100883,100,100149,22,100989,100,99960,100,101102,100,99952,100,101168,100,99923,100,101581,100,99884,100,101745,100,99877,100
2019-06-28 10:07:00.000000000,100690,414,100599,414,100771,100,100398,100,100774,100,100376,100,100883,100,100150,200,100989,100,100149,22,101102,100,99960,100,101168,100,99952,100,101581,100,99923,100,101745,100,99884,100,,,99877,100
2019-06-28 10:07:10.000000000,100690,257,100599,257,100771,257,100398,257,100774,100,100376,100,100883,100,100150,200,100989,100,100149,22,101102,100,99960,100,101168,100,99952,100,101581,100,99923,100,101745,100,99884,100,,,99877,100
2019-06-28 10:07:16.433909745,100690,257,100599,257,100771,257,100398,257,100774,100,100376,100,100883,100,100150,200,100980,100,100149,22,100989,100,99960,100,101102,100,99952,100,101168,100,99923,100,101581,100,99884,100,101745,100,99877,100
2019-06-28 10:07:19.995961626,100690,257,100599,257,100771,257,100398,257,100774,100,100376,100,100883,100,100150,200,100980,100,100149,22,100989,100,99960,100,101055,100,99952,100,101102,100,99923,100,101168,100,99877,100,101581,100,99858,100
2019-06-28 10:07:20.000000000,100690,207,100599,207,100771,204,100398,204,100774,204,100376,204,100883,100,100150,200,100980,100,100149,22,100989,100,99960,100,101055,100,99952,100,101102,100,99923,100,101168,100,99877,100,101581,100,99858,100
2019-06-28 10:07:30.000000000,100690,414,100599,414,100771,100,100398,100,100774,100,100376,100,100883,100,100150,200,100980,100,100149,22,100989,100,99960,100,101055,100,99952,100,101102,100,99923,100,101168,100,99877,100,101581,100,99858,100
