,ask_price_1,ask_size_1,bid_price_1,bid_size_1,ask_price_2,ask_size_2,bid_price_2,bid_size_2,ask_price_3,ask_size_3,bid_price_3,bid_size_3,ask_price_4,ask_size_4,bid_price_4,bid_size_4,ask_price_5,ask_size_5,bid_price_5,bid_size_5,ask_price_6,ask_size_6,bid_price_6,bid_size_6,ask_price_7,ask_size_7,bid_price_7,bid_size_7,ask_price_8,ask_size_8,bid_price_8,bid_size_8,ask_price_9,ask_size_9,bid_price_9,bid_size_9,ask_price_10,ask_size_10,bid_price_10,bid_size_10
2019-06-28 09:30:00.000000000,99999,100,,,,,,,,,,,,,,,,,,,,,,,,,,,,,,,,,,,,,,
2019-06-28 09:30:00.000000001,99999,100,,,100192,100,,,,,,,,,,,,,,,,,,,,,,,,,,,,,,,,,,
2019-06-28 09:30:00.000000003,99999,100,99920,100,100192,100,99796,100,,,,,,,,,,,,,,,,,,,,,,,,,,,,,,,,
2019-06-28 09:30:00.000000004,99999,100,99992,100,100192,100,99920,100,,,99796,100,,,,,,,,,,,,,,,,,,,,,,,,,,,,
2019-06-28 09:30:00.000000006,99999,100,99992,100,100058,100,99989,100,100192,100,99920,100,,,99867,100,,,99852,100,,,99796,100,,,,,,,,,,,,,,,,
2019-06-28 09:30:00.000000012,99999,100,99992,100,100058,100,99989,100,100192,100,99920,100,,,99910,100,,,99867,100,,,99852,100,,,99796,100,,,,,,,,,,,,
2019-06-28 09:30:00.000000015,99999,100,99989,100,100058,100,99920,100,100192,100,99910,100,100204,100,99867,100,,,99852,100,,,99796,100,,,,,,,,,,,,,,,,
2019-06-28 09:30:00.000000016,99999,100,99989,100,100058,100,99920,100,100192,100,99914,100,100204,100,99910,100,,,99867,100,,,99852,100,,,99796,100,,,,,,,,,,,,
2019-06-28 09:30:00.000000019,99999,100,99920,100,100058,100,99914,100,100192,100,99910,100,100204,100,99867,100,,,99852,100,,,99796,100,,,,,,,,,,,,,,,,
2019-06-28 09:30:00.000000021,99992,100,99920,100,99999,100,99914,100,100058,100,99910,100,100192,100,99867,100,100204,100,99852,100,,,99796,100,,,,,,,,,,,,,,,,
2019-06-28 09:30:00.000000022,99992,100,99920,100,99999,100,99914,100,100058,100,99910,100,100084,100,99867,100,100192,100,99852,100,100204,100,99796,100,,,,,,,,,,,,,,,,
2019-06-28 09:30:00.000000024,99992,100,99920,100,99999,100,99914,100,100058,100,99910,100,100084,100,99882,100,100192,100,99867,100,100204,100,99852,100,,,99796,100,,,,,,,,,,,,
2019-06-28 09:30:00.000000027,99992,100,99920,100,99999,100,99914,100,100008,100,99910,100,100058,100,99882,100,100084,100,99867,100,100192,100,99852,100,100204,100,99796,100,,,,,,,,,,,,
2019-06-28 09:30:00.000000028,99992,100,99920,100,99999,100,99914,100,100008,100,99910,100,100058,100,99882,100,100084,100,99867,100,100192,100,99866,100,100204,100,99852,100,,,99796,100,,,,,,,,
2019-06-28 09:30:00.000000030,99992,100,99920,100,99999,100,99914,100,100008,100,99910,100,100058,100,99882,100,100084,100,99867,100,100192,100,99866,100,100204,100,99852,100,100206,100,99796,100,,,,,,,,
2019-06-28 09:30:00.000000031,99999,100,99920,100,100008,100,99914,100,100058,100,99910,100,100084,100,99882,100,100192,100,99867,100,100204,100,99866,100,100206,100,99852,100,,,99796,100,,,,,,,,
2019-06-28 09:30:00.000000034,100008,100,99920,100,100058,100,99914,100,100084,100,99910,100,100126,100,99882,100,100192,100,99867,100,100204,100,99866,100,100206,100,99852,100,,,99796,100,,,,,,,,
2019-06-28 09:30:00.000000036,100008,100,99920,100,100058,100,99914,100,100084,100,99910,100,100097,100,99882,100,100126,100,99867,100,100192,100,99866,100,100204,100,99852,100,100206,100,99796,100,,,,,,,,
2019-06-28 09:30:00.000000039,99999,100,99920,100,100008,100,99914,100,100058,100,99910,100,100084,100,99882,100,100097,100,99868,100,100126,100,99867,100,100192,100,99866,100,100204,100,99852,100,100206,100,99796,100,,,,
2019-06-28 09:30:00.000000042,99999,100,99920,100,100008,100,99914,100,100039,100,99910,100,100058,100,99882,100,100084,100,99868,100,100097,100,99867,100,100126,100,99866,100,100192,100,99852,100,100204,100,99796,100,100206,100,,
2019-06-28 09:30:00.000000043,99999,100,99992,100,100008,100,99920,100,100039,100,99914,100,100058,100,99910,100,100084,100,99882,100,100097,100,99868,100,100126,100,99867,100,100192,100,99866,100,100204,100,99852,100,100206,100,99796,100
2019-06-28 09:30:00.000000045,100008,100,99999,100,100039,100,99992,100,100058,100,99920,100,100084,100,99914,100,100097,100,99910,100,100126,100,99882,100,100192,100,99868,100,100204,100,99867,100,100206,100,99866,100,,,99852,100
2019-06-28 09:30:00.000000048,100039,100,99999,100,100058,100,99992,100,100060,100,99920,100,100084,100,99914,100,100097,100,99910,100,100114,100,99882,100,100126,100,99868,100,100192,100,99867,100,100204,100,99866,100,100206,100,99852,100
2019-06-28 09:30:00.000000049,100039,100,99999,100,100058,100,99992,100,100060,100,99920,100,100084,100,99914,100,100097,100,99910,100,100114,100,99882,100,100126,100,99869,100,100192,100,99868,100,100204,100,99867,100,100206,100,99866,100
2019-06-28 09:30:00.000000050,100039,100,100009,100,100058,100,99999,100,100060,100,99992,100,100084,100,99920,100,100097,100,99914,100,100114,100,99910,100,100126,100,99882,100,100192,100,99869,100,100204,100,99868,100,100206,100,99867,100
2019-06-28 09:30:00.000000052,100039,100,99999,100,100058,100,99992,100,100060,100,99948,100,100084,100,99920,100,100097,100,99914,100,100114,100,99910,100,100126,100,99882,100,100192,100,99869,100,100204,100,99868,100,100206,100,99867,100
2019-06-28 09:30:00.000000053,100009,100,99999,100,100039,100,99992,100,100058,100,99948,100,100060,100,99920,100,100084,100,99914,100,100097,100,99910,100,100114,100,99882,100,100126,100,99869,100,100192,100,99868,100,100204,100,99867,100
2019-06-28 09:30:00.000000059,100009,100,99999,100,100039,100,99992,100,100058,100,99948,100,100060,100,99923,100,100084,100,99920,100,100097,100,99914,100,100114,100,99910,100,100126,100,99882,100,100192,100,99869,100,100204,100,99868,100
2019-06-28 09:30:00.000000061,100009,100,99999,100,100039,100,99992,100,100058,100,99948,100,100060,100,99923,100,100084,100,99920,100,100097,100,99914,100,100114,100,99910,100,100126,100,99883,100,100192,100,99882,100,100204,100,99869,100
2019-06-28 09:30:00.000000064,100009,100,100008,100,100039,100,99999,100,100058,100,99992,100,100060,100,99948,100,100084,100,99923,100,100097,100,99920,100,100114,100,99914,100,100126,100,99910,100,100192,100,99883,100,100204,100,99882,100
2019-06-28 09:30:00.000000066,100009,200,100008,100,100039,100,99999,100,100058,100,99992,100,100060,100,99970,100,100084,100,99948,100,100097,100,99923,100,100114,100,99920,100,100126,100,99914,100,100192,100,99910,100,100204,100,99883,100
2019-06-28 09:30:00.000000068,100009,200,100008,100,100039,100,99999,100,100058,100,99992,100,100060,100,99970,100,100084,100,99948,100,100097,100,99923,100,100114,100,99920,100,100126,100,99914,100,100192,100,99910,100,100204,100,99883,100
2019-06-28 09:30:00.000000069,100009,200,100008,100,100039,100,99999,100,100058,100,99992,100,100060,100,99970,100,100084,100,99948,100,100097,100,99923,100,100114,100,99920,100,100126,100,99914,100,100192,100,99910,100,100204,100,99883,100
2019-06-28 09:30:00.000000070,100009,200,100008,100,100039,100,99999,100,100058,100,99992,100,100060,100,99970,100,100084,100,99951,100,100097,100,99948,100,100114,100,99923,100,100126,100,99920,100,100192,100,99914,100,100204,100,99910,100
2019-06-28 09:30:00.000000073,100009,200,100008,100,100039,100,99999,100,100058,100,99992,100,100060,100,99970,100,100084,100,99951,100,100097,100,99948,100,100098,100,99923,100,100114,100,99920,100,100126,100,99914,100,100192,100,99910,100
2019-06-28 09:30:00.000000074,100009,200,100008,100,100039,100,99999,100,100058,100,99992,100,100060,100,99970,100,100084,100,99951,100,100097,100,99948,100,100098,100,99923,100,100106,100,99920,100,100114,100,99914,100,100126,100,99910,100
2019-06-28 09:30:00.000000076,100009,200,100008,100,100039,100,99999,100,100052,100,99992,100,100058,100,99970,100,100060,100,99951,100,100084,100,99948,100,100097,100,99923,100,100098,100,99920,100,100106,100,99914,100,100114,100,99910,100
2019-06-28 09:30:00.000000077,100009,200,100008,100,100039,100,99999,100,100052,100,99992,100,100058,100,99970,100,100060,100,99951,100,100084,100,99948,100,100097,100,99923,100,100098,100,99920,100,100106,100,99914,100,100114,100,99910,100
2019-06-28 09:30:00.000000079,100009,200,100008,100,100039,100,99999,100,100052,100,99992,100,100058,100,99970,100,100060,100,99951,100,100084,100,99948,100,100092,100,99923,100,100097,100,99920,100,100098,100,99914,100,100106,100,99910,100
2019-06-28 09:30:00.000000081,100009,200,100008,100,100039,100,99999,100,100052,100,99992,100,100058,100,99970,100,100060,100,99951,100,100084,100,99948,100,100092,100,99923,100,100097,100,99920,100,100098,100,99914,100,100106,100,99910,100
2019-06-28 09:30:00.000000086,100009,100,100008,100,100039,100,99999,100,100052,100,99992,100,100058,100,99970,100,100060,100,99951,100,100084,100,99948,100,100092,100,99923,100,100097,100,99920,100,100098,100,99914,100,100106,100,99910,100
2019-06-28 09:30:00.000000088,100009,100,99999,100,100039,100,99992,100,100052,100,99970,100,100058,100,99951,100,100060,100,99948,100,100084,100,99923,100,100092,100,99920,100,100097,100,99914,100,100098,100,99910,100,100106,100,99883,100
2019-06-28 09:30:00.000000089,100009,100,99999,100,100039,100,99992,100,100052,100,99970,100,100058,100,99951,100,100060,100,99948,100,100082,100,99942,100,100084,100,99923,100,100092,100,99920,100,100097,100,99914,100,100098,100,99910,100
2019-06-28 09:30:00.000000090,100009,100,99999,100,100012,100,99992,100,100039,100,99970,100,100052,100,99951,100,100058,100,99948,100,100060,100,99942,100,100082,100,99923,100,100084,100,99920,100,100092,100,99914,100,100097,100,99910,100
2019-06-28 09:30:00.000000094,100008,100,99999,100,100009,100,99992,100,100012,100,99970,100,100039,100,99951,100,100052,100,99948,100,100058,100,99942,100,100060,100,99923,100,100082,100,99920,100,100084,100,99914,100,100092,100,99910,100
2019-06-28 09:30:00.000000096,100009,100,99999,100,100012,100,99992,100,100039,100,99970,100,100052,100,99951,100,100058,100,99948,100,100060,100,99942,100,100082,100,99923,100,100084,100,99920,100,100092,100,99914,100,100097,100,99910,100
2019-06-28 09:30:00.000000098,100009,100,99999,100,100012,100,99992,100,100039,100,99970,100,100052,100,99951,100,100058,100,99948,100,100060,100,99942,100,100082,100,99923,100,100084,100,99920,100,100092,100,99914,100,100097,100,99910,100
2019-06-28 09:30:00.000000099,100012,100,99999,100,100039,100,99992,100,100052,100,99970,100,100058,100,99951,100,100060,100,99948,100,100082,100,99942,100,100084,100,99923,100,100092,100,99920,100,100097,100,99914,100,100098,100,99910,100
2019-06-28 09:30:03.849704463,100012,100,99999,100,100039,100,99992,100,100052,100,99970,100,100058,100,99951,100,100060,100,99948,100,100082,100,99942,100,100084,100,99923,100,100092,100,99920,100,100097,100,99914,100,100098,100,99910,100
2019-06-28 09:30:09.214345105,100012,100,99992,100,100039,100,99970,100,100052,100,99951,100,100058,100,99948,100,100060,100,99942,100,100082,100,99923,100,100084,100,99920,100,100092,100,99914,100,100097,100,99910,100,100098,100,99898,100
2019-06-28 09:30:10.000000000,100012,154,99992,154,100039,154,99970,154,100052,154,99951,154,100058,154,99948,154,100060,154,99942,154,100082,100,99923,100,100084,100,99920,100,100092,100,99914,100,100097,100,99910,100,100098,100,99898,100
2019-06-28 09:30:11.910449164,100009,100,99992,154,100012,154,99970,154,100039,154,99951,154,100052,154,99948,154,100058,154,99942,154,100060,154,99923,100,100082,100,99920,100,100084,100,99914,100,100092,100,99910,100,100097,100,99898,100
2019-06-28 09:30:15.817430712,100009,100,99992,154,100012,154,99970,154,100039,154,99951,154,100052,154,99948,154,100058,154,99942,154,100060,154,99923,100,100082,100,99920,100,100084,100,99914,100,100092,100,99910,100,100097,100,99898,100
2019-06-28 09:30:20.000000000,100009,372,99992,372,100012,100,99970,100,100039,100,99951,100,100052,100,99948,100,100058,100,99942,100,100060,100,99923,100,100082,100,99920,100,100084,100,99914,100,100092,100,99910,100,100097,100,99898,100
2019-06-28 09:30:30.000000000,100009,236,99992,236,100012,236,99970,236,100039,100,99951,100,100052,100,99948,100,100058,100,99942,100,100060,100,99923,100,100082,100,99920,100,100084,100,99914,100,100092,100,99910,100,100097,100,99898,100
2019-06-28 09:30:33.097470412,100009,236,99992,136,100012,236,99970,236,100039,100,99951,100,100052,100,99948,100,100058,100,99942,100,100060,100,99923,100,100082,100,99914,100,100084,100,99910,100,100092,100,99898,100,100097,100,99883,100
2019-06-28 09:30:40.000000000,100009,372,99970,372,100012,100,99951,100,100039,100,99948,100,100052,100,99942,100,100058,100,99923,100,100060,100,99914,100,100082,100,99910,100,100084,100,99898,100,100092,100,99883,100,100097,100,99882,200
2019-06-28 09:30:49.053467097,99999,100,99970,372,100009,372,99951,100,100012,100,99948,100,100039,100,99942,100,100052,100,99923,100,100058,100,99914,100,100060,100,99910,100,100082,100,99898,100,100084,100,99883,100,100092,100,99882,200
2019-06-28 09:30:50.000000000,99999,372,99970,372,100009,100,99951,100,100012,100,99948,100,100039,100,99942,100,100052,100,99923,100,100058,100,99914,100,100060,100,99910,100,100082,100,99898,100,100084,100,99883,100,100092,100,99882,200
2019-06-28 09:30:58.549582481,99999,372,99970,272,100009,100,99951,100,100012,100,99948,100,100039,100,99942,100,100052,100,99914,100,100058,100,99910,100,100060,100,99898,100,100082,100,99883,100,100084,100,99882,200,100092,100,99869,100
2019-06-28 09:31:00.000000000,99999,372,99951,372,100009,100,99948,100,100012,100,99942,100,100039,100,99914,100,100052,100,99910,100,100058,100,99898,100,100060,100,99883,100,100082,100,99882,200,100084,100,99869,100,100092,100,99868,100
2019-06-28 09:31:10.000000000,99999,154,99951,154,100009,154,99948,154,100012,154,99942,154,100039,154,99914,154,100052,154,99910,154,100058,100,99898,100,100060,100,99883,100,100082,100,99882,200,100084,100,99869,100,100092,100,99868,100
2019-06-28 09:31:20.000000000,99999,168,99951,168,100009,168,99948,168,100012,168,99942,168,100039,168,99914,168,100052,100,99910,100,100058,100,99898,100,100060,100,99883,100,100082,100,99882,200,100084,100,99869,100,100092,100,99868,100
2019-06-28 09:31:28.834551788,99999,168,99951,68,100009,168,99948,168,100012,168,99942,168,100039,168,99914,168,100052,100,99910,100,100058,100,99898,100,100060,100,99883,100,100082,100,99882,200,100084,100,99869,100,100092,100,99868,100
2019-06-28 09:31:30.000000000,99999,236,99948,236,100009,236,99942,236,100012,100,99914,100,100039,100,99910,100,100052,100,99898,100,100058,100,99883,100,100060,100,99882,200,100082,100,99869,100,100084,100,99868,100,100092,100,99867,100
2019-06-28 09:31:40.000000000,99999,372,99948,372,100009,100,99942,100,100012,100,99914,100,100039,100,99910,100,100052,100,99898,100,100058,100,99883,100,100060,100,99882,200,100082,100,99869,100,100084,100,99868,100,100092,100,99867,100
2019-06-28 09:31:50.000000000,99999,192,99948,192,100009,190,99942,190,100012,190,99914,190,100039,100,99910,100,100052,100,99898,100,100058,100,99883,100,100060,100,99882,200,100082,100,99869,100,100084,100,99868,100,100092,100,99867,100
2019-06-28 09:31:58.123710643,99999,192,99948,92,100009,190,99942,90,100012,190,99914,190,100039,100,99910,100,100052,100,99898,100,100058,100,99883,100,100060,100,99882,200,100082,100,99869,100,100084,100,99868,100,100092,100,99867,100
2019-06-28 09:32:00.000000000,99999,154,99914,154,100009,154,99910,154,100012,154,99898,154,100039,154,99883,154,100052,154,99882,254,100058,100,99869,100,100060,100,99868,100,100082,100,99867,100,100084,100,99852,100,100092,100,99821,100
2019-06-28 09:32:10.000000000,99999,154,99914,154,100009,154,99910,154,100012,154,99898,154,100039,154,99883,154,100052,154,99882,254,100058,100,99869,100,100060,100,99868,100,100082,100,99867,100,100084,100,99852,100,100092,100,99821,100
2019-06-28 09:32:20.000000000,99999,236,99914,236,100009,236,99910,236,100012,100,99898,100,100039,100,99883,100,100052,100,99882,200,100058,100,99869,100,100060,100,99868,100,100082,100,99867,100,100084,100,99852,100,100092,100,99821,100
2019-06-28 09:32:30.000000000,99999,192,99914,192,100009,190,99910,190,100012,190,99898,190,100039,100,99883,100,100052,100,99882,200,100058,100,99869,100,100060,100,99868,100,100082,100,99867,100,100084,100,99852,100,100092,100,99821,100
2019-06-28 09:32:40.000000000,99999,168,99914,168,100009,168,99910,168,100012,168,99898,168,100039,168,99883,168,100052,100,99882,200,100058,100,99869,100,100060,100,99868,100,100082,100,99867,100,100084,100,99852,100,100092,100,99821,100
2019-06-28 09:32:50.000000000,99999,168,99914,168,100009,168,99910,168,100012,168,99898,168,100039,168,99883,168,100052,100,99882,200,100058,100,99869,100,100060,100,99868,100,100082,100,99867,100,100084,100,99852,100,100092,100,99821,100
2019-06-28 09:32:56.193150015,99951,100,99914,168,99999,168,99910,168,100009,168,99898,168,100012,168,99883,168,100039,168,99882,200,100052,100,99869,100,100058,100,99868,100,100060,100,99867,100,100082,100,99852,100,100084,100,99821,100
2019-06-28 09:33:00.000000000,99951,192,99914,192,99999,190,99910,190,100009,190,99898,190,100012,100,99883,100,100039,100,99882,200,100052,100,99869,100,100058,100,99868,100,100060,100,99867,100,100082,100,99852,100,100084,100,99821,100
2019-06-28 09:33:10.000000000,99951,372,99914,372,99999,100,99910,100,100009,100,99898,100,100012,100,99883,100,100039,100,99882,200,100052,100,99869,100,100058,100,99868,100,100060,100,99867,100,100082,100,99852,100,100084,100,99821,100
2019-06-28 09:33:13.397373445,99951,372,99914,372,99999,100,99910,100,100009,100,99898,100,100012,100,99883,100,100039,100,99882,200,100052,100,99869,100,100058,100,99868,100,100060,100,99867,100,100082,100,99821,100,100084,100,99819,100
2019-06-28 09:33:20.000000000,99951,168,99914,168,99999,168,99910,168,100009,168,99898,168,100012,168,99883,168,100039,100,99882,200,100052,100,99869,100,100058,100,99868,100,100060,100,99867,100,100082,100,99821,100,100084,100,99819,100
2019-06-28 09:33:30.000000000,99951,154,99914,154,99999,154,99910,154,100009,154,99898,154,100012,154,99883,154,100039,154,99882,254,100052,100,99869,100,100058,100,99868,100,100060,100,99867,100,100082,100,99821,100,100084,100,99819,100
2019-06-28 09:33:40.000000000,99951,372,99914,372,99999,100,99910,100,100009,100,99898,100,100012,100,99883,100,100039,100,99882,200,100052,100,99869,100,100058,100,99868,100,100060,100,99867,100,100082,100,99821,100,100084,100,99819,100
2019-06-28 09:33:42.960770127,99951,372,99914,272,99999,100,99910,100,100009,100,99898,100,100012,100,99883,100,100039,100,99882,200,100052,100,99869,100,100058,100,99868,100,100060,100,99867,100,100082,100,99821,100,100084,100,99819,100
2019-06-28 09:33:50.000000000,99951,168,99910,168,99999,168,99898,168,100009,168,99883,168,100012,168,99882,268,100039,100,99869,100,100052,100,99868,100,100058,100,99867,100,100060,100,99821,100,100082,100,99819,100,100084,100,99796,100
2019-06-28 09:33:57.064932653,99951,168,99910,168,99999,168,99898,168,100009,168,99883,168,100012,168,99882,268,100039,100,99869,100,100058,100,99868,100,100060,100,99867,100,100082,100,99821,100,100084,100,99819,100,100092,100,99796,100
2019-06-28 09:34:00.000000000,99951,372,99910,372,99999,100,99898,100,100009,100,99883,100,100012,100,99882,200,100039,100,99869,100,100058,100,99868,100,100060,100,99867,100,100082,100,99821,100,100084,100,99819,100,100092,100,99796,100
2019-06-28 09:34:10.000000000,99951,154,99910,154,99999,154,99898,154,100009,154,99883,154,100012,154,99882,254,100039,154,99869,154,100058,100,99868,100,100060,100,99867,100,100082,100,99821,100,100084,100,99819,100,100092,100,99796,100
2019-06-28 09:34:14.845888623,99951,154,99910,154,99999,154,99898,154,100009,154,99883,154,100012,154,99882,254,100039,154,99869,154,100058,100,99867,100,100060,100,99821,100,100082,100,99819,100,100084,100,99796,100,100092,100,99725,100
2019-06-28 09:34:14.932116160,99951,154,99910,154,99999,154,99898,154,100009,154,99883,154,100012,154,99882,254,100039,154,99869,154,100058,100,99867,100,100060,100,99821,100,100082,100,99819,100,100084,100,99796,100,100092,100,99725,100
2019-06-28 09:34:20.000000000,99951,154,99910,154,99999,154,99898,154,100009,154,99883,154,100012,154,99882,254,100039,154,99869,154,100058,100,99867,100,100060,100,99821,100,100082,100,99819,100,100084,100,99796,100,100092,100,99725,100
2019-06-28 09:34:30.000000000,99951,192,99910,192,99999,190,99898,190,100009,190,99883,190,100012,100,99882,200,100039,100,99869,100,100058,100,99867,100,100060,100,99821,100,100082,100,99819,100,100084,100,99796,100,100092,100,99725,100
2019-06-28 09:34:33.274497726,99948,100,99910,192,99951,192,99898,190,99999,190,99883,190,100009,190,99882,200,100012,100,99869,100,100039,100,99867,100,100058,100,99821,100,100060,100,99819,100,100082,100,99796,100,100084,100,99725,100
2019-06-28 09:34:40.000000000,99948,192,99910,192,99951,190,99898,190,99999,190,99883,190,100009,100,99882,200,100012,100,99869,100,100039,100,99867,100,100058,100,99821,100,100060,100,99819,100,100082,100,99796,100,100084,100,99725,100
2019-06-28 09:34:50.000000000,99948,154,99910,154,99951,154,99898,154,99999,154,99883,154,100009,154,99882,254,100012,154,99869,154,100039,100,99867,100,100058,100,99821,100,100060,100,99819,100,100082,100,99796,100,100084,100,99725,100
2019-06-28 09:35:00.000000000,99948,372,99910,372,99951,100,99898,100,99999,100,99883,100,100009,100,99882,200,100012,100,99869,100,100039,100,99867,100,100058,100,99821,100,100060,100,99819,100,100082,100,99796,100,100084,100,99725,100
2019-06-28 09:35:01.070669225,99948,372,99910,372,99951,100,99898,100,99999,100,99883,100,100009,100,99882,200,100012,100,99869,100,100039,100,99867,100,100058,100,99821,100,100060,100,99819,100,100082,100,99796,100,100084,100,99725,100
2019-06-28 09:35:01.346125491,99948,472,99910,372,99951,100,99898,100,99999,100,99883,100,100009,100,99882,200,100012,100,99869,100,100039,100,99867,100,100058,100,99821,100,100060,100,99819,100,100082,100,99796,100,100084,100,99725,100
2019-06-28 09:35:07.100546210,99948,472,99910,272,99951,100,99898,100,99999,100,99883,100,100009,100,99882,100,100012,100,99869,100,100039,100,99867,100,100058,100,99821,100,100060,100,99819,100,100082,100,99796,100,100084,100,99725,100
2019-06-28 09:35:10.000000000,99948,472,99898,372,99951,100,99883,100,99999,100,99882,100,100009,100,99869,100,100012,100,99867,100,100039,100,99821,100,100058,100,99819,100,100060,100,99796,100,100082,100,99725,100,100084,100,99499,100
2019-06-28 09:35:20.000000000,99948,268,99898,168,99951,168,99883,168,99999,168,99882,168,100009,168,99869,168,100012,100,99867,100,100039,100,99821,100,100058,100,99819,100,100060,100,99796,100,100082,100,99725,100,100084,100,99499,100
2019-06-28 09:35:30.000000000,99948,268,99898,168,99951,168,99883,168,99999,168,99882,168,100009,168,99869,168,100012,100,99867,100,100039,100,99821,100,100058,100,99819,100,100060,100,99796,100,100082,100,99725,100,100084,100,99499,100
2019-06-28 09:35:40.000000000,99948,336,99898,236,99951,236,99883,236,99999,100,99882,100,100009,100,99869,100,100012,100,99867,100,100039,100,99821,100,100058,100,99819,100,100060,100,99796,100,100082,100,99725,100,100084,100,99499,100
2019-06-28 09:35:48.600553890,99948,336,99898,236,99951,236,99883,236,99999,100,99882,100,100009,100,99869,100,100012,100,99867,100,100039,100,99821,100,100060,100,99819,100,100082,100,99796,100,100084,100,99725,100,100092,100,99499,100
2019-06-28 09:35:50.000000000,99948,472,99898,372,99951,100,99883,100,99999,100,99882,100,100009,100,99869,100,100012,100,99867,100,100039,100,99821,100,100060,100,99819,100,100082,100,99796,100,100084,100,99725,100,100092,100,99499,100
2019-06-28 09:36:00.000000000,99948,336,99898,236,99951,236,99883,236,99999,100,99882,100,100009,100,99869,100,100012,100,99867,100,100039,100,99821,100,100060,100,99819,100,100082,100,99796,100,100084,100,99725,100,100092,100,99499,100
2019-06-28 09:36:10.000000000,99948,336,99898,236,99951,236,99883,236,99999,100,99882,100,100009,100,99869,100,100012,100,99867,100,100039,100,99821,100,100060,100,99819,100,100082,100,99796,100,100084,100,99725,100,100092,100,99499,100
2019-06-28 09:36:11.568961395,99948,336,99898,136,99951,236,99883,236,99999,100,99882,100,100009,100,99869,100,100012,100,99867,100,100039,100,99821,100,100060,100,99819,100,100084,100,99796,100,100092,100,99725,100,100097,100,99499,100
2019-06-28 09:36:12.343635606,99948,336,99898,36,99951,236,99883,236,99999,100,99882,100,100009,100,99869,100,100012,100,99867,100,100039,100,99821,100,100060,100,99819,100,100084,100,99796,100,100092,100,99725,100,100097,100,99499,100
2019-06-28 09:36:20.000000000,99948,336,99883,236,99951,236,99882,236,99999,100,99869,100,100009,100,99867,100,100012,100,99821,100,100039,100,99819,100,100060,100,99796,100,100084,100,99725,100,100092,100,99499,100,100097,100,99469,100
2019-06-28 09:36:30.000000000,99948,292,99883,192,99951,190,99882,190,99999,190,99869,190,100009,100,99867,100,100012,100,99821,100,100039,100,99819,100,100060,100,99796,100,100084,100,99725,100,100092,100,99499,100,100097,100,99469,100
2019-06-28 09:36:35.151045972,99948,292,99883,192,99951,190,99882,190,99999,190,99869,190,100009,100,99867,100,100012,100,99821,100,100039,100,99819,100,100060,100,99796,100,100084,100,99725,100,100092,100,99499,100,100097,100,99469,100
2019-06-28 09:36:40.000000000,99948,336,99883,236,99951,236,99882,236,99999,100,99869,100,100009,100,99867,100,100012,100,99821,100,100039,100,99819,100,100060,100,99796,100,100084,100,99725,100,100092,100,99499,100,100097,100,99469,100
2019-06-28 09:36:50.000000000,99948,292,99883,192,99951,190,99882,190,99999,190,99869,190,100009,100,99867,100,100012,100,99821,100,100039,100,99819,100,100060,100,99796,100,100084,100,99725,100,100092,100,99499,100,100097,100,99469,100
2019-06-28 09:36:52.846271324,99948,292,99883,92,99951,190,99882,190,99999,190,99869,190,100009,100,99867,100,100012,100,99821,100,100039,100,99819,100,100060,100,99796,100,100084,100,99725,100,100092,100,99499,100,100097,100,99469,100
2019-06-28 09:37:00.000000000,99948,336,99882,236,99951,236,99869,236,99999,100,99867,100,100009,100,99821,100,100012,100,99819,100,100039,100,99796,100,100060,100,99725,100,100084,100,99499,100,100092,100,99469,100,100097,100,99382,100
2019-06-28 09:37:10.000000000,99948,268,99882,168,99951,168,99869,168,99999,168,99867,168,100009,168,99821,168,100012,100,99819,100,100039,100,99796,100,100060,100,99725,100,100084,100,99499,100,100092,100,99469,100,100097,100,99382,100
2019-06-28 09:37:11.371887362,99948,268,99882,168,99951,168,99869,168,99999,168,99867,168,100009,168,99821,168,100012,100,99819,100,100039,100,99796,100,100060,100,99725,100,100084,100,99499,100,100092,100,99469,100,100097,100,99382,100
2019-06-28 09:37:20.000000000,99948,268,99882,168,99951,168,99869,168,99999,168,99867,168,100009,168,99821,168,100012,100,99819,100,100039,100,99796,100,100060,100,99725,100,100084,100,99499,100,100092,100,99469,100,100097,100,99382,100
2019-06-28 09:37:25.173050988,99948,268,99882,68,99951,168,99869,168,99999,168,99867,168,100009,168,99821,168,100012,100,99819,100,100039,100,99796,100,100060,100,99725,100,100084,100,99499,100,100092,100,99469,100,100097,100,99382,100
2019-06-28 09:37:30.000000000,99948,268,99869,168,99951,168,99867,168,99999,168,99821,168,100009,168,99819,168,100012,100,99796,100,100039,100,99725,100,100060,100,99499,100,100084,100,99469,100,100092,100,99382,100,100097,100,99223,100
2019-06-28 09:37:40.000000000,99948,292,99869,192,99951,190,99867,190,99999,190,99821,190,100009,100,99819,100,100012,100,99796,100,100039,100,99725,100,100060,100,99499,100,100084,100,99469,100,100092,100,99382,100,100097,100,99223,100
2019-06-28 09:37:50.000000000,99948,336,99869,236,99951,236,99867,236,99999,100,99821,100,100009,100,99819,100,100012,100,99796,100,100039,100,99725,100,100060,100,99499,100,100084,100,99469,100,100092,100,99382,100,100097,100,99223,100
2019-06-28 09:38:00.000000000,99948,268,99869,168,99951,168,99867,168,99999,168,99821,168,100009,168,99819,168,100012,100,99796,100,100039,100,99725,100,100060,100,99499,100,100084,100,99469,100,100092,100,99382,100,100097,100,99223,100
2019-06-28 09:38:03.451508804,99948,268,99869,68,99951,168,99867,168,99999,168,99821,168,100009,168,99819,168,100012,100,99796,100,100039,100,99725,100,100060,100,99499,100,100084,100,99469,100,100092,100,99382,100,100097,100,99223,100
2019-06-28 09:38:06.649611765,99948,268,99869,68,99951,168,99867,168,99999,168,99821,168,100009,168,99819,168,100012,100,99796,100,100060,100,99725,100,100084,100,99699,100,100092,100,99499,100,100097,100,99469,100,100098,100,99382,100
2019-06-28 09:38:10.000000000,99948,268,99867,168,99951,168,99821,168,99999,168,99819,168,100009,168,99796,168,100012,100,99725,100,100060,100,99699,100,100084,100,99499,100,100092,100,99469,100,100097,100,99382,100,100098,100,99223,100
2019-06-28 09:38:15.943771249,99872,100,99867,168,99948,268,99821,168,99951,168,99819,168,99999,168,99796,168,100009,168,99725,100,100012,100,99699,100,100060,100,99499,100,100084,100,99469,100,100092,100,99382,100,100097,100,99223,100
2019-06-28 09:38:20.000000000,99872,372,99867,372,99948,200,99821,100,99951,100,99819,100,99999,100,99796,100,100009,100,99725,100,100012,100,99699,100,100060,100,99499,100,100084,100,99469,100,100092,100,99382,100,100097,100,99223,100
2019-06-28 09:38:30.000000000,99872,236,99867,236,99948,336,99821,236,99951,100,99819,100,99999,100,99796,100,100009,100,99725,100,100012,100,99699,100,100060,100,99499,100,100084,100,99469,100,100092,100,99382,100,100097,100,99223,100
2019-06-28 09:38:40.000000000,99872,236,99867,236,99948,336,99821,236,99951,100,99819,100,99999,100,99796,100,100009,100,99725,100,100012,100,99699,100,100060,100,99499,100,100084,100,99469,100,100092,100,99382,100,100097,100,99223,100
2019-06-28 09:38:50.000000000,99872,192,99867,192,99948,290,99821,190,99951,190,99819,190,99999,100,99796,100,100009,100,99725,100,100012,100,99699,100,100060,100,99499,100,100084,100,99469,100,100092,100,99382,100,100097,100,99223,100
2019-06-28 09:38:59.606959735,99872,92,99867,192,99948,290,99821,190,99951,190,99819,190,99999,100,99796,100,100009,100,99725,100,100012,100,99699,100,100060,100,99499,100,100084,100,99469,100,100092,100,99382,100,100097,100,99223,100
2019-06-28 09:39:00.000000000,99948,472,99867,372,99951,100,99821,100,99999,100,99819,100,100009,100,99796,100,100012,100,99725,100,100060,100,99699,100,100084,100,99499,100,100092,100,99469,100,100097,100,99382,100,100098,100,99223,100
2019-06-28 09:39:01.754077246,99948,472,99867,372,99951,100,99821,100,99999,100,99819,100,100009,100,99796,100,100012,100,99725,100,100060,100,99699,100,100084,100,99499,100,100092,100,99469,100,100097,100,99382,100,100106,100,99223,100
2019-06-28 09:39:05.342255395,99948,472,99867,272,99951,100,99821,100,99999,100,99819,100,100009,100,99796,100,100012,100,99725,100,100060,100,99699,100,100084,100,99499,100,100092,100,99469,100,100097,100,99382,100,100106,100,99223,100
2019-06-28 09:39:10.000000000,99948,292,99821,192,99951,190,99819,190,99999,190,99796,190,100009,100,99725,100,100012,100,99699,100,100060,100,99499,100,100084,100,99469,100,100092,100,99382,100,100097,100,99223,100,100106,100,99041,100
2019-06-28 09:39:20.000000000,99948,254,99821,154,99951,154,99819,154,99999,154,99796,154,100009,154,99725,154,100012,154,99699,154,100060,100,99499,100,100084,100,99469,100,100092,100,99382,100,100097,100,99223,100,100106,100,99041,100
2019-06-28 09:39:30.000000000,99948,336,99821,236,99951,236,99819,236,99999,100,99796,100,100009,100,99725,100,100012,100,99699,100,100060,100,99499,100,100084,100,99469,100,100092,100,99382,100,100097,100,99223,100,100106,100,99041,100
2019-06-28 09:39:31.154367005,99948,336,99821,236,99951,236,99819,236,99999,100,99796,100,100009,100,99725,100,100012,100,99651,100,100060,100,99499,100,100084,100,99469,100,100092,100,99382,100,100097,100,99223,100,100106,100,99041,100
2019-06-28 09:39:40.000000000,99948,268,99821,168,99951,168,99819,168,99999,168,99796,168,100009,168,99725,168,100012,100,99651,100,100060,100,99499,100,100084,100,99469,100,100092,100,99382,100,100097,100,99223,100,100106,100,99041,100
2019-06-28 09:39:42.919895894,99948,268,99821,168,99951,168,99819,168,99999,168,99796,68,100009,168,99725,168,100012,100,99651,100,100060,100,99634,100,100084,100,99499,100,100092,100,99469,100,100097,100,99382,100,100106,100,99223,100
2019-06-28 09:39:50.000000000,99948,268,99821,168,99951,168,99819,168,99999,168,99725,168,100009,168,99651,168,100012,100,99634,100,100060,100,99499,100,100084,100,99469,100,100092,100,99382,100,100097,100,99223,100,100106,100,99041,100
2019-06-28 09:39:56.599037348,99948,268,99821,168,99951,168,99819,168,99999,168,99725,168,100009,168,99651,168,100012,100,99634,100,100060,100,99499,100,100084,100,99469,100,100092,100,99382,100,100093,100,99223,100,100097,100,99041,100
2019-06-28 09:40:00.000000000,99948,292,99821,192,99951,190,99819,190,99999,190,99725,190,100009,100,99651,100,100012,100,99634,100,100060,100,99499,100,100084,100,99469,100,100092,100,99382,100,100093,100,99223,100,100097,100,99041,100
2019-06-28 09:40:10.000000000,99948,254,99821,154,99951,154,99819,154,99999,154,99725,154,100009,154,99651,154,100012,154,99634,154,100060,100,99499,100,100084,100,99469,100,100092,100,99382,100,100093,100,99223,100,100097,100,99041,100
2019-06-28 09:40:20.000000000,99948,254,99821,154,99951,154,99819,154,99999,154,99725,154,100009,154,99651,154,100012,154,99634,154,100060,100,99499,100,100084,100,99469,100,100092,100,99382,100,100093,100,99223,100,100097,100,99041,100
2019-06-28 09:40:25.800745683,99948,254,99821,154,99951,154,99819,154,99999,154,99725,154,100009,154,99651,154,100012,154,99634,154,100060,100,99508,100,100084,100,99499,100,100092,100,99469,100,100093,100,99382,100,100097,100,99223,100
2019-06-28 09:40:27.091603692,99871,100,99821,154,99948,254,99819,154,99951,154,99725,154,99999,154,99651,154,100009,154,99634,154,100012,154,99508,100,100060,100,99499,100,100084,100,99469,100,100092,100,99382,100,100093,100,99223,100
2019-06-28 09:40:30.000000000,99871,168,99821,168,99948,268,99819,168,99951,168,99725,168,99999,168,99651,168,100009,100,99634,100,100012,100,99508,100,100060,100,99499,100,100084,100,99469,100,100092,100,99382,100,100093,100,99223,100
2019-06-28 09:40:30.474957371,99871,168,99821,68,99948,268,99819,168,99951,168,99725,168,99999,168,99651,168,100009,100,99634,100,100012,100,99508,100,100060,100,99499,100,100084,100,99469,100,100092,100,99382,100,100093,100,99223,100
2019-06-28 09:40:40.000000000,99871,236,99819,236,99948,336,99725,236,99951,100,99651,100,99999,100,99634,100,100009,100,99508,100,100012,100,99499,100,100060,100,99469,100,100084,100,99382,100,100092,100,99223,100,100093,100,99041,100
2019-06-28 09:40:50.000000000,99871,154,99819,154,99948,254,99725,154,99951,154,99651,154,99999,154,99634,154,100009,154,99508,154,100012,100,99499,100,100060,100,99469,100,100084,100,99382,100,100092,100,99223,100,100093,100,99041,100
2019-06-28 09:40:52.888727183,99867,100,99819,154,99871,154,99725,154,99948,154,99651,154,99951,154,99634,154,99999,154,99508,154,100009,154,99499,100,100012,100,99469,100,100060,100,99382,100,100084,100,99223,100,100092,100,99041,100
2019-06-28 09:41:00.000000000,99867,192,99819,192,99871,190,99725,190,99948,190,99651,190,99951,100,99634,100,99999,100,99508,100,100009,100,99499,100,100012,100,99469,100,100060,100,99382,100,100084,100,99223,100,100092,100,99041,100
2019-06-28 09:41:10.000000000,99867,154,99819,154,99871,154,99725,154,99948,154,99651,154,99951,154,99634,154,99999,154,99508,154,100009,100,99499,100,100012,100,99469,100,100060,100,99382,100,100084,100,99223,100,100092,100,99041,100
2019-06-28 09:41:20.000000000,99867,236,99819,236,99871,236,99725,236,99948,100,99651,100,99951,100,99634,100,99999,100,99508,100,100009,100,99499,100,100012,100,99469,100,100060,100,99382,100,100084,100,99223,100,100092,100,99041,100
2019-06-28 09:41:30.000000000,99867,168,99819,168,99871,168,99725,168,99948,168,99651,168,99951,168,99634,168,99999,100,99508,100,100009,100,99499,100,100012,100,99469,100,100060,100,99382,100,100084,100,99223,100,100092,100,99041,100
2019-06-28 09:41:34.185569040,99867,168,99819,68,99871,168,99725,168,99948,168,99651,168,99951,168,99634,168,99999,100,99508,100,100009,100,99499,100,100012,100,99469,100,100060,100,99382,100,100084,100,99223,100,100092,100,99041,100
2019-06-28 09:41:40.000000000,99867,236,99725,236,99871,236,99651,236,99948,100,99634,100,99951,100,99508,100,99999,100,99499,100,100009,100,99469,100,100012,100,99382,100,100060,100,99223,100,100084,100,99041,100,100092,100,99004,100
2019-06-28 09:41:42.080310024,99867,236,99725,136,99871,236,99651,236,99948,100,99634,100,99951,100,99508,100,99999,100,99499,100,100009,100,99469,100,100012,100,99223,100,100060,100,99041,100,100084,100,99004,100,100092,100,,
2019-06-28 09:41:42.791232467,99867,236,99725,36,99871,236,99651,236,99948,100,99634,100,99951,100,99508,100,99999,100,99499,100,100009,100,99469,100,100012,100,99223,100,100060,100,99041,100,100084,100,99004,100,100092,100,,
2019-06-28 09:41:50.000000000,99867,236,99651,236,99871,236,99634,236,99948,100,99508,100,99951,100,99499,100,99999,100,99469,100,100009,100,99223,100,100012,100,99041,100,100060,100,99004,100,100084,100,,,100092,100,,
2019-06-28 09:42:00.000000000,99867,372,99651,372,99871,100,99634,100,99948,100,99508,100,99951,100,99499,100,99999,100,99469,100,100009,100,99223,100,100012,100,99041,100,100060,100,99004,100,100084,100,,,100092,100,,
2019-06-28 09:42:04.078575944,99867,372,99651,372,99871,100,99634,100,99948,100,99508,100,99951,100,99499,100,99999,100,99469,100,100009,100,99223,100,100012,100,99041,100,100060,100,99037,100,100084,100,99004,100,100092,100,,
2019-06-28 09:42:10.000000000,99867,236,99651,236,99871,236,99634,236,99948,100,99508,100,99951,100,99499,100,99999,100,99469,100,100009,100,99223,100,100012,100,99041,100,100060,100,99037,100,100084,100,99004,100,100092,100,,
2019-06-28 09:42:20.000000000,99867,236,99651,236,99871,236,99634,236,99948,100,99508,100,99951,100,99499,100,99999,100,99469,100,100009,100,99223,100,100012,100,99041,100,100060,100,99037,100,100084,100,99004,100,100092,100,,
2019-06-28 09:42:21.676655864,99867,236,99651,236,99871,236,99634,236,99948,100,99508,100,99951,100,99499,100,99999,100,99469,100,100009,100,99223,100,100012,100,99187,100,100060,100,99041,100,100084,100,99037,100,100092,100,99004,100
2019-06-28 09:42:30.000000000,99867,372,99651,372,99871,100,99634,100,99948,100,99508,100,99951,100,99499,100,99999,100,99469,100,100009,100,99223,100,100012,100,99187,100,100060,100,99041,100,100084,100,99037,100,100092,100,99004,100
2019-06-28 09:42:32.742484944,99867,372,99651,272,99871,100,99634,100,99948,100,99508,100,99951,100,99499,100,99999,100,99469,100,100009,100,99223,100,100012,100,99187,100,100060,100,99041,100,100084,100,99037,100,100092,100,99004,100
2019-06-28 09:42:40.000000000,99867,192,99634,192,99871,190,99508,190,99948,190,99499,190,99951,100,99469,100,99999,100,99223,100,100009,100,99187,100,100012,100,99041,100,100060,100,99037,100,100084,100,99004,100,100092,100,,
2019-06-28 09:42:50.000000000,99867,154,99634,154,99871,154,99508,154,99948,154,99499,154,99951,154,99469,154,99999,154,99223,154,100009,100,99187,100,100012,100,99041,100,100060,100,99037,100,100084,100,99004,100,100092,100,,
2019-06-28 09:43:00.000000000,99867,154,99634,154,99871,154,99508,154,99948,154,99499,154,99951,154,99469,154,99999,154,99223,154,100009,100,99187,100,100012,100,99041,100,100060,100,99037,100,100084,100,99004,100,100092,100,,
2019-06-28 09:43:10.000000000,99867,192,99634,192,99871,190,99508,190,99948,190,99499,190,99951,100,99469,100,99999,100,99223,100,100009,100,99187,100,100012,100,99041,100,100060,100,99037,100,100084,100,99004,100,100092,100,,
2019-06-28 09:43:20.000000000,99867,236,99634,236,99871,236,99508,236,99948,100,99499,100,99951,100,99469,100,99999,100,99223,100,100009,100,99187,100,100012,100,99041,100,100060,100,99037,100,100084,100,99004,100,100092,100,,
2019-06-28 09:43:24.743711847,99867,236,99634,136,99871,236,99508,236,99948,100,99499,100,99951,100,99469,100,99999,100,99223,100,100009,100,99187,100,100012,100,99041,100,100060,100,99037,100,100092,100,99004,100,100093,100,,
2019-06-28 09:43:30.000000000,99867,154,99508,154,99871,154,99499,154,99948,154,99469,154,99951,154,99223,154,99999,154,99187,154,100009,100,99041,100,100012,100,99037,100,100060,100,99004,100,100092,100,,,100093,100,,
2019-06-28 09:43:33.582857065,99581,100,99508,154,99867,154,99499,154,99871,154,99469,154,99948,154,99223,154,99951,154,99187,154,99999,154,99041,100,100009,100,99037,100,100012,100,99004,100,100060,100,,,100092,100,,
2019-06-28 09:43:35.054576727,99581,100,99508,154,99867,154,99499,154,99871,154,99469,154,99948,154,99389,100,99951,154,99223,154,99999,154,99187,154,100009,100,99041,100,100012,100,99037,100,100060,100,,,100092,100,,
2019-06-28 09:43:40.000000000,99581,168,99508,168,99867,168,99499,168,99871,168,99469,168,99948,168,99389,168,99951,100,99223,100,99999,100,99187,100,100009,100,99041,100,100012,100,99037,100,100060,100,,,100092,100,,
2019-06-28 09:43:47.589178808,99581,68,99508,168,99867,168,99499,168,99871,168,99469,168,99948,168,99389,168,99951,100,99223,100,99999,100,99187,100,100009,100,99041,100,100012,100,99037,100,100060,100,,,100092,100,,
2019-06-28 09:43:48.902979628,99867,168,99581,32,99871,168,99508,168,99948,168,99499,68,99951,100,99469,168,99999,100,99389,168,100009,100,99223,100,100012,100,99187,100,100060,100,99041,100,100092,100,99037,100,100093,100,,
2019-06-28 09:43:50.000000000,99867,192,99581,124,99871,190,99508,190,99948,190,99469,190,99951,100,99389,100,99999,100,99223,100,100009,100,99187,100,100012,100,99041,100,100060,100,99037,100,100092,100,,,100093,100,,
2019-06-28 09:44:00.000000000,99867,168,99581,100,99871,168,99508,168,99948,168,99469,168,99951,168,99389,168,99999,100,99223,100,100009,100,99187,100,100012,100,99041,100,100060,100,99037,100,100092,100,,,100093,100,,
2019-06-28 09:44:08.567577341,99867,168,99581,100,99871,168,99508,168,99948,168,99498,100,99951,168,99469,168,99999,100,99389,168,100009,100,99223,100,100012,100,99187,100,100060,100,99041,100,100092,100,99037,100,100093,100,,
2019-06-28 09:44:10.000000000,99867,372,99581,304,99871,100,99508,100,99948,100,99498,100,99951,100,99469,100,99999,100,99389,100,100009,100,99223,100,100012,100,99187,100,100060,100,99041,100,100092,100,99037,100,100093,100,,
2019-06-28 09:44:10.045922649,99652,100,99581,304,99867,372,99508,100,99871,100,99498,100,99948,100,99469,100,99951,100,99389,100,99999,100,99223,100,100009,100,99187,100,100012,100,99041,100,100060,100,99037,100,100092,100,,
2019-06-28 09:44:20.000000000,99652,372,99581,304,99867,100,99508,100,99871,100,99498,100,99948,100,99469,100,99951,100,99389,100,99999,100,99223,100,100009,100,99187,100,100012,100,99041,100,100060,100,99037,100,100092,100,,
2019-06-28 09:44:30.000000000,99652,236,99581,168,99867,236,99508,236,99871,100,99498,100,99948,100,99469,100,99951,100,99389,100,99999,100,99223,100,100009,100,99187,100,100012,100,99041,100,100060,100,99037,100,100092,100,,
2019-06-28 09:44:33.008270029,99652,336,99581,168,99867,236,99508,236,99871,100,99498,100,99948,100,99469,100,99951,100,99389,100,99999,100,99223,100,100009,100,99187,100,100012,100,99041,100,100060,100,99037,100,100092,100,,
2019-06-28 09:44:35.507430138,99652,236,99581,168,99867,236,99508,236,99871,100,99498,100,99948,100,99469,100,99951,100,99389,100,99999,100,99223,100,100009,100,99187,100,100012,100,99041,100,100060,100,99037,100,100092,100,,
2019-06-28 09:44:40.000000000,99652,236,99581,168,99867,236,99508,236,99871,100,99498,100,99948,100,99469,100,99951,100,99389,100,99999,100,99223,100,100009,100,99187,100,100012,100,99041,100,100060,100,99037,100,100092,100,,
2019-06-28 09:44:50.000000000,99652,192,99581,124,99867,190,99508,190,99871,190,99498,190,99948,100,99469,100,99951,100,99389,100,99999,100,99223,100,100009,100,99187,100,100012,100,99041,100,100060,100,99037,100,100092,100,,
2019-06-28 09:44:55.326314961,99652,192,99581,24,99867,190,99508,190,99871,190,99498,190,99948,100,99469,100,99951,100,99389,100,99999,100,99223,100,100009,100,99187,100,100012,100,99041,100,100060,100,99037,100,100092,100,,
2019-06-28 09:45:00.000000000,99652,236,99508,236,99867,236,99498,236,99871,100,99469,100,99948,100,99389,100,99951,100,99223,100,99999,100,99187,100,100009,100,99041,100,100012,100,99037,100,100060,100,,,100092,100,,
2019-06-28 09:45:09.386937138,99571,100,99508,236,99652,236,99498,236,99867,236,99469,100,99871,100,99389,100,99948,100,99223,100,99951,100,99187,100,99999,100,99041,100,100009,100,99037,100,100012,100,,,100060,100,,
2019-06-28 09:45:10.000000000,99571,192,99508,192,99652,190,99498,190,99867,190,99469,190,99871,100,99389,100,99948,100,99223,100,99951,100,99187,100,99999,100,99041,100,100009,100,99037,100,100012,100,,,100060,100,,
2019-06-28 09:45:16.094994919,99571,92,99508,192,99652,190,99498,190,99867,190,99469,190,99871,100,99389,100,99948,100,99223,100,99951,100,99187,100,99999,100,99041,100,100009,100,99037,100,100012,100,,,100060,100,,
2019-06-28 09:45:20.000000000,99652,192,99508,192,99867,190,99498,190,99871,190,99469,190,99948,100,99389,100,99951,100,99223,100,99999,100,99187,100,100009,100,99041,100,100012,100,99037,100,100060,100,,,100092,100,,
2019-06-28 09:45:26.382071590,99652,192,99508,192,99781,100,99498,190,99867,190,99469,190,99871,190,99389,100,99948,100,99223,100,99951,100,99187,100,99999,100,99041,100,100009,100,99037,100,100012,100,,,100060,100,,
2019-06-28 09:45:30.000000000,99652,192,99508,192,99781,190,99498,190,99867,190,99469,190,99871,100,99389,100,99948,100,99223,100,99951,100,99187,100,99999,100,99041,100,100009,100,99037,100,100012,100,,,100060,100,,
2019-06-28 09:45:37.767863112,99652,192,99508,192,99781,190,99498,190,99867,190,99469,190,99871,100,99464,100,99948,100,99389,100,99951,100,99223,100,99999,100,99187,100,100009,100,99041,100,100012,100,99037,100,100060,100,,
2019-06-28 09:45:40.000000000,99652,168,99508,168,99781,168,99498,168,99867,168,99469,168,99871,168,99464,168,99948,100,99389,100,99951,100,99223,100,99999,100,99187,100,100009,100,99041,100,100012,100,99037,100,100060,100,,
2019-06-28 09:45:50.000000000,99652,154,99508,154,99781,154,99498,154,99867,154,99469,154,99871,154,99464,154,99948,154,99389,154,99951,100,99223,100,99999,100,99187,100,100009,100,99041,100,100012,100,99037,100,100060,100,,
2019-06-28 09:46:00.000000000,99652,154,99508,154,99781,154,99498,154,99867,154,99469,154,99871,154,99464,154,99948,154,99389,154,99951,100,99223,100,99999,100,99187,100,100009,100,99041,100,100012,100,99037,100,100060,100,,
2019-06-28 09:46:10.000000000,99652,192,99508,192,99781,190,99498,190,99867,190,99469,190,99871,100,99464,100,99948,100,99389,100,99951,100,99223,100,99999,100,99187,100,100009,100,99041,100,100012,100,99037,100,100060,100,,
2019-06-28 09:46:12.278021821,99652,192,99508,192,99748,100,99498,190,99781,190,99469,190,99867,190,99464,100,99871,100,99389,100,99948,100,99223,100,99951,100,99187,100,99999,100,99041,100,100009,100,99037,100,100060,100,,
2019-06-28 09:46:20.000000000,99652,154,99508,154,99748,154,99498,154,99781,154,99469,154,99867,154,99464,154,99871,154,99389,154,99948,100,99223,100,99951,100,99187,100,99999,100,99041,100,100009,100,99037,100,100060,100,,
2019-06-28 09:46:25.841064172,99652,154,99508,154,99748,154,99498,154,99781,154,99469,154,99867,154,99464,154,99871,154,99389,154,99948,100,99254,100,99951,100,99223,100,99999,100,99187,100,100009,100,99041,100,100060,100,99037,100
2019-06-28 09:46:30.000000000,99652,168,99508,168,99748,168,99498,168,99781,168,99469,168,99867,168,99464,168,99871,100,99389,100,99948,100,99254,100,99951,100,99223,100,99999,100,99187,100,100009,100,99041,100,100060,100,99037,100
2019-06-28 09:46:40.000000000,99652,372,99508,372,99748,100,99498,100,99781,100,99469,100,99867,100,99464,100,99871,100,99389,100,99948,100,99254,100,99951,100,99223,100,99999,100,99187,100,100009,100,99041,100,100060,100,99037,100
2019-06-28 09:46:42.454508617,99652,372,99582,100,99748,100,99508,372,99781,100,99498,100,99867,100,99469,100,99871,100,99464,100,99948,100,99389,100,99951,100,99254,100,99999,100,99223,100,100009,100,99187,100,100060,100,99041,100
2019-06-28 09:46:50.000000000,99652,192,99582,192,99748,190,99508,190,99781,190,99498,190,99867,100,99469,100,99871,100,99464,100,99948,100,99389,100,99951,100,99254,100,99999,100,99223,100,100009,100,99187,100,100060,100,99041,100
2019-06-28 09:47:00.000000000,99652,236,99582,236,99748,236,99508,236,99781,100,99498,100,99867,100,99469,100,99871,100,99464,100,99948,100,99389,100,99951,100,99254,100,99999,100,99223,100,100009,100,99187,100,100060,100,99041,100
2019-06-28 09:47:10.000000000,99652,236,99582,236,99748,236,99508,236,99781,100,99498,100,99867,100,99469,100,99871,100,99464,100,99948,100,99389,100,99951,100,99254,100,99999,100,99223,100,100009,100,99187,100,100060,100,99041,100
2019-06-28 09:47:20.000000000,99652,154,99582,154,99748,154,99508,154,99781,154,99498,154,99867,154,99469,154,99871,154,99464,154,99948,100,99389,100,99951,100,99254,100,99999,100,99223,100,100009,100,99187,100,100060,100,99041,100
2019-06-28 09:47:28.167692673,99652,154,99582,154,99691,100,99508,154,99748,154,99498,154,99781,154,99469,154,99867,154,99464,154,99871,154,99389,100,99948,100,99254,100,99951,100,99223,100,99999,100,99187,100,100009,100,99041,100
2019-06-28 09:47:30.000000000,99652,154,99582,154,99691,154,99508,154,99748,154,99498,154,99781,154,99469,154,99867,154,99464,154,99871,100,99389,100,99948,100,99254,100,99951,100,99223,100,99999,100,99187,100,100009,100,99041,100
2019-06-28 09:47:40.000000000,99652,192,99582,192,99691,190,99508,190,99748,190,99498,190,99781,100,99469,100,99867,100,99464,100,99871,100,99389,100,99948,100,99254,100,99951,100,99223,100,99999,100,99187,100,100009,100,99041,100
2019-06-28 09:47:50.000000000,99652,192,99582,192,99691,190,99508,190,99748,190,99498,190,99781,100,99469,100,99867,100,99464,100,99871,100,99389,100,99948,100,99254,100,99951,100,99223,100,99999,100,99187,100,100009,100,99041,100
2019-06-28 09:48:00.000000000,99652,154,99582,154,99691,154,99508,154,99748,154,99498,154,99781,154,99469,154,99867,154,99464,154,99871,100,99389,100,99948,100,99254,100,99951,100,99223,100,99999,100,99187,100,100009,100,99041,100
2019-06-28 09:48:10.000000000,99652,168,99582,168,99691,168,99508,168,99748,168,99498,168,99781,168,99469,168,99867,100,99464,100,99871,100,99389,100,99948,100,99254,100,99951,100,99223,100,99999,100,99187,100,100009,100,99041,100
2019-06-28 09:48:20.000000000,99652,168,99582,168,99691,168,99508,168,99748,168,99498,168,99781,168,99469,168,99867,100,99464,100,99871,100,99389,100,99948,100,99254,100,99951,100,99223,100,99999,100,99187,100,100009,100,99041,100
2019-06-28 09:48:30.000000000,99652,168,99582,168,99691,168,99508,168,99748,168,99498,168,99781,168,99469,168,99867,100,99464,100,99871,100,99389,100,99948,100,99254,100,99951,100,99223,100,99999,100,99187,100,100009,100,99041,100
2019-06-28 09:48:31.811227009,99652,168,99582,168,99671,100,99508,168,99691,168,99498,168,99748,168,99469,168,99781,168,99464,100,99867,100,99389,100,99871,100,99254,100,99948,100,99223,100,99951,100,99187,100,99999,100,99041,100
2019-06-28 09:48:32.531255509,99652,68,99582,168,99671,100,99508,168,99691,168,99498,68,99748,168,99469,168,99781,168,99464,100,99867,100,99389,100,99871,100,99254,100,99948,100,99223,100,99951,100,99187,100,99999,100,99041,100
2019-06-28 09:48:40.000000000,99671,154,99582,154,99691,154,99508,154,99748,154,99469,154,99781,154,99464,154,99867,154,99389,154,99871,100,99254,100,99948,100,99223,100,99951,100,99187,100,99999,100,99041,100,100009,100,99037,100
2019-06-28 09:48:50.000000000,99671,372,99582,372,99691,100,99508,100,99748,100,99469,100,99781,100,99464,100,99867,100,99389,100,99871,100,99254,100,99948,100,99223,100,99951,100,99187,100,99999,100,99041,100,100009,100,99037,100
2019-06-28 09:49:00.000000000,99671,236,99582,236,99691,236,99508,236,99748,100,99469,100,99781,100,99464,100,99867,100,99389,100,99871,100,99254,100,99948,100,99223,100,99951,100,99187,100,99999,100,99041,100,100009,100,99037,100
2019-06-28 09:49:02.536154621,99671,236,99582,136,99691,236,99508,236,99748,100,99469,100,99781,100,99464,100,99867,100,99389,100,99871,100,99254,100,99948,100,99223,100,99951,100,99187,100,99999,100,99041,100,100009,100,99037,100
2019-06-28 09:49:10.000000000,99671,372,99508,372,99691,100,99469,100,99748,100,99464,100,99781,100,99389,100,99867,100,99254,100,99871,100,99223,100,99948,100,99187,100,99951,100,99041,100,99999,100,99037,100,100009,100,,
2019-06-28 09:49:15.862628313,99671,372,99508,272,99691,100,99469,100,99748,100,99464,100,99781,100,99254,100,99867,100,99223,100,99871,100,99187,100,99948,100,99041,100,99951,100,99037,100,99999,100,,,100009,100,,
2019-06-28 09:49:20.000000000,99671,372,99469,372,99691,100,99464,100,99748,100,99254,100,99781,100,99223,100,99867,100,99187,100,99871,100,99041,100,99948,100,99037,100,99951,100,,,99999,100,,,100009,100,,
2019-06-28 09:49:24.664524671,99671,372,99469,372,99691,100,99464,100,99748,100,99254,100,99781,100,99223,100,99867,100,99208,100,99871,100,99187,100,99948,100,99041,100,99951,100,99037,100,99999,100,,,100009,100,,
2019-06-28 09:49:30.000000000,99671,192,99469,192,99691,190,99464,190,99748,190,99254,190,99781,100,99223,100,99867,100,99208,100,99871,100,99187,100,99948,100,99041,100,99951,100,99037,100,99999,100,,,100009,100,,
2019-06-28 09:49:30.888481742,99671,192,99469,192,99691,190,99464,190,99748,190,99341,100,99781,100,99254,190,99867,100,99223,100,99871,100,99208,100,99948,100,99187,100,99951,100,99041,100,99999,100,99037,100,100009,100,,
2019-06-28 09:49:40.000000000,99671,372,99469,372,99691,100,99464,100,99748,100,99341,100,99781,100,99254,100,99867,100,99223,100,99871,100,99208,100,99948,100,99187,100,99951,100,99041,100,99999,100,99037,100,100009,100,,
2019-06-28 09:49:50.000000000,99671,168,99469,168,99691,168,99464,168,99748,168,99341,168,99781,168,99254,168,99867,100,99223,100,99871,100,99208,100,99948,100,99187,100,99951,100,99041,100,99999,100,99037,100,100009,100,,
2019-06-28 09:50:00.000000000,99671,168,99469,168,99691,168,99464,168,99748,168,99341,168,99781,168,99254,168,99867,100,99223,100,99871,100,99208,100,99948,100,99187,100,99951,100,99041,100,99999,100,99037,100,100009,100,,
2019-06-28 09:50:10.000000000,99671,372,99469,372,99691,100,99464,100,99748,100,99341,100,99781,100,99254,100,99867,100,99223,100,99871,100,99208,100,99948,100,99187,100,99951,100,99041,100,99999,100,99037,100,100009,100,,
2019-06-28 09:50:20.000000000,99671,168,99469,168,99691,168,99464,168,99748,168,99341,168,99781,168,99254,168,99867,100,99223,100,99871,100,99208,100,99948,100,99187,100,99951,100,99041,100,99999,100,99037,100,100009,100,,
2019-06-28 09:50:30.000000000,99671,192,99469,192,99691,190,99464,190,99748,190,99341,190,99781,100,99254,100,99867,100,99223,100,99871,100,99208,100,99948,100,99187,100,99951,100,99041,100,99999,100,99037,100,100009,100,,
2019-06-28 09:50:40.000000000,99671,236,99469,236,99691,236,99464,236,99748,100,99341,100,99781,100,99254,100,99867,100,99223,100,99871,100,99208,100,99948,100,99187,100,99951,100,99041,100,99999,100,99037,100,100009,100,,
2019-06-28 09:50:43.440833177,99671,236,99469,236,99691,236,99464,236,99748,100,99341,100,99781,100,99254,100,99867,100,99223,100,99871,100,99208,100,99948,100,99187,100,99951,100,99041,100,99999,100,99037,100,100009,100,,
2019-06-28 09:50:50.000000000,99671,154,99469,154,99691,154,99464,154,99748,154,99341,154,99781,154,99254,154,99867,154,99223,154,99871,100,99208,100,99948,100,99187,100,99951,100,99041,100,99999,100,99037,100,100009,100,,
2019-06-28 09:50:55.561063837,99671,154,99583,100,99691,154,99469,154,99748,154,99464,154,99781,154,99341,154,99867,154,99254,154,99871,100,99223,154,99948,100,99208,100,99951,100,99187,100,99999,100,99041,100,100009,100,99037,100
2019-06-28 09:51:00.000000000,99671,154,99583,154,99691,154,99469,154,99748,154,99464,154,99781,154,99341,154,99867,154,99254,154,99871,100,99223,100,99948,100,99208,100,99951,100,99187,100,99999,100,99041,100,100009,100,99037,100
2019-06-28 09:51:01.150967717,99671,154,99583,154,99691,154,99469,154,99748,154,99464,154,99781,154,99341,154,99867,154,99254,154,99871,100,99223,100,99948,100,99187,100,99951,100,99041,100,99999,100,99037,100,100009,100,,
2019-06-28 09:51:01.417378070,99671,154,99583,154,99691,154,99469,154,99748,154,99464,154,99781,154,99341,154,99867,154,99254,154,99871,100,99223,100,99948,100,99187,100,99951,100,99041,100,99999,100,99037,100,100003,100,,
2019-06-28 09:51:05.697015150,99671,154,99583,254,99691,154,99469,154,99748,154,99464,154,99781,154,99341,154,99867,154,99254,154,99871,100,99223,100,99948,100,99187,100,99951,100,99041,100,99999,100,99037,100,100003,100,,
2019-06-28 09:51:07.941988029,99671,54,99583,254,99691,154,99469,154,99748,154,99464,154,99781,154,99341,154,99867,154,99254,154,99871,100,99223,100,99948,100,99187,100,99951,100,99041,100,99999,100,99037,100,100003,100,,
2019-06-28 09:51:10.000000000,99691,372,99583,472,99748,100,99469,100,99781,100,99464,100,99867,100,99341,100,99871,100,99254,100,99948,100,99223,100,99951,100,99187,100,99999,100,99041,100,100003,100,99037,100,100009,100,,
2019-06-28 09:51:13.144466712,99691,372,99583,472,99748,100,99469,100,99781,100,99464,100,99867,100,99341,100,99871,100,99254,100,99948,100,99223,100,99951,100,99187,100,99980,100,99041,100,99999,100,99037,100,100003,100,,
2019-06-28 09:51:20.000000000,99691,192,99583,292,99748,190,99469,190,99781,190,99464,190,99867,100,99341,100,99871,100,99254,100,99948,100,99223,100,99951,100,99187,100,99980,100,99041,100,99999,100,99037,100,100003,100,,
2019-06-28 09:51:30.000000000,99691,236,99583,336,99748,236,99469,236,99781,100,99464,100,99867,100,99341,100,99871,100,99254,100,99948,100,99223,100,99951,100,99187,100,99980,100,99041,100,99999,100,99037,100,100003,100,,
2019-06-28 09:51:40.000000000,99691,372,99583,472,99748,100,99469,100,99781,100,99464,100,99867,100,99341,100,99871,100,99254,100,99948,100,99223,100,99951,100,99187,100,99980,100,99041,100,99999,100,99037,100,100003,100,,
2019-06-28 09:51:50.000000000,99691,236,99583,336,99748,236,99469,236,99781,100,99464,100,99867,100,99341,100,99871,100,99254,100,99948,100,99223,100,99951,100,99187,100,99980,100,99041,100,99999,100,99037,100,100003,100,,
2019-06-28 09:51:51.400847951,99691,236,99583,336,99748,236,99469,236,99781,100,99464,100,99867,100,99341,100,99871,100,99254,100,99948,100,99223,100,99951,100,99187,100,99980,100,99041,100,99999,100,99037,100,100003,100,,
2019-06-28 09:52:00.000000000,99691,168,99583,268,99748,168,99469,168,99781,168,99464,168,99867,168,99341,168,99871,100,99254,100,99948,100,99223,100,99951,100,99187,100,99980,100,99041,100,99999,100,99037,100,100003,100,,
2019-06-28 09:52:10.000000000,99691,154,99583,254,99748,154,99469,154,99781,154,99464,154,99867,154,99341,154,99871,154,99254,154,99948,100,99223,100,99951,100,99187,100,99980,100,99041,100,99999,100,99037,100,100003,100,,
2019-06-28 09:52:19.123228768,99691,154,99583,254,99748,154,99469,154,99781,154,99464,154,99867,154,99341,154,99871,154,99254,154,99951,100,99223,100,99980,100,99187,100,99999,100,99041,100,100003,100,99037,100,100009,100,,
2019-06-28 09:52:20.000000000,99691,236,99583,336,99748,236,99469,236,99781,100,99464,100,99867,100,99341,100,99871,100,99254,100,99951,100,99223,100,99980,100,99187,100,99999,100,99041,100,100003,100,99037,100,100009,100,,
2019-06-28 09:52:30.000000000,99691,192,99583,292,99748,190,99469,190,99781,190,99464,190,99867,100,99341,100,99871,100,99254,100,99951,100,99223,100,99980,100,99187,100,99999,100,99041,100,100003,100,99037,100,100009,100,,
2019-06-28 09:52:33.777450476,99691,192,99583,292,99748,190,99469,190,99781,190,99464,190,99867,100,99341,100,99871,100,99254,100,99951,100,99223,100,99980,100,99187,100,99999,100,99041,100,100003,100,99037,100,100009,100,,
2019-06-28 09:52:39.317303419,99691,192,99583,292,99748,190,99469,190,99781,190,99464,190,99867,100,99341,100,99871,100,99254,100,99951,100,99223,100,99980,100,99187,100,99999,100,99041,100,100003,100,,,100009,100,,
2019-06-28 09:52:40.000000000,99691,168,99583,268,99748,168,99469,168,99781,168,99464,168,99867,168,99341,168,99871,100,99254,100,99951,100,99223,100,99980,100,99187,100,99999,100,99041,100,100003,100,,,100009,100,,
2019-06-28 09:52:44.738083691,99691,68,99583,268,99748,168,99469,168,99781,168,99464,168,99867,168,99341,168,99871,100,99254,100,99951,100,99223,100,99980,100,99187,100,99999,100,99041,100,100003,100,,,100009,100,,
2019-06-28 09:52:50.000000000,99748,154,99583,254,99781,154,99469,154,99867,154,99464,154,99871,154,99341,154,99951,154,99254,154,99980,100,99223,100,99999,100,99187,100,100003,100,99041,100,100009,100,,,100092,100,,
2019-06-28 09:52:54.690861560,99748,54,99583,254,99781,154,99469,154,99867,154,99464,154,99871,154,99341,154,99951,154,99254,154,99980,100,99223,100,99999,100,99187,100,100003,100,99041,100,100009,100,,,100092,100,,
2019-06-28 09:53:00.000000000,99781,192,99583,292,99867,190,99469,190,99871,190,99464,190,99951,100,99341,100,99980,100,99254,100,99999,100,99223,100,100003,100,99187,100,100009,100,99041,100,100092,100,,,100093,100,,
2019-06-28 09:53:10.000000000,99781,168,99583,268,99867,168,99469,168,99871,168,99464,168,99951,168,99341,168,99980,100,99254,100,99999,100,99223,100,100003,100,99187,100,100009,100,99041,100,100092,100,,,100093,100,,
2019-06-28 09:53:20.000000000,99781,154,99583,254,99867,154,99469,154,99871,154,99464,154,99951,154,99341,154,99980,154,99254,154,99999,100,99223,100,100003,100,99187,100,100009,100,99041,100,100092,100,,,100093,100,,
2019-06-28 09:53:30.000000000,99781,372,99583,472,99867,100,99469,100,99871,100,99464,100,99951,100,99341,100,99980,100,99254,100,99999,100,99223,100,100003,100,99187,100,100009,100,99041,100,100092,100,,,100093,100,,
2019-06-28 09:53:31.157260214,99781,272,99583,472,99867,100,99469,100,99871,100,99464,100,99951,100,99341,100,99980,100,99254,100,99999,100,99223,100,100003,100,99187,100,100009,100,99041,100,100092,100,,,100093,100,,
2019-06-28 09:53:37.902343157,99781,172,99583,472,99867,100,99469,100,99871,100,99464,100,99951,100,99341,100,99980,100,99254,100,99999,100,99223,100,100003,100,99187,100,100009,100,99041,100,100092,100,,,100093,100,,
2019-06-28 09:53:38.148658284,99781,172,99583,472,99867,100,99469,100,99871,100,99464,100,99951,100,99341,100,99980,100,99254,100,99999,100,99223,100,100003,100,99187,100,100009,100,99041,100,100092,100,,,100093,100,,
2019-06-28 09:53:39.506260419,99781,72,99583,472,99867,100,99469,100,99871,100,99464,100,99951,100,99341,100,99980,100,99254,100,99999,100,99223,100,100003,100,99187,100,100009,100,99041,100,100092,100,,,100093,100,,
2019-06-28 09:53:40.000000000,99867,168,99583,268,99871,168,99469,168,99951,168,99464,168,99980,168,99341,168,99999,100,99254,100,100003,100,99223,100,100009,100,99187,100,100092,100,99041,100,100093,100,,,100106,100,,
2019-06-28 09:53:50.000000000,99867,154,99583,254,99871,154,99469,154,99951,154,99464,154,99980,154,99341,154,99999,154,99254,154,100003,100,99223,100,100009,100,99187,100,100092,100,99041,100,100093,100,,,100106,100,,
2019-06-28 09:53:51.472752176,99867,54,99583,254,99871,154,99469,154,99951,154,99464,154,99980,154,99341,154,99999,154,99254,154,100003,100,99223,100,100009,100,99187,100,100092,100,,,100093,100,,,100106,100,,
2019-06-28 09:53:55.223880784,99871,154,99867,46,99951,154,99583,254,99980,154,99469,154,99999,154,99464,154,100003,100,99341,154,100009,100,99254,154,100092,100,99187,100,100093,100,,,100106,100,,,100192,100,,
2019-06-28 09:54:00.000000000,99871,192,99867,138,99951,190,99583,290,99980,190,99469,190,99999,100,99464,100,100003,100,99341,100,100009,100,99254,100,100092,100,99187,100,100093,100,,,100106,100,,,100192,100,,
2019-06-28 09:54:02.783012701,99871,192,99867,92,99951,190,99583,290,99980,190,99469,190,99999,100,99464,100,100003,100,99341,100,100009,100,99254,100,100092,100,99187,100,100093,100,,,100106,100,,,100192,100,,
2019-06-28 09:54:05.689116967,99871,192,99867,92,99951,190,99583,290,99980,190,99469,190,99999,100,99464,100,100003,100,99341,100,100009,100,99254,100,100092,100,99187,100,100093,100,,,100106,100,,,100192,100,,
2019-06-28 09:54:10.000000000,99871,154,99583,254,99951,154,99469,154,99980,154,99464,154,99999,154,99341,154,100003,154,99254,154,100009,100,99187,100,100092,100,,,100093,100,,,100106,100,,,100192,100,,
2019-06-28 09:54:13.811186945,99871,154,99583,254,99951,154,99469,154,99980,154,99464,154,99999,154,99341,154,100003,154,99254,154,100009,100,99187,100,100092,100,,,100093,100,,,100106,100,,,100192,100,,
2019-06-28 09:54:20.000000000,99871,154,99583,254,99951,154,99469,154,99980,154,99464,154,99999,154,99341,154,100003,154,99254,154,100009,100,99187,100,100092,100,,,100093,100,,,100106,100,,,100192,100,,
2019-06-28 09:54:20.171830243,99871,54,99583,254,99951,154,99469,154,99980,154,99464,154,99999,154,99341,154,100003,154,99254,154,100009,100,,,100092,100,,,100093,100,,,100106,100,,,100192,100,,
2019-06-28 09:54:30.000000000,99951,168,99583,268,99980,168,99469,168,99999,168,99464,168,100003,168,99341,168,100009,100,99254,100,100092,100,,,100093,100,,,100106,100,,,100192,100,,,100204,100,,
2019-06-28 09:54:40.000000000,99951,372,99583,472,99980,100,99469,100,99999,100,99464,100,100003,100,99341,100,100009,100,99254,100,100092,100,,,100093,100,,,100106,100,,,100192,100,,,100204,100,,
2019-06-28 09:54:44.942031169,99951,372,99583,472,99980,100,99469,100,99999,100,99464,100,100003,100,99341,100,100009,100,99254,100,100092,100,,,100093,100,,,100106,100,,,100192,100,,,100204,100,,
2019-06-28 09:54:47.004685071,99951,372,99583,472,99980,100,99469,100,99999,100,99464,100,100003,100,99254,100,100009,100,,,100092,100,,,100093,100,,,100106,100,,,100192,100,,,100204,100,,
2019-06-28 09:54:50.000000000,99951,192,99583,292,99980,190,99469,190,99999,190,99464,190,100003,100,99254,100,100009,100,,,100092,100,,,100093,100,,,100106,100,,,100192,100,,,100204,100,,
2019-06-28 09:54:56.745709790,99951,192,99868,100,99980,190,99583,292,99999,190,99469,190,100003,100,99464,190,100009,100,99254,100,100092,100,,,100093,100,,,100106,100,,,100192,100,,,100204,100,,
2019-06-28 09:55:00.000000000,99951,372,99868,372,99980,100,99583,200,99999,100,99469,100,100003,100,99464,100,100009,100,99254,100,100092,100,,,100093,100,,,100106,100,,,100192,100,,,100204,100,,
2019-06-28 09:55:10.000000000,99951,236,99868,236,99980,236,99583,336,99999,100,99469,100,100003,100,99464,100,100009,100,99254,100,100092,100,,,100093,100,,,100106,100,,,100192,100,,,100204,100,,
2019-06-28 09:55:15.681394316,99951,136,99868,236,99980,236,99583,336,99999,100,99469,100,100003,100,99464,100,100009,100,99254,100,100092,100,,,100093,100,,,100106,100,,,100192,100,,,100204,100,,
2019-06-28 09:55:18.313312289,99951,136,99868,236,99980,236,99583,336,99999,100,99469,100,100003,100,99464,100,100009,100,99254,100,100092,100,,,100093,100,,,100106,100,,,100192,100,,,100204,100,,
2019-06-28 09:55:20.000000000,99980,192,99868,192,99999,190,99583,290,100003,190,99469,190,100009,100,99464,100,100092,100,99254,100,100093,100,,,100106,100,,,100192,100,,,100204,100,,,100237,100,,
2019-06-28 09:55:30.000000000,99980,168,99868,168,99999,168,99583,268,100003,168,99469,168,100009,168,99464,168,100092,100,99254,100,100093,100,,,100106,100,,,100192,100,,,100204,100,,,100237,100,,
2019-06-28 09:55:33.267828902,99980,168,99868,168,99999,168,99583,268,100003,168,99469,168,100009,168,99464,168,100092,100,99254,100,100093,100,,,100106,100,,,100192,100,,,100204,100,,,100237,100,,
2019-06-28 09:55:33.617440400,99980,68,99868,168,99999,168,99583,268,100003,168,99469,168,100009,168,99464,168,100092,100,99254,100,100093,100,,,100106,100,,,100192,100,,,100204,100,,,100237,100,,
2019-06-28 09:55:40.000000000,99999,154,99868,154,100003,154,99583,254,100009,154,99469,154,100092,154,99464,154,100093,154,99254,154,100106,100,,,100192,100,,,100204,100,,,100237,100,,,100862,100,,
2019-06-28 09:55:50.000000000,99999,168,99868,168,100003,168,99583,268,100009,168,99469,168,100092,168,99464,168,100093,100,99254,100,100106,100,,,100192,100,,,100204,100,,,100237,100,,,100862,100,,
2019-06-28 09:55:51.552528683,99999,168,99868,168,100003,168,99583,268,100009,168,99469,168,100092,168,99464,168,100106,100,99254,100,100192,100,,,100204,100,,,100237,100,,,100862,100,,,100877,100,,
2019-06-28 09:56:00.000000000,99999,154,99868,154,100003,154,99583,254,100009,154,99469,154,100092,154,99464,154,100106,154,99254,154,100192,100,,,100204,100,,,100237,100,,,100862,100,,,100877,100,,
2019-06-28 09:56:07.420785531,99999,54,99868,154,100003,154,99583,254,100009,154,99469,154,100092,154,99464,154,100106,154,99254,154,100192,100,,,100204,100,,,100862,100,,,100877,100,,,100952,100,,
2019-06-28 09:56:09.666024112,99999,54,99868,154,100003,154,99583,254,100009,154,99469,154,100092,154,99464,154,100106,154,99254,154,100192,100,,,100204,100,,,100862,100,,,100877,100,,,100945,100,,
2019-06-28 09:56:10.000000000,100003,236,99868,236,100009,236,99583,336,100092,100,99469,100,100106,100,99464,100,100192,100,99254,100,100204,100,,,100862,100,,,100877,100,,,100945,100,,,101066,100,,
2019-06-28 09:56:20.000000000,100003,192,99868,192,100009,190,99583,290,100092,190,99469,190,100106,100,99464,100,100192,100,99254,100,100204,100,,,100862,100,,,100877,100,,,100945,100,,,101066,100,,
2019-06-28 09:56:29.038284961,100003,92,99868,192,100009,190,99583,290,100092,190,99469,190,100106,100,99464,100,100192,100,99254,100,100204,100,,,100862,100,,,100877,100,,,100945,100,,,101066,100,,
2019-06-28 09:56:30.000000000,100009,168,99868,168,100092,168,99583,268,100106,168,99469,168,100192,168,99464,168,100204,100,99254,100,100862,100,,,100877,100,,,100945,100,,,101066,100,,,101224,100,,
2019-06-28 09:56:40.000000000,100009,154,99868,154,100092,154,99583,254,100106,154,99469,154,100192,154,99464,154,100204,154,99254,154,100862,100,,,100877,100,,,100945,100,,,101066,100,,,101224,100,,
2019-06-28 09:56:50.000000000,100009,168,99868,168,100092,168,99583,268,100106,168,99469,168,100192,168,99464,168,100204,100,99254,100,100862,100,,,100877,100,,,100945,100,,,101066,100,,,101224,100,,
2019-06-28 09:57:00.000000000,100009,154,99868,154,100092,154,99583,254,100106,154,99469,154,100192,154,99464,154,100204,154,99254,154,100862,100,,,100877,100,,,100945,100,,,101066,100,,,101224,100,,
2019-06-28 09:57:10.000000000,100009,154,99868,154,100092,154,99583,254,100106,154,99469,154,100192,154,99464,154,100204,154,99254,154,100862,100,,,100877,100,,,100945,100,,,101066,100,,,101224,100,,
2019-06-28 09:57:12.066552143,100009,154,99999,100,100092,154,99868,154,100106,154,99583,254,100192,154,99469,154,100204,154,99464,154,100862,100,99254,154,100877,100,,,100945,100,,,101066,100,,,101224,100,,
2019-06-28 09:57:13.313884419,100009,154,99999,100,100092,154,99868,154,100106,154,99583,254,100192,154,99469,154,100204,154,99464,154,100862,100,99254,154,100877,100,,,100945,100,,,101066,100,,,101224,100,,
2019-06-28 09:57:14.841465491,100009,54,99999,100,100092,154,99868,154,100106,154,99583,254,100192,154,99469,154,100204,154,99464,154,100862,100,99254,154,100877,100,,,100945,100,,,101066,100,,,101224,100,,
2019-06-28 09:57:20.000000000,100092,154,99999,154,100106,154,99868,154,100192,154,99583,254,100204,154,99469,154,100862,154,99464,154,100877,100,99254,100,100945,100,,,101066,100,,,101224,100,,,101327,100,,
2019-06-28 09:57:26.846544532,100092,54,99999,154,100106,54,99868,154,100192,154,99583,254,100204,154,99469,154,100862,154,99464,154,100877,100,99254,100,100945,100,,,101066,100,,,101224,100,,,101327,100,,
2019-06-28 09:57:30.000000000,100192,168,99999,168,100204,168,99868,168,100862,168,99583,268,100877,168,99469,168,100945,100,99464,100,101066,100,99254,100,101224,100,,,101327,100,,,101410,100,,,101615,100,,
2019-06-28 09:57:40.000000000,100192,372,99999,372,100204,100,99868,100,100862,100,99583,200,100877,100,99469,100,100945,100,99464,100,101066,100,99254,100,101224,100,,,101327,100,,,101410,100,,,101615,100,,
2019-06-28 09:57:45.121691428,100192,372,99999,372,100204,100,99868,100,100862,100,99583,200,100877,100,99469,100,100945,100,99464,100,101066,100,99254,100,101224,100,,,101327,100,,,101410,100,,,101615,100,,
2019-06-28 09:57:50.000000000,100192,192,99999,192,100204,190,99868,190,100862,190,99583,290,100877,100,99469,100,100945,100,99464,100,101066,100,99254,100,101224,100,,,101327,100,,,101410,100,,,101615,100,,
2019-06-28 09:58:00.000000000,100192,154,99999,154,100204,154,99868,154,100862,154,99583,254,100877,154,99469,154,100945,154,99464,154,101066,100,99254,100,101224,100,,,101327,100,,,101410,100,,,101615,100,,
2019-06-28 09:58:10.000000000,100192,236,99999,236,100204,236,99868,236,100862,100,99583,200,100877,100,99469,100,100945,100,99464,100,101066,100,99254,100,101224,100,,,101327,100,,,101410,100,,,101615,100,,
2019-06-28 09:58:20.000000000,100192,168,99999,168,100204,168,99868,168,100862,168,99583,268,100877,168,99469,168,100945,100,99464,100,101066,100,99254,100,101224,100,,,101327,100,,,101410,100,,,101615,100,,
2019-06-28 09:58:30.000000000,100192,168,99999,168,100204,168,99868,168,100862,168,99583,268,100877,168,99469,168,100945,100,99464,100,101066,100,99254,100,101224,100,,,101327,100,,,101410,100,,,101615,100,,
2019-06-28 09:58:33.228395715,100192,168,100009,100,100204,168,99999,168,100862,168,99868,168,100877,168,99583,268,100945,100,99469,168,101066,100,99464,100,101224,100,99254,100,101327,100,,,101410,100,,,101615,100,,
2019-06-28 09:58:34.846245065,100192,68,100009,100,100204,168,99999,168,100862,168,99868,168,100877,168,99583,268,100945,100,99469,168,101066,100,99464,100,101224,100,99254,100,101327,100,,,101410,100,,,101615,100,,
2019-06-28 09:58:40.000000000,100204,168,100009,168,100862,168,99999,168,100877,168,99868,168,100945,168,99583,268,101066,100,99469,100,101224,100,99464,100,101327,100,99254,100,101410,100,,,101615,100,,,101712,100,,
2019-06-28 09:58:45.528234572,100204,168,100009,168,100862,168,99999,168,100877,168,99868,168,100945,168,99583,268,101066,100,99469,100,101224,100,99464,100,101327,100,99254,100,101410,100,,,101615,100,,,101712,100,,
2019-06-28 09:58:45.750641222,100204,168,100009,168,100862,168,99999,168,100877,168,99868,168,100945,168,99583,268,101066,100,99469,100,101224,100,99464,100,101327,100,99254,100,101410,100,,,101427,100,,,101615,100,,
2019-06-28 09:58:50.000000000,100204,192,100009,192,100862,190,99999,190,100877,190,99868,190,100945,100,99583,200,101066,100,99469,100,101224,100,99464,100,101327,100,99254,100,101410,100,,,101427,100,,,101615,100,,
2019-06-28 09:58:55.358223581,100204,192,100009,192,100862,190,99999,190,100877,190,99868,190,100945,100,99583,200,101066,100,99469,100,101224,100,99464,100,101327,100,99254,100,101410,100,,,101427,100,,,101615,100,,
2019-06-28 09:59:00.000000000,100204,168,100009,168,100862,168,99999,168,100877,168,99868,168,100945,168,99583,268,101066,100,99469,100,101224,100,99464,100,101327,100,99254,100,101410,100,,,101427,100,,,101615,100,,
2019-06-28 09:59:01.473835774,100204,168,100009,168,100862,168,99999,168,100877,168,99868,168,100945,168,99583,268,101066,100,99469,100,101224,100,99464,100,101327,100,99254,100,101410,100,,,101427,100,,,101450,100,,
2019-06-28 09:59:10.000000000,100204,372,100009,372,100862,100,99999,100,100877,100,99868,100,100945,100,99583,200,101066,100,99469,100,101224,100,99464,100,101327,100,99254,100,101410,100,,,101427,100,,,101450,100,,
2019-06-28 09:59:20.000000000,100204,192,100009,192,100862,190,99999,190,100877,190,99868,190,100945,100,99583,200,101066,100,99469,100,101224,100,99464,100,101327,100,99254,100,101410,100,,,101427,100,,,101450,100,,
2019-06-28 09:59:21.357366614,100204,92,100009,192,100862,190,99999,190,100877,190,99868,190,100945,100,99583,200,101066,100,99469,100,101224,100,99464,100,101327,100,99254,100,101410,100,,,101427,100,,,101450,100,,
2019-06-28 09:59:24.263052677,100204,92,100009,192,100862,190,99999,190,100877,190,99868,190,100945,100,99583,200,101066,100,99469,100,101224,100,99464,100,101297,100,99254,100,101327,100,,,101410,100,,,101427,100,,
2019-06-28 09:59:30.000000000,100862,372,100009,372,100877,100,99999,100,100945,100,99868,100,101066,100,99583,200,101224,100,99469,100,101297,100,99464,100,101327,100,99254,100,101410,100,,,101427,100,,,101450,100,,
2019-06-28 09:59:33.764450413,100862,372,100009,372,100877,100,99999,100,100945,100,99868,100,101066,100,99583,200,101224,100,99469,100,101297,100,99464,100,101327,100,99254,100,101410,100,,,101427,100,,,101450,100,,
2019-06-28 09:59:40.000000000,100862,168,100009,168,100877,168,99999,168,100945,168,99868,168,101066,168,99583,268,101224,100,99469,100,101297,100,99464,100,101327,100,99254,100,101410,100,,,101427,100,,,101450,100,,
2019-06-28 09:59:40.690352770,100862,68,100009,168,100877,168,99999,168,100945,168,99868,168,101066,168,99583,268,101224,100,99469,100,101297,100,99464,100,101327,100,99254,100,101410,100,,,101427,100,,,101450,100,,
2019-06-28 09:59:50.000000000,100877,236,100009,236,100945,236,99999,236,101066,100,99868,100,101224,100,99583,200,101297,100,99469,100,101327,100,99464,100,101410,100,99254,100,101427,100,,,101450,100,,,101508,100,,
2019-06-28 10:00:00.000000000,100877,236,100009,236,100945,236,99999,236,101066,100,99868,100,101224,100,99583,200,101297,100,99469,100,101327,100,99464,100,101410,100,99254,100,101427,100,,,101450,100,,,101508,100,,
2019-06-28 10:00:09.707347868,100877,236,100009,236,100945,236,99999,236,101066,100,99868,100,101224,100,99583,200,101297,100,99469,100,101327,100,99464,100,101410,100,99254,100,101427,100,,,101450,100,,,101508,100,,
2019-06-28 10:00:10.000000000,100877,154,100009,154,100945,154,99999,154,101066,154,99868,154,101224,154,99583,254,101297,154,99469,154,101327,100,99464,100,101410,100,99254,100,101427,100,,,101450,100,,,101508,100,,
2019-06-28 10:00:19.412289451,100877,54,100009,154,100945,154,99999,154,101066,154,99868,154,101224,154,99583,254,101297,154,99469,154,101410,100,99464,100,101427,100,99254,100,101450,100,,,101508,100,,,101615,100,,
2019-06-28 10:00:20.000000000,100945,168,100009,168,101066,168,99999,168,101224,168,99868,168,101297,168,99583,268,101410,100,99469,100,101427,100,99464,100,101450,100,99254,100,101508,100,,,101615,100,,,101708,100,,
2019-06-28 10:00:30.000000000,100945,236,100009,236,101066,236,99999,236,101224,100,99868,100,101297,100,99583,200,101410,100,99469,100,101427,100,99464,100,101450,100,99254,100,101508,100,,,101615,100,,,101708,100,,
2019-06-28 10:00:32.989759890,100945,136,100009,236,101066,236,99999,236,101224,100,99868,100,101297,100,99583,200,101410,100,99469,100,101427,100,99464,100,101450,100,99254,100,101508,100,,,101615,100,,,101708,100,,
2019-06-28 10:00:40.000000000,101066,236,100009,236,101224,236,99999,236,101297,100,99868,100,101410,100,99583,200,101427,100,99469,100,101450,100,99464,100,101508,100,99254,100,101615,100,,,101708,100,,,101712,100,,
2019-06-28 10:00:50.000000000,101066,192,100009,192,101224,190,99999,190,101297,190,99868,190,101410,100,99583,200,101427,100,99469,100,101450,100,99464,100,101508,100,99254,100,101615,100,,,101708,100,,,101712,100,,
2019-06-28 10:00:52.767220995,101224,190,101066,8,101297,190,100009,192,101410,100,99999,190,101427,100,99868,190,101450,100,99583,200,101508,100,99469,100,101615,100,99464,100,101708,100,99254,100,101712,100,,,101798,100,,
2019-06-28 10:01:00.000000000,101224,154,101066,62,101297,154,100009,154,101410,154,99999,154,101427,154,99868,154,101450,154,99583,254,101508,100,99469,100,101615,100,99464,100,101708,100,99254,100,101712,100,,,101798,100,,
2019-06-28 10:01:02.373265039,101224,154,101066,62,101297,154,100009,154,101342,100,99999,154,101410,154,99868,154,101427,154,99583,254,101450,154,99469,100,101508,100,99464,100,101615,100,99254,100,101708,100,,,101712,100,,
2019-06-28 10:01:10.000000000,101224,168,101066,76,101297,168,100009,168,101342,168,99999,168,101410,168,99868,168,101427,100,99583,200,101450,100,99469,100,101508,100,99464,100,101615,100,99254,100,101708,100,,,101712,100,,
2019-06-28 10:01:20.000000000,101224,192,101066,100,101297,190,100009,190,101342,190,99999,190,101410,100,99868,100,101427,100,99583,200,101450,100,99469,100,101508,100,99464,100,101615,100,99254,100,101708,100,,,101712,100,,
2019-06-28 10:01:30.000000000,101224,236,101066,144,101297,236,100009,236,101342,100,99999,100,101410,100,99868,100,101427,100,99583,200,101450,100,99469,100,101508,100,99464,100,101615,100,99254,100,101708,100,,,101712,100,,
2019-06-28 10:01:40.000000000,101224,372,101066,280,101297,100,100009,100,101342,100,99999,100,101410,100,99868,100,101427,100,99583,200,101450,100,99469,100,101508,100,99464,100,101615,100,99254,100,101708,100,,,101712,100,,
2019-06-28 10:01:49.350591551,101224,272,101066,280,101297,100,100009,100,101342,100,99999,100,101410,100,99868,100,101427,100,99583,200,101450,100,99469,100,101508,100,99464,100,101615,100,99254,100,101708,100,,,101712,100,,
2019-06-28 10:01:50.000000000,101297,154,101066,62,101342,154,100009,154,101410,154,99999,154,101427,154,99868,154,101450,154,99583,254,101508,100,99469,100,101615,100,99464,100,101708,100,99254,100,101712,100,,,101798,100,,
2019-06-28 10:02:00.000000000,101297,236,101066,144,101342,236,100009,236,101410,100,99999,100,101427,100,99868,100,101450,100,99583,200,101508,100,99469,100,101615,100,99464,100,101708,100,99254,100,101712,100,,,101798,100,,
2019-06-28 10:02:10.000000000,101297,192,101066,100,101342,190,100009,190,101410,190,99999,190,101427,100,99868,100,101450,100,99583,200,101508,100,99469,100,101615,100,99464,100,101708,100,99254,100,101712,100,,,101798,100,,
2019-06-28 10:02:20.000000000,101297,154,101066,62,101342,154,100009,154,101410,154,99999,154,101427,154,99868,154,101450,154,99583,254,101508,100,99469,100,101615,100,99464,100,101708,100,99254,100,101712,100,,,101798,100,,
2019-06-28 10:02:30.000000000,101297,372,101066,280,101342,100,100009,100,101410,100,99999,100,101427,100,99868,100,101450,100,99583,200,101508,100,99469,100,101615,100,99464,100,101708,100,99254,100,101712,100,,,101798,100,,
2019-06-28 10:02:40.000000000,101297,168,101066,76,101342,168,100009,168,101410,168,99999,168,101427,168,99868,168,101450,100,99583,200,101508,100,99469,100,101615,100,99464,100,101708,100,99254,100,101712,100,,,101798,100,,
2019-06-28 10:02:45.573136556,101289,100,101066,76,101297,168,100009,168,101342,168,99999,168,101410,168,99868,168,101427,168,99583,200,101450,100,99469,100,101508,100,99464,100,101615,100,,,101708,100,,,101712,100,,
2019-06-28 10:02:46.415737741,101289,100,101066,76,101297,168,100939,100,101342,168,100009,168,101410,168,99999,168,101427,168,99868,168,101450,100,99583,200,101508,100,99469,100,101615,100,99464,100,101708,100,,,101712,100,,
2019-06-28 10:02:46.969341423,101272,100,101066,76,101289,100,100939,100,101297,168,100009,168,101342,168,99999,168,101410,168,99868,168,101427,168,99583,200,101450,100,99469,100,101508,100,99464,100,101615,100,,,101708,100,,
2019-06-28 10:02:50.000000000,101272,236,101066,144,101289,236,100939,236,101297,100,100009,100,101342,100,99999,100,101410,100,99868,100,101427,100,99583,200,101450,100,99469,100,101508,100,99464,100,101615,100,,,101708,100,,
2019-06-28 10:03:00.000000000,101272,372,101066,280,101289,100,100939,100,101297,100,100009,100,101342,100,99999,100,101410,100,99868,100,101427,100,99583,200,101450,100,99469,100,101508,100,99464,100,101615,100,,,101708,100,,
2019-06-28 10:03:02.021330464,101272,372,101067,100,101289,100,101066,280,101297,100,100939,100,101342,100,100009,100,101410,100,99999,100,101427,100,99868,100,101450,100,99583,200,101508,100,99469,100,101615,100,99464,100,101708,100,,
2019-06-28 10:03:10.000000000,101272,154,101067,154,101289,154,101066,62,101297,154,100939,154,101342,154,100009,154,101410,154,99999,154,101427,100,99868,100,101450,100,99583,200,101508,100,99469,100,101615,100,99464,100,101708,100,,
2019-06-28 10:03:16.832509159,101272,154,101240,100,101289,154,101067,154,101297,154,101066,62,101342,154,100939,154,101410,154,100009,154,101427,100,99999,154,101450,100,99868,100,101508,100,99583,200,101615,100,99469,100,101708,100,99464,100
2019-06-28 10:03:20.000000000,101272,372,101240,372,101289,100,101067,100,101297,100,101066,8,101342,100,100939,100,101410,100,100009,100,101427,100,99999,100,101450,100,99868,100,101508,100,99583,200,101615,100,99469,100,101708,100,99464,100
2019-06-28 10:03:25.917579413,101272,372,101240,272,101289,100,101067,100,101297,100,101066,8,101342,100,100939,100,101410,100,100009,100,101427,100,99999,100,101450,100,99868,100,101508,100,99583,200,101615,100,99469,100,101708,100,99464,100
2019-06-28 10:03:30.000000000,101272,236,101067,236,101289,236,101066,144,101297,100,100939,100,101342,100,100009,100,101410,100,99999,100,101427,100,99868,100,101450,100,99583,200,101508,100,99469,100,101615,100,99464,100,101708,100,,
2019-06-28 10:03:40.000000000,101272,168,101067,168,101289,168,101066,76,101297,168,100939,168,101342,168,100009,168,101410,100,99999,100,101427,100,99868,100,101450,100,99583,200,101508,100,99469,100,101615,100,99464,100,101708,100,,
2019-06-28 10:03:50.000000000,101272,372,101067,372,101289,100,101066,8,101297,100,100939,100,101342,100,100009,100,101410,100,99999,100,101427,100,99868,100,101450,100,99583,200,101508,100,99469,100,101615,100,99464,100,101708,100,,
2019-06-28 10:04:00.000000000,101272,168,101067,168,101289,168,101066,76,101297,168,100939,168,101342,168,100009,168,101410,100,99999,100,101427,100,99868,100,101450,100,99583,200,101508,100,99469,100,101615,100,99464,100,101708,100,,
2019-06-28 10:04:10.000000000,101272,168,101067,168,101289,168,101066,76,101297,168,100939,168,101342,168,100009,168,101410,100,99999,100,101427,100,99868,100,101450,100,99583,200,101508,100,99469,100,101615,100,99464,100,101708,100,,
2019-06-28 10:04:20.000000000,101272,372,101067,372,101289,100,101066,8,101297,100,100939,100,101342,100,100009,100,101410,100,99999,100,101427,100,99868,100,101450,100,99583,200,101508,100,99469,100,101615,100,99464,100,101708,100,,
2019-06-28 10:04:22.107564394,101272,372,101067,372,101289,100,101066,8,101342,100,101063,100,101410,100,100939,100,101427,100,100009,100,101450,100,99999,100,101508,100,99868,100,101615,100,99583,200,101708,100,99469,100,101712,100,99464,100
2019-06-28 10:04:30.000000000,101272,168,101067,168,101289,168,101066,76,101342,168,101063,168,101410,168,100939,168,101427,100,100009,100,101450,100,99999,100,101508,100,99868,100,101615,100,99583,200,101708,100,99469,100,101712,100,99464,100
2019-06-28 10:04:36.103943684,101272,168,101067,168,101289,168,101066,76,101342,168,101063,168,101410,168,100994,100,101427,100,100939,168,101450,100,100009,100,101508,100,99999,100,101615,100,99868,100,101708,100,99583,200,101712,100,99469,100
2019-06-28 10:04:40.000000000,101272,372,101067,372,101289,100,101066,8,101342,100,101063,100,101410,100,100994,100,101427,100,100939,100,101450,100,100009,100,101508,100,99999,100,101615,100,99868,100,101708,100,99583,200,101712,100,99469,100
2019-06-28 10:04:50.000000000,101272,372,101067,372,101289,100,101066,8,101342,100,101063,100,101410,100,100994,100,101427,100,100939,100,101450,100,100009,100,101508,100,99999,100,101615,100,99868,100,101708,100,99583,200,101712,100,99469,100
2019-06-28 10:05:00.000000000,101272,192,101067,192,101289,190,101066,98,101342,190,101063,190,101410,100,100994,100,101427,100,100939,100,101450,100,100009,100,101508,100,99999,100,101615,100,99868,100,101708,100,99583,200,101712,100,99469,100
2019-06-28 10:05:04.881801241,101272,192,101067,92,101289,190,101066,98,101342,190,101063,190,101410,100,100994,100,101427,100,100939,100,101450,100,100009,100,101508,100,99999,100,101615,100,99868,100,101708,100,99583,200,101712,100,99469,100
2019-06-28 10:05:10.000000000,101272,372,101066,280,101289,100,101063,100,101342,100,100994,100,101410,100,100939,100,101427,100,100009,100,101450,100,99999,100,101508,100,99868,100,101615,100,99583,200,101708,100,99469,100,101712,100,99464,100
2019-06-28 10:05:20.000000000,101272,192,101066,100,101289,190,101063,190,101342,190,100994,190,101410,100,100939,100,101427,100,100009,100,101450,100,99999,100,101508,100,99868,100,101615,100,99583,200,101708,100,99469,100,101712,100,99464,100
2019-06-28 10:05:30.000000000,101272,168,101066,76,101289,168,101063,168,101342,168,100994,168,101410,168,100939,168,101427,100,100009,100,101450,100,99999,100,101508,100,99868,100,101615,100,99583,200,101708,100,99469,100,101712,100,99464,100
2019-06-28 10:05:35.753267779,101272,168,101066,76,101289,168,101063,168,101342,168,100994,168,101410,168,100939,168,101427,100,100009,100,101450,100,99999,100,101463,100,99868,100,101508,100,99583,200,101615,100,99469,100,101708,100,99464,100
2019-06-28 10:05:39.843018174,101272,168,101259,100,101289,168,101066,76,101342,168,101063,168,101410,168,100994,168,101427,100,100939,168,101450,100,100009,100,101463,100,99999,100,101508,100,99868,100,101615,100,99583,200,101708,100,99469,100
2019-06-28 10:05:40.000000000,101272,236,101259,236,101289,236,101066,144,101342,100,101063,100,101410,100,100994,100,101427,100,100939,100,101450,100,100009,100,101463,100,99999,100,101508,100,99868,100,101615,100,99583,200,101708,100,99469,100
2019-06-28 10:05:50.000000000,101272,168,101259,168,101289,168,101066,76,101342,168,101063,168,101410,168,100994,168,101427,100,100939,100,101450,100,100009,100,101463,100,99999,100,101508,100,99868,100,101615,100,99583,200,101708,100,99469,100
2019-06-28 10:05:58.293534315,101272,168,101259,68,101289,168,101066,76,101342,168,101063,168,101410,168,100994,168,101427,100,100939,100,101450,100,100009,100,101463,100,99868,100,101508,100,99583,200,101615,100,99469,100,101708,100,99464,100
2019-06-28 10:06:00.000000000,101272,236,101066,144,101289,236,101063,236,101342,100,100994,100,101410,100,100939,100,101427,100,100009,100,101450,100,99868,100,101463,100,99583,200,101508,100,99469,100,101615,100,99464,100,101708,100,,
2019-06-28 10:06:08.107312327,101272,236,101066,144,101289,236,101063,236,101342,100,100994,100,101410,100,100939,100,101427,100,100738,100,101450,100,100009,100,101463,100,99868,100,101508,100,99583,200,101615,100,99469,100,101708,100,99464,100
2019-06-28 10:06:10.000000000,101272,168,101066,76,101289,168,101063,168,101342,168,100994,168,101410,168,100939,168,101427,100,100738,100,101450,100,100009,100,101463,100,99868,100,101508,100,99583,200,101615,100,99469,100,101708,100,99464,100
2019-06-28 10:06:17.891648815,101132,100,101066,76,101272,168,101063,168,101289,168,100994,168,101342,168,100939,168,101410,168,100738,100,101427,100,100009,100,101450,100,99868,100,101463,100,99583,200,101508,100,99464,100,101615,100,,
2019-06-28 10:06:20.000000000,101132,154,101066,62,101272,154,101063,154,101289,154,100994,154,101342,154,100939,154,101410,154,100738,154,101427,100,100009,100,101450,100,99868,100,101463,100,99583,200,101508,100,99464,100,101615,100,,
2019-06-28 10:06:30.000000000,101132,372,101066,280,101272,100,101063,100,101289,100,100994,100,101342,100,100939,100,101410,100,100738,100,101427,100,100009,100,101450,100,99868,100,101463,100,99583,200,101508,100,99464,100,101615,100,,
2019-06-28 10:06:33.674903643,101132,372,101066,280,101259,100,101063,100,101272,100,100994,100,101289,100,100939,100,101342,100,100738,100,101410,100,100009,100,101427,100,99868,100,101450,100,99583,200,101463,100,99464,100,101508,100,,
2019-06-28 10:06:39.028093943,101132,372,101066,280,101259,200,101063,100,101272,100,100994,100,101289,100,100939,100,101342,100,100738,100,101410,100,100009,100,101427,100,99868,100,101450,100,99583,200,101463,100,99464,100,101508,100,,
2019-06-28 10:06:40.000000000,101132,236,101066,144,101259,336,101063,236,101272,100,100994,100,101289,100,100939,100,101342,100,100738,100,101410,100,100009,100,101427,100,99868,100,101450,100,99583,200,101463,100,99464,100,101508,100,,
2019-06-28 10:06:40.886010911,101132,236,101066,144,101259,436,101063,236,101272,100,100994,100,101289,100,100939,100,101342,100,100738,100,101410,100,100009,100,101427,100,99868,100,101450,100,99583,100,101463,100,99464,100,101508,100,,
2019-06-28 10:06:50.000000000,101132,236,101066,144,101259,436,101063,236,101272,100,100994,100,101289,100,100939,100,101342,100,100738,100,101410,100,100009,100,101427,100,99868,100,101450,100,99583,100,101463,100,99464,100,101508,100,,
2019-06-28 10:07:00.000000000,101132,236,101066,144,101259,436,101063,236,101272,100,100994,100,101289,100,100939,100,101342,100,100738,100,101410,100,100009,100,101427,100,99868,100,101450,100,99583,100,101463,100,99464,100,101508,100,,
2019-06-28 10:07:03.550718556,101132,336,101066,144,101259,436,101063,236,101272,100,100994,100,101289,100,100939,100,101342,100,100738,100,101410,100,100009,100,101427,100,99868,100,101450,100,99583,100,101463,100,99464,100,101508,100,,
2019-06-28 10:07:10.000000000,101132,268,101066,76,101259,368,101063,168,101272,168,100994,168,101289,168,100939,168,101342,100,100738,100,101410,100,100009,100,101427,100,99868,100,101450,100,99583,100,101463,100,99464,100,101508,100,,
2019-06-28 10:07:20.000000000,101132,472,101066,280,101259,300,101063,100,101272,100,100994,100,101289,100,100939,100,101342,100,100738,100,101410,100,100009,100,101427,100,99868,100,101450,100,99583,100,101463,100,99464,100,101508,100,,
2019-06-28 10:07:25.923272739,101087,100,101066,280,101132,472,101063,100,101259,300,100994,100,101272,100,100939,100,101289,100,100738,100,101342,100,100009,100,101410,100,99868,100,101427,100,99583,100,101450,100,99464,100,101463,100,,
2019-06-28 10:07:27.234272682,101087,100,101066,280,101132,472,101063,100,101259,400,100994,100,101272,100,100939,100,101289,100,100738,100,101342,100,100009,100,101410,100,99868,100,101427,100,99583,100,101450,100,99464,100,101463,100,,
2019-06-28 10:07:30.000000000,101087,236,101066,144,101132,336,101063,236,101259,400,100994,100,101272,100,100939,100,101289,100,100738,100,101342,100,100009,100,101410,100,99868,100,101427,100,99583,100,101450,100,99464,100,101463,100,,
2019-06-28 10:07:35.649336101,101080,100,101066,144,101087,236,101063,236,101132,236,100994,100,101259,400,100939,100,101272,100,100738,100,101289,100,100009,100,101342,100,99868,100,101410,100,99583,100,101427,100,99464,100,101450,100,,
2019-06-28 10:07:40.000000000,101080,168,101066,76,101087,168,101063,168,101132,168,100994,168,101259,468,100939,168,101272,100,100738,100,101289,100,100009,100,101342,100,99868,100,101410,100,99583,100,101427,100,99464,100,101450,100,,
2019-06-28 10:07:50.000000000,101080,154,101066,62,101087,154,101063,154,101132,154,100994,154,101259,454,100939,154,101272,154,100738,154,101289,100,100009,100,101342,100,99868,100,101410,100,99583,100,101427,100,99464,100,101450,100,,
2019-06-28 10:08:00.000000000,101080,372,101066,280,101087,100,101063,100,101132,100,100994,100,101259,400,100939,100,101272,100,100738,100,101289,100,100009,100,101342,100,99868,100,101410,100,99583,100,101427,100,99464,100,101450,100,,
2019-06-28 10:08:02.393559783,101080,372,101066,180,101087,100,101063,100,101132,100,100994,100,101259,400,100939,100,101272,100,100738,100,101289,100,100009,100,101342,100,99868,100,101410,100,99583,100,101427,100,99464,100,101450,100,,
2019-06-28 10:08:10.000000000,101080,372,101063,372,101087,100,100994,100,101132,100,100939,100,101259,400,100738,100,101272,100,100009,100,101289,100,99868,100,101342,100,99583,100,101410,100,99464,100,101427,100,,,101450,100,,
2019-06-28 10:08:20.000000000,101080,372,101063,372,101087,100,100994,100,101132,100,100939,100,101259,400,100738,100,101272,100,100009,100,101289,100,99868,100,101342,100,99583,100,101410,100,99464,100,101427,100,,,101450,100,,
2019-06-28 10:08:22.720440319,101080,372,101063,372,101087,100,100994,100,101132,100,100939,100,101259,400,100738,100,101272,100,100608,100,101289,100,100009,100,101342,100,99868,100,101410,100,99583,100,101427,100,99464,100,101450,100,,
2019-06-28 10:08:30.000000000,101080,154,101063,154,101087,154,100994,154,101132,154,100939,154,101259,454,100738,154,101272,154,100608,154,101289,100,100009,100,101342,100,99868,100,101410,100,99583,100,101427,100,99464,100,101450,100,,
2019-06-28 10:08:30.859665481,101079,100,101063,154,101080,154,100994,154,101087,154,100939,154,101132,154,100738,154,101259,354,100608,154,101272,154,100009,100,101289,100,99868,100,101342,100,99583,100,101410,100,99464,100,101427,100,,
2019-06-28 10:08:40.000000000,101079,372,101063,372,101080,100,100994,100,101087,100,100939,100,101132,100,100738,100,101259,300,100608,100,101272,100,100009,100,101289,100,99868,100,101342,100,99583,100,101410,100,99464,100,101427,100,,
2019-06-28 10:08:45.381146416,101079,372,101063,372,101080,100,100994,100,101087,100,100939,100,101132,100,100738,100,101133,100,100608,100,101259,300,100009,100,101272,100,99868,100,101289,100,99583,100,101342,100,99464,100,101410,100,,
2019-06-28 10:08:47.997027588,101079,372,101063,372,101080,100,100994,100,101087,100,100939,100,101132,100,100703,100,101133,100,100608,100,101259,300,100009,100,101272,100,99868,100,101289,100,99583,100,101342,100,99464,100,101410,100,,
2019-06-28 10:08:50.000000000,101079,192,101063,192,101080,190,100994,190,101087,190,100939,190,101132,100,100703,100,101133,100,100608,100,101259,300,100009,100,101272,100,99868,100,101289,100,99583,100,101342,100,99464,100,101410,100,,
2019-06-28 10:09:00.000000000,101079,192,101063,192,101080,190,100994,190,101087,190,100939,190,101132,100,100703,100,101133,100,100608,100,101259,300,100009,100,101272,100,99868,100,101289,100,99583,100,101342,100,99464,100,101410,100,,
2019-06-28 10:09:00.733877582,101079,192,101063,92,101080,190,100994,190,101087,190,100939,190,101132,100,100703,100,101133,100,100608,100,101259,300,100009,100,101272,100,99868,100,101289,100,99583,100,101342,100,99464,100,101410,100,,
2019-06-28 10:09:01.210110200,101066,100,101063,92,101079,192,100994,190,101080,190,100939,190,101087,190,100703,100,101132,100,100608,100,101133,100,100009,100,101259,300,99868,100,101272,100,99583,100,101289,100,99464,100,101342,100,,
2019-06-28 10:09:01.649492205,101063,8,100994,190,101066,100,100939,190,101079,192,100703,100,101080,190,100608,100,101087,190,100009,100,101132,100,99868,100,101133,100,99583,100,101259,300,99464,100,101272,100,,,101289,100,,
2019-06-28 10:09:10.000000000,101063,76,100994,168,101066,168,100939,168,101079,168,100703,168,101080,168,100608,168,101087,100,100009,100,101132,100,99868,100,101133,100,99583,100,101259,300,99464,100,101272,100,,,101289,100,,
2019-06-28 10:09:20.000000000,101063,280,100994,372,101066,100,100939,100,101079,100,100703,100,101080,100,100608,100,101087,100,100009,100,101132,100,99868,100,101133,100,99583,100,101259,300,99464,100,101272,100,,,101289,100,,
2019-06-28 10:09:21.839395294,101063,280,100994,272,101066,100,100939,100,101079,100,100703,100,101080,100,100608,100,101087,100,100009,100,101132,100,99868,100,101133,100,99583,100,101259,300,99464,100,101272,100,,,101289,100,,
2019-06-28 10:09:21.955164613,101062,100,100994,272,101063,280,100939,100,101066,100,100703,100,101079,100,100608,100,101080,100,100009,100,101087,100,99868,100,101132,100,99583,100,101133,100,99464,100,101259,300,,,101272,100,,
2019-06-28 10:09:22.463164099,101062,100,100994,272,101063,280,100939,100,101066,100,100703,100,101079,100,100608,100,101080,100,100009,100,101087,100,99868,100,101111,100,99583,100,101132,100,99464,100,101133,100,,,101259,300,,
2019-06-28 10:09:30.000000000,101062,372,100939,372,101063,8,100703,100,101066,100,100608,100,101079,100,100009,100,101080,100,99868,100,101087,100,99583,100,101111,100,99464,100,101132,100,,,101133,100,,,101259,300,,
2019-06-28 10:09:39.320662216,101062,372,100953,100,101063,8,100939,372,101066,100,100703,100,101079,100,100608,100,101080,100,100009,100,101087,100,99868,100,101111,100,99583,100,101132,100,99464,100,101133,100,,,101259,300,,
