,ask_price_1,ask_size_1,bid_price_1,bid_size_1,ask_price_2,ask_size_2,bid_price_2,bid_size_2,ask_price_3,ask_size_3,bid_price_3,bid_size_3,ask_price_4,ask_size_4,bid_price_4,bid_size_4,ask_price_5,ask_size_5,bid_price_5,bid_size_5,ask_price_6,ask_size_6,bid_price_6,bid_size_6,ask_price_7,ask_size_7,bid_price_7,bid_size_7,ask_price_8,ask_size_8,bid_price_8,bid_size_8,ask_price_9,ask_size_9,bid_price_9,bid_size_9,ask_price_10,ask_size_10,bid_price_10,bid_size_10
2019-06-28 09:30:00.000000003,99986,100,,,,,,,,,,,,,,,,,,,,,,,,,,,,,,,,,,,,,,
2019-06-28 09:30:00.000000004,99986,100,,,100008,100,,,,,,,,,,,,,,,,,,,,,,,,,,,,,,,,,,
2019-06-28 09:30:00.000000005,99986,100,99844,100,100008,100,,,100073,100,,,,,,,,,,,,,,,,,,,,,,,,,,,,,,
2019-06-28 09:30:00.000000007,99986,100,99885,100,100008,100,99844,100,100073,100,,,100145,100,,,,,,,,,,,,,,,,,,,,,,,,,,
2019-06-28 09:30:00.000000008,99986,100,99889,100,100008,100,99885,100,100073,100,99844,100,100111,100,,,100145,100,,,,,,,,,,,,,,,,,,,,,,
2019-06-28 09:30:00.000000010,99986,100,99910,100,100008,100,99889,100,100073,100,99885,100,100111,100,99844,100,100145,100,,,,,,,,,,,,,,,,,,,,,,
2019-06-28 09:30:00.000000012,100008,100,99910,100,100036,100,99889,100,100073,100,99885,100,100111,100,99844,100,100145,100,,,,,,,,,,,,,,,,,,,,,,
2019-06-28 09:30:00.000000013,100008,100,99910,100,100036,100,99889,100,100061,100,99885,100,100073,100,99844,100,100111,100,,,100145,100,,,,,,,,,,,,,,,,,,
2019-06-28 09:30:00.000000015,99925,100,99919,100,100008,100,99910,100,100036,100,99889,100,100061,100,99885,100,100073,100,99844,100,100111,100,,,100145,100,,,,,,,,,,,,,,
2019-06-28 09:30:00.000000016,99925,100,99919,100,100008,100,99910,100,100036,100,99889,100,100061,100,99885,100,100073,100,99877,100,100111,100,99844,100,100145,100,,,,,,,,,,,,,,
2019-06-28 09:30:00.000000019,100008,100,99919,100,100036,100,99910,100,100061,100,99889,100,100073,100,99885,100,100111,100,99877,100,100145,100,99844,100,,,,,,,,,,,,,,,,
2019-06-28 09:30:00.000000020,100036,100,99980,100,100061,100,99919,100,100073,100,99910,100,100111,100,99889,100,100145,100,99885,100,,,99877,100,,,99844,100,,,,,,,,,,,,
2019-06-28 09:30:00.000000021,100036,100,99980,100,100061,100,99925,200,100073,100,99919,100,100092,100,99910,100,100111,100,99889,100,100145,100,99885,100,,,99877,100,,,99844,100,,,,,,,,
2019-06-28 09:30:00.000000022,100036,100,99980,100,100061,100,99933,100,100073,100,99925,200,100092,100,99919,100,100111,100,99910,100,100145,100,99889,100,,,99885,100,,,99877,100,,,99844,100,,,,
2019-06-28 09:30:00.000000023,100061,100,99980,100,100073,100,99933,100,100092,100,99925,200,100111,100,99919,100,100145,100,99910,100,,,99889,100,,,99885,100,,,99877,100,,,99844,100,,,,
2019-06-28 09:30:00.000000025,100061,100,99995,100,100073,100,99980,100,100092,100,99933,100,100111,100,99925,200,100145,100,99919,100,,,99910,100,,,99889,100,,,99885,100,,,99877,100,,,99844,100
2019-06-28 09:30:00.000000027,100061,100,99995,100,100073,100,99980,100,100092,100,99933,100,100111,100,99925,200,100145,100,99919,100,,,99910,100,,,99889,100,,,99885,100,,,99877,100,,,99844,100
2019-06-28 09:30:00.000000028,100061,100,99995,100,100073,100,99980,100,100074,100,99933,100,100092,100,99925,200,100111,100,99919,100,100145,100,99910,100,,,99889,100,,,99885,100,,,99877,100,,,99844,100
2019-06-28 09:30:00.000000030,100061,100,99995,100,100073,100,99980,100,100074,100,99933,100,100092,100,99925,200,100111,100,99919,100,100145,100,99910,100,,,99895,100,,,99889,100,,,99885,100,,,99877,100
2019-06-28 09:30:00.000000031,100061,100,99995,100,100073,100,99980,100,100074,100,99941,100,100092,100,99933,100,100111,100,99925,200,100145,100,99919,100,,,99910,100,,,99895,100,,,99889,100,,,99885,100
2019-06-28 09:30:00.000000033,100036,100,99995,100,100061,100,99980,100,100073,100,99941,100,100074,100,99933,100,100092,100,99925,200,100111,100,99919,100,100145,100,99910,100,,,99895,100,,,99889,100,,,99885,100
2019-06-28 09:30:00.000000035,100036,100,99995,100,100061,100,99980,100,100073,100,99956,100,100074,100,99941,100,100092,100,99933,100,100111,100,99925,200,100145,100,99919,100,,,99910,100,,,99895,100,,,99889,100
2019-06-28 09:30:00.000000036,100061,100,99995,100,100073,100,99980,100,100074,100,99956,100,100092,100,99941,100,100111,100,99933,100,100145,100,99925,200,,,99919,100,,,99910,100,,,99895,100,,,99889,100
2019-06-28 09:30:00.000000039,100036,100,99995,100,100061,100,99980,100,100073,100,99956,100,100074,100,99941,100,100092,100,99933,100,100111,100,99925,200,100145,100,99919,100,,,99910,100,,,99895,100,,,99889,100
2019-06-28 09:30:00.000000041,100036,200,99995,100,100061,100,99980,100,100073,100,99956,100,100074,100,99941,100,100092,100,99933,100,100111,100,99925,200,100145,100,99919,100,,,99910,100,,,99895,100,,,99889,100
2019-06-28 09:30:00.000000045,100031,100,99995,100,100036,200,99980,100,100061,100,99956,100,100072,100,99941,100,100073,100,99933,100,100074,100,99925,200,100092,100,99919,100,100111,100,99910,100,100145,100,99895,100,,,99889,100
2019-06-28 09:30:00.000000047,100031,100,99980,100,100036,200,99956,100,100061,100,99941,100,100072,100,99933,100,100073,100,99925,200,100074,100,99919,100,100092,100,99910,100,100111,100,99895,100,100145,100,99889,100,,,99885,100
2019-06-28 09:30:00.000000051,100021,100,99980,100,100031,100,99956,100,100036,200,99941,100,100061,100,99933,100,100072,100,99925,200,100073,100,99919,100,100074,100,99910,100,100092,100,99895,100,100107,100,99889,100,100111,100,99885,100
2019-06-28 09:30:00.000000060,100021,100,100011,100,100031,100,99980,100,100036,200,99956,100,100061,100,99941,100,100072,100,99933,100,100073,100,99925,200,100074,100,99920,100,100092,100,99919,100,100107,100,99910,100,100111,100,99895,100
2019-06-28 09:30:00.000000065,100021,100,100011,100,100031,100,99980,100,100036,200,99956,100,100061,100,99941,100,100072,100,99933,200,100073,100,99925,200,100074,100,99920,100,100092,100,99919,100,100107,100,99910,100,100111,100,99895,100
2019-06-28 09:30:00.000000066,100021,100,100015,100,100031,100,100011,100,100036,200,99980,100,100061,100,99956,100,100072,100,99941,100,100073,100,99933,200,100074,100,99925,200,100092,100,99920,100,100107,100,99919,100,100111,100,99910,100
2019-06-28 09:30:00.000000067,100021,100,100015,100,100031,100,100011,100,100036,200,99980,100,100061,100,99956,100,100072,100,99941,100,100073,100,99933,200,100074,100,99925,200,100092,100,99920,100,100107,100,99919,100,100111,100,99910,100
2019-06-28 09:30:00.000000069,100021,100,100015,100,100031,100,100011,100,100036,200,99980,100,100061,100,99956,100,100072,100,99941,100,100073,100,99933,200,100074,100,99925,200,100092,100,99920,100,100107,100,99919,100,100111,100,99910,100
2019-06-28 09:30:00.000000071,100021,100,100011,100,100031,100,99980,100,100036,200,99956,100,100061,100,99941,100,100072,100,99933,200,100073,100,99925,200,100074,100,99920,100,100092,100,99919,100,100107,100,99910,100,100111,100,99895,100
2019-06-28 09:30:00.000000072,100021,100,100011,100,100031,100,99980,100,100036,200,99956,100,100061,100,99951,100,100072,100,99941,100,100073,100,99933,200,100074,100,99925,200,100092,100,99920,100,100107,100,99919,100,100111,100,99910,100
2019-06-28 09:30:00.000000073,100021,100,100011,100,100031,100,99980,100,100036,200,99956,100,100061,100,99951,100,100072,100,99941,100,100073,100,99940,100,100074,100,99933,200,100092,100,99925,200,100107,100,99920,100,100111,100,99919,100
2019-06-28 09:30:00.000000074,100021,100,100012,100,100031,100,100011,100,100036,200,99980,100,100061,100,99956,100,100072,100,99951,100,100073,100,99941,100,100074,100,99940,100,100092,100,99933,200,100107,100,99925,200,100111,100,99920,100
2019-06-28 09:30:00.000000076,100021,100,100011,100,100031,100,99980,100,100036,200,99956,100,100061,100,99951,100,100072,100,99941,100,100073,100,99940,100,100074,100,99933,200,100092,100,99925,200,100107,100,99920,100,100111,100,99919,100
2019-06-28 09:30:00.000000077,100021,100,100011,100,100031,100,99980,100,100036,200,99956,100,100061,100,99951,100,100072,100,99941,100,100073,100,99940,100,100074,100,99933,200,100092,100,99925,200,100107,100,99920,100,100111,100,99919,100
2019-06-28 09:30:00.000000080,100021,100,100011,100,100031,100,99980,100,100036,200,99976,100,100061,100,99956,100,100072,100,99951,100,100073,100,99941,100,100074,100,99940,100,100092,100,99933,200,100107,100,99925,200,100111,100,99920,100
2019-06-28 09:30:00.000000084,100021,100,99980,100,100031,100,99976,100,100036,200,99956,100,100061,100,99951,100,100072,200,99941,100,100073,100,99940,100,100074,100,99933,200,100092,100,99925,200,100107,100,99920,100,100111,100,99919,100
2019-06-28 09:30:00.000000085,100021,100,99980,100,100031,100,99976,100,100035,100,99956,100,100036,200,99951,100,100061,100,99941,100,100072,200,99940,100,100073,100,99933,200,100074,100,99925,200,100092,100,99920,100,100107,100,99919,100
2019-06-28 09:30:00.000000086,100021,100,99980,100,100031,100,99976,100,100035,100,99956,100,100036,200,99951,100,100061,100,99941,100,100072,200,99940,200,100073,100,99933,200,100074,100,99925,200,100092,100,99920,100,100107,100,99919,100
2019-06-28 09:30:00.000000089,100021,100,99982,100,100031,100,99980,100,100035,100,99976,100,100036,200,99956,100,100061,100,99951,100,100072,200,99941,100,100073,100,99940,200,100074,100,99933,200,100092,100,99925,200,100107,100,99920,100
2019-06-28 09:30:00.000000091,100021,100,99982,100,100031,100,99980,100,100035,100,99976,100,100036,200,99956,100,100061,100,99951,100,100072,200,99941,100,100073,100,99940,200,100074,100,99933,200,100092,100,99925,200,100107,100,99920,100
2019-06-28 09:30:00.000000093,100021,100,99982,100,100031,100,99980,100,100035,100,99976,100,100036,200,99956,100,100061,100,99951,100,100072,200,99941,100,100073,100,99940,200,100074,100,99933,200,100092,100,99925,200,100107,100,99920,100
2019-06-28 09:30:00.000000094,100021,100,99982,100,100031,100,99980,100,100035,100,99976,100,100036,200,99956,100,100061,100,99951,100,100072,200,99950,100,100073,100,99941,100,100074,100,99940,200,100092,100,99933,200,100102,100,99925,200
2019-06-28 09:30:00.000000095,100021,100,100011,100,100031,100,99982,100,100035,100,99980,100,100036,200,99976,100,100061,100,99956,100,100072,200,99951,100,100073,100,99950,100,100074,100,99941,100,100092,100,99940,200,100102,100,99933,200
2019-06-28 09:30:00.000000098,100021,100,100011,100,100031,100,99982,100,100035,100,99980,100,100036,200,99976,100,100061,100,99956,100,100072,200,99951,100,100073,100,99950,100,100074,100,99941,100,100092,100,99940,200,100102,100,99933,200
2019-06-28 09:30:04.829494099,100021,100,99982,100,100031,100,99980,100,100035,100,99976,100,100036,200,99956,100,100061,100,99951,100,100072,200,99950,100,100073,100,99941,100,100074,100,99940,200,100092,100,99933,200,100102,100,99925,200
2019-06-28 09:30:10.000000000,100021,504,99982,504,100031,100,99980,100,100035,100,99976,100,100036,200,99956,100,100061,100,99951,100,100072,200,99950,100,100073,100,99941,100,100074,100,99940,200,100092,100,99933,200,100102,100,99925,200
2019-06-28 09:30:20.000000000,100021,302,99982,302,100031,302,99980,302,100035,100,99976,100,100036,200,99956,100,100061,100,99951,100,100072,200,99950,100,100073,100,99941,100,100074,100,99940,200,100092,100,99933,200,100102,100,99925,200
2019-06-28 09:30:20.619465373,100021,202,99982,302,100031,302,99980,302,100035,100,99976,100,100036,200,99956,100,100061,100,99951,100,100072,200,99941,100,100073,100,99940,200,100074,100,99933,200,100092,100,99925,200,100102,100,99920,100
2019-06-28 09:30:30.000000000,100031,302,99982,302,100035,302,99980,302,100036,200,99976,100,100061,100,99956,100,100072,200,99951,100,100073,100,99941,100,100074,100,99940,200,100092,100,99933,200,100102,100,99925,200,100107,100,99920,100
2019-06-28 09:30:36.642896352,100031,302,99982,302,100035,302,99980,302,100036,200,99976,100,100061,100,99956,100,100072,200,99951,100,100073,100,99941,100,100074,100,99940,200,100092,100,99933,200,100102,100,99925,100,100107,100,99920,100
2019-06-28 09:30:39.014495885,100031,302,99982,202,100035,302,99980,302,100036,200,99976,100,100061,100,99956,100,100072,200,99951,100,100073,100,99941,100,100074,100,99940,200,100092,100,99933,200,100102,100,99925,100,100107,100,99920,100
2019-06-28 09:30:40.000000000,100031,504,99980,504,100035,100,99976,100,100036,200,99956,100,100061,100,99951,100,100072,200,99941,100,100073,100,99940,200,100074,100,99933,200,100092,100,99925,100,100102,100,99920,100,100107,100,99919,100
2019-06-28 09:30:42.345865103,100020,100,99980,504,100031,504,99976,100,100035,100,99956,100,100036,200,99951,100,100061,100,99941,100,100072,200,99940,200,100073,100,99933,200,100074,100,99925,100,100092,100,99920,100,100102,100,99919,100
2019-06-28 09:30:50.000000000,100020,504,99980,504,100031,100,99976,100,100035,100,99956,100,100036,200,99951,100,100061,100,99941,100,100072,200,99940,200,100073,100,99933,200,100074,100,99925,100,100092,100,99920,100,100102,100,99919,100
2019-06-28 09:31:00.000000000,100020,181,99980,181,100031,181,99976,181,100035,181,99956,181,100036,281,99951,181,100061,181,99941,181,100072,200,99940,200,100073,100,99933,200,100074,100,99925,100,100092,100,99920,100,100102,100,99919,100
2019-06-28 09:31:10.000000000,100020,302,99980,302,100031,302,99976,302,100035,100,99956,100,100036,200,99951,100,100061,100,99941,100,100072,200,99940,200,100073,100,99933,200,100074,100,99925,100,100092,100,99920,100,100102,100,99919,100
2019-06-28 09:31:13.906778771,100020,202,99980,302,100031,302,99976,302,100035,100,99956,100,100036,200,99951,100,100061,100,99941,100,100072,200,99940,200,100073,100,99933,200,100074,100,99925,100,100092,100,99920,100,100102,100,99919,100
2019-06-28 09:31:15.177980667,100020,202,99980,302,100031,302,99976,302,100035,100,99956,100,100036,200,99951,100,100061,100,99940,200,100072,200,99933,200,100073,100,99925,100,100074,100,99920,100,100092,100,99919,100,100102,100,99910,100
2019-06-28 09:31:18.064152630,100020,102,99980,302,100031,302,99976,302,100036,200,99956,100,100061,100,99951,100,100072,200,99940,200,100073,100,99933,200,100074,100,99925,100,100092,100,99920,100,100102,100,99919,100,100107,100,99910,100
2019-06-28 09:31:20.000000000,100031,504,99980,504,100036,200,99976,100,100061,100,99956,100,100072,200,99951,100,100073,100,99940,200,100074,100,99933,200,100092,100,99925,100,100102,100,99920,100,100107,100,99919,100,100111,100,99910,100
2019-06-28 09:31:20.362730329,100031,504,100020,100,100036,200,99980,504,100061,100,99976,100,100072,200,99956,100,100073,100,99951,100,100074,100,99940,200,100092,100,99933,200,100102,100,99925,100,100107,100,99920,100,100111,100,99919,100
2019-06-28 09:31:30.000000000,100031,504,100020,504,100036,200,99980,100,100061,100,99976,100,100072,200,99956,100,100073,100,99951,100,100074,100,99940,200,100092,100,99933,200,100102,100,99925,100,100107,100,99920,100,100111,100,99919,100
2019-06-28 09:31:32.277316365,100031,504,100020,504,100036,200,99980,100,100061,100,99976,100,100072,200,99956,100,100073,100,99951,100,100074,100,99940,200,100092,100,99933,200,100102,100,99925,100,100107,100,99920,100,100111,100,99919,100
2019-06-28 09:31:33.019454122,100031,404,100020,504,100036,200,99980,100,100061,100,99976,100,100072,200,99956,100,100073,100,99951,100,100074,100,99940,200,100092,100,99933,200,100102,100,99925,100,100107,100,99920,100,100111,100,99919,100
2019-06-28 09:31:34.127561472,100031,404,100020,504,100036,200,99980,100,100061,100,99976,100,100072,200,99956,100,100073,100,99951,100,100074,100,99940,200,100092,100,99933,200,100102,100,99925,100,100107,100,99920,100,100111,100,99919,100
2019-06-28 09:31:35.957516975,100031,304,100020,504,100036,200,99980,100,100061,100,99976,100,100072,200,99956,100,100073,100,99951,100,100074,100,99940,200,100092,100,99933,200,100102,100,99925,100,100107,100,99920,100,100111,100,99919,100
2019-06-28 09:31:40.000000000,100036,301,100020,201,100061,201,99980,201,100072,301,99976,201,100073,201,99956,201,100074,100,99951,100,100092,100,99940,200,100102,100,99933,200,100107,100,99925,100,100111,100,99920,100,100117,100,99919,100
2019-06-28 09:31:50.000000000,100036,604,100020,504,100061,100,99980,100,100072,200,99976,100,100073,100,99956,100,100074,100,99951,100,100092,100,99940,200,100102,100,99933,200,100107,100,99925,100,100111,100,99920,100,100117,100,99919,100
2019-06-28 09:31:57.927722114,100036,504,100020,504,100061,100,99980,100,100072,100,99976,100,100073,100,99956,100,100074,100,99951,100,100092,100,99940,200,100102,100,99933,200,100107,100,99925,100,100111,100,99920,100,100117,100,99919,100
2019-06-28 09:32:00.000000000,100036,504,100020,504,100061,100,99980,100,100072,100,99976,100,100073,100,99956,100,100074,100,99951,100,100092,100,99940,200,100102,100,99933,200,100107,100,99925,100,100111,100,99920,100,100117,100,99919,100
2019-06-28 09:32:07.370350886,100036,504,100031,100,100061,100,100020,504,100072,100,99980,100,100073,100,99976,100,100074,100,99956,100,100092,100,99951,100,100102,100,99940,200,100107,100,99933,200,100111,100,99925,100,100117,100,99920,100
2019-06-28 09:32:10.000000000,100036,201,100031,201,100061,201,100020,201,100072,201,99980,201,100073,201,99976,201,100074,100,99956,100,100092,100,99951,100,100102,100,99940,200,100107,100,99933,200,100111,100,99925,100,100117,100,99920,100
2019-06-28 09:32:20.000000000,100036,504,100031,504,100061,100,100020,100,100072,100,99980,100,100073,100,99976,100,100074,100,99956,100,100092,100,99951,100,100102,100,99940,200,100107,100,99933,200,100111,100,99925,100,100117,100,99920,100
2019-06-28 09:32:20.831175442,100036,404,100031,504,100061,100,100020,100,100073,100,99980,100,100074,100,99976,100,100092,100,99956,100,100102,100,99951,100,100107,100,99940,200,100111,100,99933,200,100117,100,99925,100,100141,100,99920,100
2019-06-28 09:32:29.024557100,100036,304,100031,504,100061,100,100020,100,100073,100,99980,100,100074,100,99976,100,100092,100,99956,100,100102,100,99951,100,100107,100,99940,200,100111,100,99933,100,100117,100,99925,100,100141,100,99920,100
2019-06-28 09:32:30.000000000,100061,302,100031,302,100073,302,100020,302,100074,100,99980,100,100092,100,99976,100,100102,100,99956,100,100107,100,99951,100,100111,100,99940,200,100117,100,99933,100,100141,100,99925,100,100145,100,99920,100
2019-06-28 09:32:40.000000000,100061,237,100031,237,100073,233,100020,233,100074,233,99980,233,100092,100,99976,100,100102,100,99956,100,100107,100,99951,100,100111,100,99940,200,100117,100,99933,100,100141,100,99925,100,100145,100,99920,100
2019-06-28 09:32:50.000000000,100061,302,100031,302,100073,302,100020,302,100074,100,99980,100,100092,100,99976,100,100102,100,99956,100,100107,100,99951,100,100111,100,99940,200,100117,100,99933,100,100141,100,99925,100,100145,100,99920,100
2019-06-28 09:33:00.000000000,100061,201,100031,201,100073,201,100020,201,100074,201,99980,201,100092,201,99976,201,100102,100,99956,100,100107,100,99951,100,100111,100,99940,200,100117,100,99933,100,100141,100,99925,100,100145,100,99920,100
2019-06-28 09:33:10.000000000,100061,504,100031,504,100073,100,100020,100,100074,100,99980,100,100092,100,99976,100,100102,100,99956,100,100107,100,99951,100,100111,100,99940,200,100117,100,99933,100,100141,100,99925,100,100145,100,99920,100
2019-06-28 09:33:20.000000000,100061,237,100031,237,100073,233,100020,233,100074,233,99980,233,100092,100,99976,100,100102,100,99956,100,100107,100,99951,100,100111,100,99940,200,100117,100,99933,100,100141,100,99925,100,100145,100,99920,100
2019-06-28 09:33:20.322199910,100061,237,100031,137,100073,233,100020,233,100074,233,99980,233,100092,100,99976,100,100102,100,99956,100,100107,100,99951,100,100111,100,99940,200,100117,100,99933,100,100141,100,99925,100,100145,100,99920,100
2019-06-28 09:33:25.452563478,100061,237,100031,137,100073,233,100020,233,100074,233,99980,233,100092,100,99976,100,100102,100,99956,100,100107,100,99951,100,100111,100,99940,200,100117,100,99933,100,100141,100,99925,100,100145,100,99920,100
2019-06-28 09:33:30.000000000,100061,181,100020,181,100073,181,99980,181,100074,181,99976,181,100092,181,99956,181,100102,181,99951,181,100107,100,99940,200,100111,100,99933,100,100117,100,99925,100,100141,100,99920,100,100145,100,99919,100
2019-06-28 09:33:36.937022144,100061,181,100020,181,100073,181,99980,181,100074,181,99976,181,100092,181,99956,181,100100,100,99951,181,100102,181,99940,200,100107,100,99933,100,100111,100,99925,100,100117,100,99920,100,100141,100,99919,100
2019-06-28 09:33:40.000000000,100061,237,100020,237,100073,233,99980,233,100074,233,99976,233,100092,100,99956,100,100100,100,99951,100,100102,100,99940,200,100107,100,99933,100,100111,100,99925,100,100117,100,99920,100,100141,100,99919,100
2019-06-28 09:33:41.363065652,100061,237,100020,237,100073,233,99980,233,100074,233,99976,233,100092,100,99956,100,100100,100,99951,100,100102,100,99940,300,100107,100,99933,100,100111,100,99925,100,100117,100,99920,100,100141,100,99919,100
2019-06-28 09:33:50.000000000,100061,237,100020,237,100073,233,99980,233,100074,233,99976,233,100092,100,99956,100,100100,100,99951,100,100102,100,99940,300,100107,100,99933,100,100111,100,99925,100,100117,100,99920,100,100141,100,99919,100
2019-06-28 09:34:00.000000000,100061,302,100020,302,100073,302,99980,302,100074,100,99976,100,100092,100,99956,100,100100,100,99951,100,100102,100,99940,300,100107,100,99933,100,100111,100,99925,100,100117,100,99920,100,100141,100,99919,100
2019-06-28 09:34:10.000000000,100061,237,100020,237,100073,233,99980,233,100074,233,99976,233,100092,100,99956,100,100100,100,99951,100,100102,100,99940,300,100107,100,99933,100,100111,100,99925,100,100117,100,99920,100,100141,100,99919,100
2019-06-28 09:34:10.023313305,100061,237,100020,137,100073,233,99980,233,100074,133,99976,233,100092,100,99956,100,100100,100,99951,100,100102,100,99940,300,100107,100,99933,100,100111,100,99925,100,100117,100,99920,100,100141,100,99919,100
2019-06-28 09:34:20.000000000,100061,201,99980,201,100073,201,99976,201,100092,201,99956,201,100100,201,99951,201,100102,100,99940,300,100107,100,99933,100,100111,100,99925,100,100117,100,99920,100,100141,100,99919,100,100145,100,99910,100
2019-06-28 09:34:30.000000000,100061,201,99980,201,100073,201,99976,201,100092,201,99956,201,100100,201,99951,201,100102,100,99940,300,100107,100,99933,100,100111,100,99925,100,100117,100,99920,100,100141,100,99919,100,100145,100,99910,100
2019-06-28 09:34:36.623678814,100061,201,99980,201,100073,201,99976,201,100092,201,99956,201,100100,201,99951,201,100102,100,99940,300,100107,100,99933,100,100111,100,99925,100,100117,100,99920,100,100141,100,99919,100,100145,100,99910,100
2019-06-28 09:34:40.000000000,100061,201,99980,201,100073,201,99976,201,100092,201,99956,201,100100,201,99951,201,100102,100,99940,300,100107,100,99933,100,100111,100,99925,100,100117,100,99920,100,100141,100,99919,100,100145,100,99910,100
2019-06-28 09:34:50.000000000,100061,201,99980,201,100073,201,99976,201,100092,201,99956,201,100100,201,99951,201,100102,100,99940,300,100107,100,99933,100,100111,100,99925,100,100117,100,99920,100,100141,100,99919,100,100145,100,99910,100
2019-06-28 09:34:57.575878734,100031,100,99980,201,100061,201,99976,201,100073,201,99956,201,100092,201,99951,201,100100,201,99940,300,100102,100,99933,100,100107,100,99925,100,100111,100,99920,100,100117,100,99919,100,100141,100,99910,100
2019-06-28 09:35:00.000000000,100031,201,99980,201,100061,201,99976,201,100073,201,99956,201,100092,201,99951,201,100100,100,99940,300,100102,100,99933,100,100107,100,99925,100,100111,100,99920,100,100117,100,99919,100,100141,100,99910,100
2019-06-28 09:35:10.000000000,100031,504,99980,504,100061,100,99976,100,100073,100,99956,100,100092,100,99951,100,100100,100,99940,300,100102,100,99933,100,100107,100,99925,100,100111,100,99920,100,100117,100,99919,100,100141,100,99910,100
2019-06-28 09:35:15.745525289,100031,604,99980,504,100061,100,99976,100,100073,100,99956,100,100092,100,99951,100,100100,100,99940,300,100102,100,99933,100,100107,100,99925,100,100111,100,99920,100,100117,100,99919,100,100141,100,99910,100
2019-06-28 09:35:20.000000000,100031,301,99980,201,100061,201,99976,201,100073,201,99956,201,100092,201,99951,201,100100,100,99940,300,100102,100,99933,100,100107,100,99925,100,100111,100,99920,100,100117,100,99919,100,100141,100,99910,100
2019-06-28 09:35:30.000000000,100031,301,99980,201,100061,201,99976,201,100073,201,99956,201,100092,201,99951,201,100100,100,99940,300,100102,100,99933,100,100107,100,99925,100,100111,100,99920,100,100117,100,99919,100,100141,100,99910,100
2019-06-28 09:35:31.072842735,100031,301,99980,101,100061,201,99976,201,100073,201,99956,201,100092,201,99951,201,100100,100,99940,300,100102,100,99933,100,100107,100,99925,100,100111,100,99920,100,100117,100,99919,100,100141,100,99910,100
2019-06-28 09:35:33.253336201,100031,301,99980,101,100061,201,99976,201,100073,201,99956,201,100092,201,99951,201,100100,100,99940,300,100102,100,99933,100,100107,100,99925,100,100111,100,99920,100,100117,100,99919,100,100145,100,99910,100
2019-06-28 09:35:40.000000000,100031,402,99976,302,100061,302,99956,302,100073,100,99951,100,100092,100,99940,300,100100,100,99933,100,100102,100,99925,100,100107,100,99920,100,100111,100,99919,100,100117,100,99910,100,100145,100,99895,100
2019-06-28 09:35:42.932495957,100031,402,99976,302,100061,302,99956,302,100073,100,99951,100,100092,100,99940,300,100100,100,99933,100,100102,100,99925,100,100107,100,99920,100,100111,100,99919,100,100117,100,99910,100,100145,100,99895,100
2019-06-28 09:35:43.188779645,100031,402,99976,202,100061,302,99956,302,100073,100,99951,100,100092,100,99940,300,100100,100,99925,100,100102,100,99920,100,100107,100,99919,100,100111,100,99910,100,100117,100,99895,100,100145,100,99894,100
2019-06-28 09:35:50.000000000,100031,301,99956,201,100061,201,99951,201,100073,201,99940,401,100092,201,99925,201,100100,100,99920,100,100102,100,99919,100,100107,100,99910,100,100111,100,99895,100,100117,100,99894,100,100145,100,99889,100
2019-06-28 09:36:00.000000000,100031,604,99956,504,100061,100,99951,100,100073,100,99940,300,100092,100,99925,100,100100,100,99920,100,100102,100,99919,100,100107,100,99910,100,100111,100,99895,100,100117,100,99894,100,100145,100,99889,100
2019-06-28 09:36:07.567890435,100031,604,99956,504,100049,100,99951,100,100061,100,99940,300,100073,100,99925,100,100092,100,99920,100,100100,100,99919,100,100102,100,99910,100,100107,100,99895,100,100111,100,99894,100,100117,100,99889,100
2019-06-28 09:36:10.000000000,100031,402,99956,302,100049,302,99951,302,100061,100,99940,300,100073,100,99925,100,100092,100,99920,100,100100,100,99919,100,100102,100,99910,100,100107,100,99895,100,100111,100,99894,100,100117,100,99889,100
2019-06-28 09:36:20.000000000,100031,337,99956,237,100049,233,99951,233,100061,233,99940,433,100073,100,99925,100,100092,100,99920,100,100100,100,99919,100,100102,100,99910,100,100107,100,99895,100,100111,100,99894,100,100117,100,99889,100
2019-06-28 09:36:26.930757513,100031,337,99956,137,100049,233,99951,233,100061,233,99940,433,100073,100,99925,100,100092,100,99920,100,100100,100,99919,100,100102,100,99910,100,100107,100,99895,100,100111,100,99894,100,100117,100,99889,100
2019-06-28 09:36:30.000000000,100031,402,99951,302,100049,302,99940,502,100061,100,99925,100,100073,100,99920,100,100092,100,99919,100,100100,100,99910,100,100102,100,99895,100,100107,100,99894,100,100111,100,99889,100,100117,100,99885,100
2019-06-28 09:36:40.000000000,100031,301,99951,201,100049,201,99940,401,100061,201,99925,201,100073,201,99920,201,100092,100,99919,100,100100,100,99910,100,100102,100,99895,100,100107,100,99894,100,100111,100,99889,100,100117,100,99885,100
2019-06-28 09:36:50.000000000,100031,281,99951,181,100049,181,99940,381,100061,181,99925,181,100073,181,99920,181,100092,181,99919,181,100100,100,99910,100,100102,100,99895,100,100107,100,99894,100,100111,100,99889,100,100117,100,99885,100
2019-06-28 09:36:51.387921341,100031,281,99971,100,100049,181,99951,181,100061,181,99940,381,100073,181,99925,181,100092,181,99920,181,100100,100,99919,181,100102,100,99910,100,100107,100,99895,100,100111,100,99894,100,100117,100,99889,100
2019-06-28 09:37:00.000000000,100031,337,99971,237,100049,233,99951,233,100061,233,99940,433,100073,100,99925,100,100092,100,99920,100,100100,100,99919,100,100102,100,99910,100,100107,100,99895,100,100111,100,99894,100,100117,100,99889,100
2019-06-28 09:37:00.131058004,100031,337,99971,137,100049,233,99951,233,100061,233,99940,433,100073,100,99925,100,100092,100,99920,100,100100,100,99919,100,100102,100,99910,100,100107,100,99895,100,100111,100,99894,100,100117,100,99889,100
2019-06-28 09:37:01.773557127,100031,237,99971,137,100049,233,99951,233,100061,233,99940,433,100073,100,99925,100,100092,100,99920,100,100100,100,99919,100,100102,100,99910,100,100107,100,99895,100,100111,100,99894,100,100117,100,99889,100
2019-06-28 09:37:08.644629271,100031,237,99971,137,100049,233,99951,233,100061,233,99940,433,100073,100,99925,100,100092,100,99920,100,100100,100,99919,100,100102,100,99910,200,100107,100,99895,100,100111,100,99889,100,100117,100,99885,100
2019-06-28 09:37:10.000000000,100031,504,99951,504,100049,100,99940,300,100061,100,99925,100,100073,100,99920,100,100092,100,99919,100,100100,100,99910,200,100102,100,99895,100,100107,100,99889,100,100111,100,99885,100,100117,100,99877,100
2019-06-28 09:37:12.726955969,100031,504,99972,100,100049,100,99951,504,100061,100,99940,300,100073,100,99925,100,100092,100,99920,100,100100,100,99919,100,100102,100,99910,200,100107,100,99895,100,100111,100,99889,100,100117,100,99885,100
2019-06-28 09:37:15.408393673,100031,504,99972,100,100049,100,99951,504,100061,100,99940,300,100073,100,99925,100,100092,100,99920,100,100100,100,99919,100,100102,100,99910,200,100107,100,99895,100,100111,100,99889,100,100117,100,99885,100
2019-06-28 09:37:20.000000000,100031,302,99972,302,100049,302,99951,302,100061,100,99940,300,100073,100,99925,100,100092,100,99920,100,100100,100,99919,100,100102,100,99910,200,100107,100,99895,100,100111,100,99889,100,100117,100,99885,100
2019-06-28 09:37:21.226376845,100031,302,99972,302,100049,302,99951,302,100061,100,99940,300,100073,100,99925,100,100092,100,99920,100,100100,100,99919,100,100102,100,99911,100,100107,100,99910,200,100111,100,99895,100,100117,100,99889,100
2019-06-28 09:37:24.941985569,100031,202,99972,302,100049,302,99951,302,100061,100,99940,300,100073,100,99925,100,100092,100,99920,100,100100,100,99919,100,100102,100,99911,100,100107,100,99910,200,100111,100,99895,100,100117,100,99889,100
2019-06-28 09:37:26.572033691,100030,100,99972,302,100031,202,99951,302,100049,302,99940,300,100061,100,99925,100,100073,100,99920,100,100092,100,99919,100,100100,100,99911,100,100102,100,99910,200,100107,100,99895,100,100111,100,99889,100
2019-06-28 09:37:30.000000000,100030,302,99972,302,100049,302,99951,302,100061,100,99940,300,100073,100,99925,100,100092,100,99920,100,100100,100,99919,100,100102,100,99911,100,100107,100,99910,200,100111,100,99895,100,100117,100,99889,100
2019-06-28 09:37:40.000000000,100030,201,99972,201,100049,201,99951,201,100061,201,99940,401,100073,201,99925,201,100092,100,99920,100,100100,100,99919,100,100102,100,99911,100,100107,100,99910,200,100111,100,99895,100,100117,100,99889,100
2019-06-28 09:37:50.000000000,100030,181,99972,181,100049,181,99951,181,100061,181,99940,381,100073,181,99925,181,100092,181,99920,181,100100,100,99919,100,100102,100,99911,100,100107,100,99910,200,100111,100,99895,100,100117,100,99889,100
2019-06-28 09:37:53.946209479,100030,181,99972,81,100049,181,99951,181,100061,181,99940,381,100073,181,99925,181,100092,181,99920,81,100100,100,99919,100,100102,100,99911,100,100107,100,99910,200,100111,100,99895,100,100117,100,99889,100
2019-06-28 09:38:00.000000000,100030,504,99951,504,100049,100,99940,300,100061,100,99925,100,100073,100,99919,100,100092,100,99911,100,100100,100,99910,200,100102,100,99895,100,100107,100,99889,100,100111,100,99885,100,100117,100,99877,100
2019-06-28 09:38:10.000000000,100030,201,99951,201,100049,201,99940,401,100061,201,99925,201,100073,201,99919,201,100092,100,99911,100,100100,100,99910,200,100102,100,99895,100,100107,100,99889,100,100111,100,99885,100,100117,100,99877,100
2019-06-28 09:38:17.426456031,100030,201,99963,100,100049,201,99951,201,100061,201,99940,401,100073,201,99925,201,100092,100,99919,201,100100,100,99911,100,100102,100,99910,200,100107,100,99895,100,100111,100,99889,100,100117,100,99885,100
2019-06-28 09:38:20.000000000,100030,181,99963,181,100049,181,99951,181,100061,181,99940,381,100073,181,99925,181,100092,181,99919,181,100100,100,99911,100,100102,100,99910,200,100107,100,99895,100,100111,100,99889,100,100117,100,99885,100
2019-06-28 09:38:20.020075787,100030,181,99981,100,100049,181,99963,181,100061,181,99951,181,100073,181,99940,381,100092,181,99925,181,100100,100,99919,181,100102,100,99911,100,100107,100,99910,200,100111,100,99895,100,100117,100,99889,100
2019-06-28 09:38:29.864986750,100030,181,99981,100,100049,181,99963,181,100061,181,99951,181,100073,181,99940,381,100092,181,99925,181,100100,100,99919,181,100102,100,99911,100,100107,100,99910,200,100111,100,99895,100,100117,100,99889,100
2019-06-28 09:38:30.000000000,100030,201,99981,201,100049,201,99963,201,100061,201,99951,201,100073,201,99940,401,100092,100,99925,100,100100,100,99919,100,100102,100,99911,100,100107,100,99910,200,100111,100,99895,100,100117,100,99889,100
2019-06-28 09:38:40.000000000,100030,237,99981,237,100049,233,99963,233,100061,233,99951,233,100073,100,99940,300,100092,100,99925,100,100100,100,99919,100,100102,100,99911,100,100107,100,99910,200,100111,100,99895,100,100117,100,99889,100
2019-06-28 09:38:40.610344867,100029,100,99981,237,100030,237,99963,233,100049,233,99951,233,100061,133,99940,300,100073,100,99925,100,100092,100,99919,100,100100,100,99911,100,100102,100,99910,200,100107,100,99895,100,100111,100,99889,100
2019-06-28 09:38:45.404861510,99996,100,99981,237,100029,100,99963,233,100030,237,99951,233,100049,233,99940,300,100061,133,99925,100,100092,100,99919,100,100100,100,99911,100,100102,100,99910,200,100107,100,99895,100,100111,100,99889,100
2019-06-28 09:38:45.904613096,99996,100,99981,237,100029,200,99963,233,100030,237,99951,233,100049,233,99940,300,100061,133,99925,100,100092,100,99919,100,100100,100,99911,100,100102,100,99910,200,100107,100,99895,100,100111,100,99889,100
2019-06-28 09:38:49.839888912,99996,100,99981,237,100029,200,99963,233,100030,237,99951,233,100049,233,99940,300,100061,133,99925,100,100092,100,99919,100,100100,100,99911,100,100102,100,99910,200,100107,100,99895,100,100111,100,99889,100
2019-06-28 09:38:50.000000000,99996,237,99981,237,100029,333,99963,233,100030,233,99951,233,100049,100,99940,300,100092,100,99925,100,100100,100,99919,100,100102,100,99911,100,100107,100,99910,200,100111,100,99895,100,100117,100,99889,100
2019-06-28 09:38:56.038330149,99996,137,99981,237,100029,333,99963,233,100030,233,99951,233,100049,100,99940,300,100092,100,99925,100,100100,100,99919,100,100102,100,99911,100,100107,100,99910,200,100111,100,99889,100,100117,100,99888,100
2019-06-28 09:39:00.000000000,100029,281,99981,181,100030,181,99963,181,100049,181,99951,181,100092,181,99940,381,100100,181,99925,181,100102,100,99919,100,100107,100,99911,100,100111,100,99910,200,100117,100,99889,100,100145,100,99888,100
2019-06-28 09:39:10.000000000,100029,402,99981,302,100030,302,99963,302,100049,100,99951,100,100092,100,99940,300,100100,100,99925,100,100102,100,99919,100,100107,100,99911,100,100111,100,99910,200,100117,100,99889,100,100145,100,99888,100
2019-06-28 09:39:20.000000000,100029,301,99981,201,100030,201,99963,201,100049,201,99951,201,100092,201,99940,401,100100,100,99925,100,100102,100,99919,100,100107,100,99911,100,100111,100,99910,200,100117,100,99889,100,100145,100,99888,100
2019-06-28 09:39:26.637236705,100029,201,99981,201,100030,201,99963,201,100049,201,99951,201,100092,201,99940,401,100100,100,99925,100,100102,100,99919,100,100107,100,99911,100,100111,100,99910,200,100117,100,99889,100,100145,100,99885,100
2019-06-28 09:39:30.000000000,100029,237,99981,237,100030,233,99963,233,100049,233,99951,233,100092,100,99940,300,100100,100,99925,100,100102,100,99919,100,100107,100,99911,100,100111,100,99910,200,100117,100,99889,100,100145,100,99885,100
2019-06-28 09:39:40.000000000,100029,201,99981,201,100030,201,99963,201,100049,201,99951,201,100092,201,99940,401,100100,100,99925,100,100102,100,99919,100,100107,100,99911,100,100111,100,99910,200,100117,100,99889,100,100145,100,99885,100
2019-06-28 09:39:50.000000000,100029,201,99981,201,100030,201,99963,201,100049,201,99951,201,100092,201,99940,401,100100,100,99925,100,100102,100,99919,100,100107,100,99911,100,100111,100,99910,200,100117,100,99889,100,100145,100,99885,100
2019-06-28 09:40:00.000000000,100029,302,99981,302,100030,302,99963,302,100049,100,99951,100,100092,100,99940,300,100100,100,99925,100,100102,100,99919,100,100107,100,99911,100,100111,100,99910,200,100117,100,99889,100,100145,100,99885,100
2019-06-28 09:40:03.929237000,100029,302,99981,302,100030,302,99963,302,100049,100,99951,100,100092,100,99940,300,100100,100,99925,100,100102,100,99919,100,100107,100,99911,100,100111,100,99910,200,100117,100,99889,100,100145,100,99885,100
2019-06-28 09:40:10.000000000,100029,504,99981,504,100030,100,99963,100,100049,100,99951,100,100092,100,99940,300,100100,100,99925,100,100102,100,99919,100,100107,100,99911,100,100111,100,99910,200,100117,100,99889,100,100145,100,99885,100
2019-06-28 09:40:20.000000000,100029,201,99981,201,100030,201,99963,201,100049,201,99951,201,100092,201,99940,401,100100,100,99925,100,100102,100,99919,100,100107,100,99911,100,100111,100,99910,200,100117,100,99889,100,100145,100,99885,100
2019-06-28 09:40:30.000000000,100029,181,99981,181,100030,181,99963,181,100049,181,99951,181,100092,181,99940,381,100100,181,99925,181,100102,100,99919,100,100107,100,99911,100,100111,100,99910,200,100117,100,99889,100,100145,100,99885,100
2019-06-28 09:40:40.000000000,100029,302,99981,302,100030,302,99963,302,100049,100,99951,100,100092,100,99940,300,100100,100,99925,100,100102,100,99919,100,100107,100,99911,100,100111,100,99910,200,100117,100,99889,100,100145,100,99885,100
2019-06-28 09:40:47.590061020,100029,302,99981,302,100030,302,99963,302,100049,100,99951,100,100092,100,99940,300,100100,100,99925,100,100102,100,99919,100,100107,100,99911,100,100111,100,99910,200,100117,100,99889,100,100145,100,99885,100
2019-06-28 09:40:50.000000000,100029,201,99981,201,100030,201,99963,201,100049,201,99951,201,100092,201,99940,401,100100,100,99925,100,100102,100,99919,100,100107,100,99911,100,100111,100,99910,200,100117,100,99889,100,100145,100,99885,100
2019-06-28 09:41:00.000000000,100029,201,99981,201,100030,201,99963,201,100049,201,99951,201,100092,201,99940,401,100100,100,99925,100,100102,100,99919,100,100107,100,99911,100,100111,100,99910,200,100117,100,99889,100,100145,100,99885,100
2019-06-28 09:41:10.000000000,100029,504,99981,504,100030,100,99963,100,100049,100,99951,100,100092,100,99940,300,100100,100,99925,100,100102,100,99919,100,100107,100,99911,100,100111,100,99910,200,100117,100,99889,100,100145,100,99885,100
2019-06-28 09:41:20.000000000,100029,302,99981,302,100030,302,99963,302,100049,100,99951,100,100092,100,99940,300,100100,100,99925,100,100102,100,99919,100,100107,100,99911,100,100111,100,99910,200,100117,100,99889,100,100145,100,99885,100
2019-06-28 09:41:28.470831351,100029,302,99996,100,100030,302,99981,302,100049,100,99963,302,100092,100,99951,100,100100,100,99940,300,100102,100,99925,100,100107,100,99919,100,100111,100,99911,100,100117,100,99910,200,100145,100,99889,100
2019-06-28 09:41:28.932368503,100029,302,99996,200,100030,302,99981,302,100049,100,99963,302,100092,100,99951,100,100100,100,99940,300,100102,100,99925,100,100107,100,99919,100,100111,100,99911,100,100117,100,99910,200,100145,100,99889,100
2019-06-28 09:41:30.000000000,100029,302,99996,402,100030,302,99981,302,100049,100,99963,100,100092,100,99951,100,100100,100,99940,300,100102,100,99925,100,100107,100,99919,100,100111,100,99911,100,100117,100,99910,200,100145,100,99889,100
2019-06-28 09:41:40.000000000,100029,302,99996,402,100030,302,99981,302,100049,100,99963,100,100092,100,99951,100,100100,100,99940,300,100102,100,99925,100,100107,100,99919,100,100111,100,99911,100,100117,100,99910,200,100145,100,99889,100
2019-06-28 09:41:50.000000000,100029,237,99996,337,100030,233,99981,233,100049,233,99963,233,100092,100,99951,100,100100,100,99940,300,100102,100,99925,100,100107,100,99919,100,100111,100,99911,100,100117,100,99910,200,100145,100,99889,100
2019-06-28 09:41:51.740549326,100029,237,99996,437,100030,233,99981,233,100049,233,99963,233,100092,100,99951,100,100100,100,99940,300,100102,100,99925,100,100107,100,99919,100,100111,100,99911,100,100117,100,99910,200,100145,100,99889,100
2019-06-28 09:42:00.000000000,100029,201,99996,401,100030,201,99981,201,100049,201,99963,201,100092,201,99951,201,100100,100,99940,300,100102,100,99925,100,100107,100,99919,100,100111,100,99911,100,100117,100,99910,200,100145,100,99889,100
2019-06-28 09:42:10.000000000,100029,504,99996,704,100030,100,99981,100,100049,100,99963,100,100092,100,99951,100,100100,100,99940,300,100102,100,99925,100,100107,100,99919,100,100111,100,99911,100,100117,100,99910,200,100145,100,99889,100
2019-06-28 09:42:10.703578731,100029,504,99996,804,100030,100,99981,100,100049,100,99963,100,100092,100,99951,100,100100,100,99940,300,100102,100,99925,100,100107,100,99919,100,100111,100,99911,100,100117,100,99910,200,100145,100,99889,100
2019-06-28 09:42:20.000000000,100029,237,99996,537,100030,233,99981,233,100049,233,99963,233,100092,100,99951,100,100100,100,99940,300,100102,100,99925,100,100107,100,99919,100,100111,100,99911,100,100117,100,99910,200,100145,100,99889,100
2019-06-28 09:42:30.000000000,100029,237,99996,537,100030,233,99981,233,100049,233,99963,233,100092,100,99951,100,100100,100,99940,300,100102,100,99925,100,100107,100,99919,100,100111,100,99911,100,100117,100,99910,200,100145,100,99889,100
2019-06-28 09:42:30.542236652,100029,237,99996,537,100030,233,99981,233,100049,233,99963,233,100092,100,99951,100,100100,100,99940,300,100102,100,99925,100,100107,100,99919,100,100111,100,99911,100,100117,100,99910,100,100145,100,99889,100
2019-06-28 09:42:40.000000000,100029,201,99996,501,100030,201,99981,201,100049,201,99963,201,100092,201,99951,201,100100,100,99940,300,100102,100,99925,100,100107,100,99919,100,100111,100,99911,100,100117,100,99910,100,100145,100,99889,100
2019-06-28 09:42:50.000000000,100029,504,99996,804,100030,100,99981,100,100049,100,99963,100,100092,100,99951,100,100100,100,99940,300,100102,100,99925,100,100107,100,99919,100,100111,100,99911,100,100117,100,99910,100,100145,100,99889,100
2019-06-28 09:42:54.632555508,100029,504,99996,804,100030,100,99981,100,100049,100,99963,100,100092,100,99951,100,100100,100,99940,300,100102,100,99925,100,100107,100,99919,100,100111,100,99911,100,100117,100,99910,100,100145,100,99889,100
2019-06-28 09:43:00.000000000,100029,237,99996,537,100030,233,99981,233,100049,233,99963,233,100092,100,99951,100,100100,100,99940,300,100102,100,99925,100,100107,100,99919,100,100111,100,99911,100,100117,100,99910,100,100145,100,99889,100
2019-06-28 09:43:01.301650824,100029,237,99996,637,100030,233,99981,233,100049,233,99963,233,100092,100,99951,100,100100,100,99940,300,100102,100,99925,100,100107,100,99919,100,100111,100,99911,100,100117,100,99910,100,100145,100,99889,100
2019-06-28 09:43:08.753486852,100029,237,99996,637,100030,233,99981,233,100049,233,99963,233,100092,100,99951,100,100100,100,99940,300,100102,100,99925,100,100107,100,99919,100,100111,100,99911,100,100117,100,99910,100,100145,100,99889,100
2019-06-28 09:43:10.000000000,100029,504,99996,904,100030,100,99981,100,100049,100,99963,100,100092,100,99951,100,100100,100,99940,300,100102,100,99925,100,100107,100,99919,100,100111,100,99911,100,100117,100,99910,100,100145,100,99889,100
2019-06-28 09:43:11.635359823,100029,504,99996,904,100030,100,99981,100,100049,100,99963,100,100092,100,99951,100,100100,100,99940,300,100102,100,99925,100,100107,100,99919,100,100111,100,99911,100,100117,100,99910,100,100145,100,99889,100
2019-06-28 09:43:20.000000000,100029,201,99996,601,100030,201,99981,201,100049,201,99963,201,100092,201,99951,201,100100,100,99940,300,100102,100,99925,100,100107,100,99919,100,100111,100,99911,100,100117,100,99910,100,100145,100,99889,100
2019-06-28 09:43:24.659411778,100029,101,99996,601,100030,201,99981,201,100049,201,99963,201,100092,201,99951,201,100100,100,99940,300,100102,100,99925,100,100107,100,99919,100,100111,100,99911,100,100117,100,99910,100,100145,100,99889,100
2019-06-28 09:43:29.573382042,100029,101,99996,601,100030,201,99981,201,100049,201,99963,201,100092,201,99951,201,100100,100,99940,200,100102,100,99925,100,100107,100,99919,100,100111,100,99911,100,100117,100,99910,100,100145,100,99889,100
2019-06-28 09:43:30.000000000,100030,237,99996,637,100049,233,99981,233,100092,233,99963,233,100100,100,99951,100,100102,100,99940,200,100107,100,99925,100,100111,100,99919,100,100117,100,99911,100,100145,100,99910,100,100189,100,99889,100
2019-06-28 09:43:36.372647645,100030,237,99996,637,100049,233,99981,233,100092,233,99963,233,100100,100,99951,100,100102,100,99940,200,100107,100,99925,100,100111,100,99919,100,100117,100,99910,100,100145,100,99889,100,100172,100,99885,100
2019-06-28 09:43:40.000000000,100030,302,99996,702,100049,302,99981,302,100092,100,99963,100,100100,100,99951,100,100102,100,99940,200,100107,100,99925,100,100111,100,99919,100,100117,100,99910,100,100145,100,99889,100,100172,100,99885,100
2019-06-28 09:43:50.000000000,100030,237,99996,637,100049,233,99981,233,100092,233,99963,233,100100,100,99951,100,100102,100,99940,200,100107,100,99925,100,100111,100,99919,100,100117,100,99910,100,100145,100,99889,100,100172,100,99885,100
2019-06-28 09:44:00.000000000,100030,504,99996,904,100049,100,99981,100,100092,100,99963,100,100100,100,99951,100,100102,100,99940,200,100107,100,99925,100,100111,100,99919,100,100117,100,99910,100,100145,100,99889,100,100172,100,99885,100
2019-06-28 09:44:10.000000000,100030,181,99996,581,100049,181,99981,181,100092,181,99963,181,100100,181,99951,181,100102,181,99940,281,100107,100,99925,100,100111,100,99919,100,100117,100,99910,100,100145,100,99889,100,100172,100,99885,100
2019-06-28 09:44:19.332427412,100028,100,99996,581,100030,181,99981,181,100049,181,99963,181,100092,181,99951,181,100100,181,99940,281,100102,181,99925,100,100107,100,99919,100,100111,100,99910,100,100117,100,99889,100,100145,100,99885,100
2019-06-28 09:44:20.000000000,100028,504,99996,904,100030,100,99981,100,100049,100,99963,100,100092,100,99951,100,100100,100,99940,200,100102,100,99925,100,100107,100,99919,100,100111,100,99910,100,100117,100,99889,100,100145,100,99885,100
2019-06-28 09:44:26.549467015,100028,604,99996,904,100030,100,99981,100,100049,100,99963,100,100092,100,99951,100,100100,100,99940,200,100102,100,99925,100,100107,100,99919,100,100111,100,99910,100,100117,100,99889,100,100145,100,99885,100
2019-06-28 09:44:30.000000000,100028,301,99996,601,100030,201,99981,201,100049,201,99963,201,100092,201,99951,201,100100,100,99940,200,100102,100,99925,100,100107,100,99919,100,100111,100,99910,100,100117,100,99889,100,100145,100,99885,100
2019-06-28 09:44:40.000000000,100028,604,99996,904,100030,100,99981,100,100049,100,99963,100,100092,100,99951,100,100100,100,99940,200,100102,100,99925,100,100107,100,99919,100,100111,100,99910,100,100117,100,99889,100,100145,100,99885,100
2019-06-28 09:44:48.645479375,100028,604,99996,904,100030,100,99981,100,100049,100,99963,100,100092,100,99951,100,100100,100,99940,200,100102,100,99925,100,100107,100,99919,100,100111,100,99889,100,100117,100,99885,100,100145,100,99877,100
2019-06-28 09:44:50.000000000,100028,301,99996,601,100030,201,99981,201,100049,201,99963,201,100092,201,99951,201,100100,100,99940,200,100102,100,99925,100,100107,100,99919,100,100111,100,99889,100,100117,100,99885,100,100145,100,99877,100
2019-06-28 09:44:56.790582316,100028,301,99996,501,100030,201,99981,201,100049,201,99963,201,100092,201,99951,201,100100,100,99940,200,100102,100,99925,100,100107,100,99919,100,100111,100,99889,100,100117,100,99885,100,100145,100,99877,100
2019-06-28 09:45:00.000000000,100028,337,99996,537,100030,233,99981,233,100049,233,99963,233,100092,100,99951,100,100100,100,99940,200,100102,100,99925,100,100107,100,99919,100,100111,100,99889,100,100117,100,99885,100,100145,100,99877,100
2019-06-28 09:45:10.000000000,100028,604,99996,804,100030,100,99981,100,100049,100,99963,100,100092,100,99951,100,100100,100,99940,200,100102,100,99925,100,100107,100,99919,100,100111,100,99889,100,100117,100,99885,100,100145,100,99877,100
2019-06-28 09:45:20.000000000,100028,604,99996,804,100030,100,99981,100,100049,100,99963,100,100092,100,99951,100,100100,100,99940,200,100102,100,99925,100,100107,100,99919,100,100111,100,99889,100,100117,100,99885,100,100145,100,99877,100
2019-06-28 09:45:21.043406351,100028,604,99996,804,100030,100,99981,100,100049,100,99951,100,100092,100,99940,200,100100,100,99925,100,100102,100,99919,100,100107,100,99889,100,100111,100,99885,100,100117,100,99877,100,100145,100,99876,100
2019-06-28 09:45:26.650752477,100028,604,99996,704,100030,100,99981,100,100049,100,99951,100,100092,100,99940,200,100100,100,99925,100,100102,100,99919,100,100107,100,99889,100,100111,100,99885,100,100117,100,99877,100,100145,100,99876,100
2019-06-28 09:45:30.000000000,100028,281,99996,381,100030,181,99981,181,100049,181,99951,181,100092,181,99940,281,100100,181,99925,181,100102,100,99919,100,100107,100,99889,100,100111,100,99885,100,100117,100,99877,100,100145,100,99876,100
2019-06-28 09:45:31.080277109,100028,281,99996,181,100030,181,99981,181,100049,181,99951,181,100092,181,99940,281,100100,181,99925,181,100102,100,99919,100,100107,100,99889,100,100111,100,99885,100,100117,100,99877,100,100145,100,99876,100
2019-06-28 09:45:38.374789782,100028,281,99996,81,100030,181,99981,181,100049,181,99951,181,100092,181,99940,281,100100,181,99925,181,100102,100,99919,100,100107,100,99889,100,100111,100,99885,100,100117,100,99877,100,100145,100,99876,100
2019-06-28 09:45:40.000000000,100028,337,99981,237,100030,233,99951,233,100049,233,99940,333,100092,100,99925,100,100100,100,99919,100,100102,100,99889,100,100107,100,99885,100,100111,100,99877,100,100117,100,99876,100,100145,100,99806,100
2019-06-28 09:45:50.000000000,100028,281,99981,181,100030,181,99951,181,100049,181,99940,281,100092,181,99925,181,100100,181,99919,181,100102,100,99889,100,100107,100,99885,100,100111,100,99877,100,100117,100,99876,100,100145,100,99806,100
2019-06-28 09:45:54.756175500,100028,281,99981,181,100030,181,99951,181,100049,181,99940,281,100092,181,99925,181,100100,181,99919,181,100102,100,99889,100,100107,100,99877,100,100111,100,99876,100,100117,100,99806,100,100145,100,99610,100
2019-06-28 09:46:00.000000000,100028,337,99981,237,100030,233,99951,233,100049,233,99940,333,100092,100,99925,100,100100,100,99919,100,100102,100,99889,100,100107,100,99877,100,100111,100,99876,100,100117,100,99806,100,100145,100,99610,100
2019-06-28 09:46:10.000000000,100028,402,99981,302,100030,302,99951,302,100049,100,99940,200,100092,100,99925,100,100100,100,99919,100,100102,100,99889,100,100107,100,99877,100,100111,100,99876,100,100117,100,99806,100,100145,100,99610,100
2019-06-28 09:46:20.000000000,100028,402,99981,302,100030,302,99951,302,100049,100,99940,200,100092,100,99925,100,100100,100,99919,100,100102,100,99889,100,100107,100,99877,100,100111,100,99876,100,100117,100,99806,100,100145,100,99610,100
2019-06-28 09:46:30.000000000,100028,281,99981,181,100030,181,99951,181,100049,181,99940,281,100092,181,99925,181,100100,181,99919,181,100102,100,99889,100,100107,100,99877,100,100111,100,99876,100,100117,100,99806,100,100145,100,99610,100
2019-06-28 09:46:38.902361058,100028,281,99981,181,100030,181,99951,181,100049,181,99940,281,100092,181,99925,181,100100,181,99919,181,100102,100,99889,100,100107,100,99877,100,100111,100,99876,100,100117,100,99806,100,100145,100,99610,100
2019-06-28 09:46:40.000000000,100028,604,99981,504,100030,100,99951,100,100049,100,99940,200,100092,100,99925,100,100100,100,99919,100,100102,100,99889,100,100107,100,99877,100,100111,100,99876,100,100117,100,99806,100,100145,100,99610,100
2019-06-28 09:46:50.000000000,100028,337,99981,237,100030,233,99951,233,100049,233,99940,333,100092,100,99925,100,100100,100,99919,100,100102,100,99889,100,100107,100,99877,100,100111,100,99876,100,100117,100,99806,100,100145,100,99610,100
2019-06-28 09:47:00.000000000,100028,604,99981,504,100030,100,99951,100,100049,100,99940,200,100092,100,99925,100,100100,100,99919,100,100102,100,99889,100,100107,100,99877,100,100111,100,99876,100,100117,100,99806,100,100145,100,99610,100
2019-06-28 09:47:03.956339692,100028,604,99981,404,100030,100,99951,100,100049,100,99940,200,100092,100,99925,100,100100,100,99919,100,100102,100,99889,100,100107,100,99877,100,100111,100,99876,100,100117,100,99806,100,100145,100,99610,100
2019-06-28 09:47:10.000000000,100028,402,99951,302,100030,302,99940,402,100049,100,99925,100,100092,100,99919,100,100100,100,99889,100,100102,100,99877,100,100107,100,99876,100,100111,100,99806,100,100117,100,99610,100,100145,100,99580,100
2019-06-28 09:47:11.324962800,100028,402,99951,202,100030,302,99940,402,100049,100,99925,100,100092,100,99919,100,100100,100,99889,100,100102,100,99877,100,100107,100,99876,100,100111,100,99806,100,100117,100,99610,100,100145,100,99580,100
2019-06-28 09:47:20.000000000,100028,301,99940,301,100030,201,99925,201,100049,201,99919,201,100092,201,99889,201,100100,100,99877,100,100102,100,99876,100,100107,100,99806,100,100111,100,99610,100,100117,100,99580,100,100145,100,99487,100
2019-06-28 09:47:24.086803161,100028,301,99940,201,100030,201,99925,201,100049,201,99919,201,100092,201,99889,201,100100,100,99877,100,100102,100,99876,100,100107,100,99806,100,100111,100,99610,100,100117,100,99580,100,100145,100,99487,100
2019-06-28 09:47:30.000000000,100028,604,99940,504,100030,100,99925,100,100049,100,99919,100,100092,100,99889,100,100100,100,99877,100,100102,100,99876,100,100107,100,99806,100,100111,100,99610,100,100117,100,99580,100,100145,100,99487,100
2019-06-28 09:47:40.000000000,100028,337,99940,237,100030,233,99925,233,100049,233,99919,233,100092,100,99889,100,100100,100,99877,100,100102,100,99876,100,100107,100,99806,100,100111,100,99610,100,100117,100,99580,100,100145,100,99487,100
2019-06-28 09:47:50.000000000,100028,281,99940,181,100030,181,99925,181,100049,181,99919,181,100092,181,99889,181,100100,181,99877,181,100102,100,99876,100,100107,100,99806,100,100111,100,99610,100,100117,100,99580,100,100145,100,99487,100
2019-06-28 09:48:00.000000000,100028,402,99940,302,100030,302,99925,302,100049,100,99919,100,100092,100,99889,100,100100,100,99877,100,100102,100,99876,100,100107,100,99806,100,100111,100,99610,100,100117,100,99580,100,100145,100,99487,100
2019-06-28 09:48:10.000000000,100028,301,99940,201,100030,201,99925,201,100049,201,99919,201,100092,201,99889,201,100100,100,99877,100,100102,100,99876,100,100107,100,99806,100,100111,100,99610,100,100117,100,99580,100,100145,100,99487,100
2019-06-28 09:48:20.000000000,100028,301,99940,201,100030,201,99925,201,100049,201,99919,201,100092,201,99889,201,100100,100,99877,100,100102,100,99876,100,100107,100,99806,100,100111,100,99610,100,100117,100,99580,100,100145,100,99487,100
2019-06-28 09:48:22.114136008,100028,301,99940,101,100030,201,99925,201,100049,201,99919,201,100092,201,99889,201,100100,100,99877,100,100102,100,99876,100,100107,100,99806,100,100111,100,99610,100,100117,100,99580,100,100145,100,99487,100
2019-06-28 09:48:30.000000000,100028,337,99925,237,100030,233,99919,233,100049,233,99889,233,100092,100,99877,100,100100,100,99876,100,100102,100,99806,100,100107,100,99610,100,100111,100,99580,100,100117,100,99487,100,100145,100,99399,100
2019-06-28 09:48:40.000000000,100028,301,99925,201,100030,201,99919,201,100049,201,99889,201,100092,201,99877,201,100100,100,99876,100,100102,100,99806,100,100107,100,99610,100,100111,100,99580,100,100117,100,99487,100,100145,100,99399,100
2019-06-28 09:48:50.000000000,100028,604,99925,504,100030,100,99919,100,100049,100,99889,100,100092,100,99877,100,100100,100,99876,100,100102,100,99806,100,100107,100,99610,100,100111,100,99580,100,100117,100,99487,100,100145,100,99399,100
2019-06-28 09:48:50.791634841,100028,604,99925,404,100030,100,99919,100,100049,100,99889,100,100092,100,99877,100,100100,100,99876,100,100102,100,99806,100,100107,100,99610,100,100111,100,99580,100,100117,100,99487,100,100145,100,99399,100
2019-06-28 09:49:00.000000000,100028,301,99919,201,100030,201,99889,201,100049,201,99877,201,100092,201,99876,201,100100,100,99806,100,100102,100,99610,100,100107,100,99580,100,100111,100,99487,100,100117,100,99399,100,100145,100,,
2019-06-28 09:49:10.000000000,100028,301,99919,201,100030,201,99889,201,100049,201,99877,201,100092,201,99876,201,100100,100,99806,100,100102,100,99610,100,100107,100,99580,100,100111,100,99487,100,100117,100,99399,100,100145,100,,
2019-06-28 09:49:11.006976191,99940,100,99919,201,100028,301,99889,201,100030,201,99877,201,100049,201,99876,201,100092,201,99806,100,100100,100,99610,100,100102,100,99580,100,100107,100,99487,100,100111,100,99399,100,100117,100,,
2019-06-28 09:49:20.000000000,99940,302,99919,302,100028,402,99889,302,100030,100,99877,100,100049,100,99876,100,100092,100,99806,100,100100,100,99610,100,100102,100,99580,100,100107,100,99487,100,100111,100,99399,100,100117,100,,
2019-06-28 09:49:30.000000000,99940,504,99919,504,100028,200,99889,100,100030,100,99877,100,100049,100,99876,100,100092,100,99806,100,100100,100,99610,100,100102,100,99580,100,100107,100,99487,100,100111,100,99399,100,100117,100,,
2019-06-28 09:49:40.000000000,99940,181,99919,181,100028,281,99889,181,100030,181,99877,181,100049,181,99876,181,100092,181,99806,181,100100,100,99610,100,100102,100,99580,100,100107,100,99487,100,100111,100,99399,100,100117,100,,
2019-06-28 09:49:43.524882297,99940,181,99919,181,100028,281,99889,181,100030,181,99877,181,100049,181,99876,181,100092,181,99806,181,100100,100,99610,100,100102,100,99580,100,100107,100,99487,100,100111,100,99399,100,100117,100,98696,100
2019-06-28 09:49:44.945030811,99940,181,99919,181,100028,281,99889,181,100030,181,99877,181,100049,181,99876,181,100092,81,99806,181,100100,100,99610,100,100102,100,99580,100,100107,100,99487,100,100111,100,99399,100,100117,100,98696,100
2019-06-28 09:49:50.000000000,99940,504,99919,504,100028,200,99889,100,100030,100,99877,100,100049,100,99876,100,100100,100,99806,100,100102,100,99610,100,100107,100,99580,100,100111,100,99487,100,100117,100,99399,100,100145,100,98696,100
2019-06-28 09:50:00.000000000,99940,201,99919,201,100028,301,99889,201,100030,201,99877,201,100049,201,99876,201,100100,100,99806,100,100102,100,99610,100,100107,100,99580,100,100111,100,99487,100,100117,100,99399,100,100145,100,98696,100
2019-06-28 09:50:10.000000000,99940,201,99919,201,100028,301,99889,201,100030,201,99877,201,100049,201,99876,201,100100,100,99806,100,100102,100,99610,100,100107,100,99580,100,100111,100,99487,100,100117,100,99399,100,100145,100,98696,100
2019-06-28 09:50:19.966826325,99940,301,99919,201,100028,301,99889,201,100030,201,99877,201,100049,201,99876,201,100100,100,99806,100,100102,100,99610,100,100107,100,99580,100,100111,100,99487,100,100117,100,99399,100,100145,100,98696,100
2019-06-28 09:50:20.000000000,99940,301,99919,201,100028,301,99889,201,100030,201,99877,201,100049,201,99876,201,100100,100,99806,100,100102,100,99610,100,100107,100,99580,100,100111,100,99487,100,100117,100,99399,100,100145,100,98696,100
2019-06-28 09:50:30.000000000,99940,402,99919,302,100028,402,99889,302,100030,100,99877,100,100049,100,99876,100,100100,100,99806,100,100102,100,99610,100,100107,100,99580,100,100111,100,99487,100,100117,100,99399,100,100145,100,98696,100
2019-06-28 09:50:38.570935481,99940,502,99919,302,100028,402,99889,302,100030,100,99877,100,100049,100,99876,100,100100,100,99806,100,100102,100,99610,100,100107,100,99580,100,100111,100,99487,100,100117,100,99399,100,100145,100,98696,100
2019-06-28 09:50:40.000000000,99940,381,99919,181,100028,281,99889,181,100030,181,99877,181,100049,181,99876,181,100100,181,99806,181,100102,100,99610,100,100107,100,99580,100,100111,100,99487,100,100117,100,99399,100,100145,100,98696,100
2019-06-28 09:50:49.889202531,99940,381,99919,181,100028,281,99889,181,100030,181,99877,81,100049,181,99876,181,100100,181,99806,181,100102,100,99610,100,100107,100,99580,100,100111,100,99487,100,100117,100,99399,100,100145,100,98696,100
2019-06-28 09:50:50.000000000,99940,704,99919,504,100028,200,99889,100,100030,100,99876,100,100049,100,99806,100,100100,100,99610,100,100102,100,99580,100,100107,100,99487,100,100111,100,99399,100,100117,100,98696,100,100145,100,98383,100
2019-06-28 09:50:53.841401103,99940,804,99919,504,100028,200,99889,100,100030,100,99876,100,100049,100,99806,100,100100,100,99610,100,100102,100,99580,100,100107,100,99487,100,100111,100,99399,100,100117,100,98696,100,100145,100,98383,100
2019-06-28 09:50:54.600328195,99940,804,99919,404,100028,200,99889,100,100030,100,99876,100,100049,100,99806,100,100100,100,99610,100,100102,100,99580,100,100107,100,99487,100,100111,100,99399,100,100117,100,98696,100,100145,100,98383,100
2019-06-28 09:51:00.000000000,99940,481,99889,181,100028,281,99876,181,100030,181,99806,181,100049,181,99610,181,100100,181,99580,181,100102,100,99487,100,100107,100,99399,100,100111,100,98696,100,100117,100,98383,100,100145,100,,
2019-06-28 09:51:01.383449770,99940,481,99889,181,100028,281,99876,181,100030,181,99806,181,100049,181,99610,181,100100,181,99580,181,100102,100,99487,100,100107,100,99399,100,100111,100,98696,100,100117,100,98383,100,100145,100,98362,100
2019-06-28 09:51:10.000000000,99940,481,99889,181,100028,281,99876,181,100030,181,99806,181,100049,181,99610,181,100100,181,99580,181,100102,100,99487,100,100107,100,99399,100,100111,100,98696,100,100117,100,98383,100,100145,100,98362,100
2019-06-28 09:51:20.000000000,99940,501,99889,201,100028,301,99876,201,100030,201,99806,201,100049,201,99610,201,100100,100,99580,100,100102,100,99487,100,100107,100,99399,100,100111,100,98696,100,100117,100,98383,100,100145,100,98362,100
2019-06-28 09:51:30.000000000,99940,501,99889,201,100028,301,99876,201,100030,201,99806,201,100049,201,99610,201,100100,100,99580,100,100102,100,99487,100,100107,100,99399,100,100111,100,98696,100,100117,100,98383,100,100145,100,98362,100
2019-06-28 09:51:30.593475627,99940,401,99889,201,100028,301,99876,201,100030,201,99806,201,100049,201,99610,201,100100,100,99580,100,100102,100,99487,100,100107,100,99399,100,100111,100,98696,100,100117,100,98383,100,100145,100,98362,100
2019-06-28 09:51:40.000000000,99940,381,99889,181,100028,281,99876,181,100030,181,99806,181,100049,181,99610,181,100100,181,99580,181,100102,100,99487,100,100107,100,99399,100,100111,100,98696,100,100117,100,98383,100,100145,100,98362,100
2019-06-28 09:51:50.000000000,99940,502,99889,302,100028,402,99876,302,100030,100,99806,100,100049,100,99610,100,100100,100,99580,100,100102,100,99487,100,100107,100,99399,100,100111,100,98696,100,100117,100,98383,100,100145,100,98362,100
2019-06-28 09:51:52.813859200,99940,402,99889,302,100028,402,99876,302,100030,100,99806,100,100049,100,99610,100,100100,100,99580,100,100102,100,99487,100,100107,100,99399,100,100111,100,98696,100,100117,100,98383,100,100145,100,98362,100
2019-06-28 09:52:00.000000000,99940,301,99889,201,100028,301,99876,201,100030,201,99806,201,100049,201,99610,201,100100,100,99580,100,100102,100,99487,100,100107,100,99399,100,100111,100,98696,100,100117,100,98383,100,100145,100,98362,100
2019-06-28 09:52:03.357817971,99940,301,99889,201,100028,301,99876,201,100030,201,99806,201,100049,201,99610,201,100100,100,99580,100,100102,100,99487,100,100107,100,99399,100,100111,100,98696,100,100117,100,98383,100,100145,100,98362,100
2019-06-28 09:52:09.132791149,99940,301,99889,201,100028,301,99876,201,100030,201,99806,201,100049,201,99610,201,100100,100,99580,100,100102,100,99487,100,100107,100,99399,100,100111,100,98696,100,100117,100,98383,100,100172,100,98362,100
2019-06-28 09:52:10.000000000,99940,337,99889,237,100028,333,99876,233,100030,233,99806,233,100049,100,99610,100,100100,100,99580,100,100102,100,99487,100,100107,100,99399,100,100111,100,98696,100,100117,100,98383,100,100172,100,98362,100
2019-06-28 09:52:17.058161857,99940,337,99889,237,100028,333,99876,233,100030,233,99806,233,100049,100,99610,100,100100,100,99580,100,100102,100,99487,100,100107,100,99399,100,100111,100,98696,100,100172,100,98383,100,100189,100,98362,100
2019-06-28 09:52:20.000000000,99940,604,99889,504,100028,200,99876,100,100030,100,99806,100,100049,100,99610,100,100100,100,99580,100,100102,100,99487,100,100107,100,99399,100,100111,100,98696,100,100172,100,98383,100,100189,100,98362,100
2019-06-28 09:52:21.957875973,99940,604,99889,504,100028,200,99876,100,100030,100,99806,100,100049,100,99610,100,100100,100,99580,100,100102,100,99487,100,100107,100,99399,100,100111,100,98696,100,100172,100,98383,100,100189,100,98362,100
2019-06-28 09:52:26.358687972,99940,604,99889,404,100028,200,99876,100,100030,100,99806,100,100100,100,99610,100,100102,100,99580,100,100107,100,99487,100,100111,100,99399,100,100172,100,98696,100,100189,100,98383,100,100283,100,98362,100
2019-06-28 09:52:30.000000000,99940,337,99876,237,100028,333,99806,233,100030,233,99610,233,100100,100,99580,100,100102,100,99487,100,100107,100,99399,100,100111,100,98696,100,100172,100,98383,100,100189,100,98362,100,100283,100,98261,100
2019-06-28 09:52:40.000000000,99940,301,99876,201,100028,301,99806,201,100030,201,99610,201,100100,201,99580,201,100102,100,99487,100,100107,100,99399,100,100111,100,98696,100,100172,100,98383,100,100189,100,98362,100,100283,100,98261,100
2019-06-28 09:52:43.146691639,99940,301,99876,101,100028,301,99806,201,100030,201,99610,201,100100,201,99580,201,100102,100,99487,100,100107,100,99399,100,100111,100,98696,100,100172,100,98383,100,100189,100,98362,100,100283,100,98261,100
2019-06-28 09:52:50.000000000,99940,301,99806,201,100028,301,99610,201,100030,201,99580,201,100100,201,99487,201,100102,100,99399,100,100107,100,98696,100,100111,100,98383,100,100172,100,98362,100,100189,100,98261,100,100283,100,98200,100
2019-06-28 09:52:51.881477940,99889,100,99806,201,99940,301,99610,201,100028,301,99580,201,100030,201,99487,201,100100,201,99399,100,100102,100,98696,100,100107,100,98383,100,100111,100,98362,100,100172,100,98261,100,100189,100,98200,100
2019-06-28 09:53:00.000000000,99889,181,99806,181,99940,281,99610,181,100028,281,99580,181,100030,181,99487,181,100100,181,99399,181,100102,100,98696,100,100107,100,98383,100,100111,100,98362,100,100172,100,98261,100,100189,100,98200,100
2019-06-28 09:53:03.374228961,99889,181,99806,81,99940,281,99610,181,100028,281,99580,181,100030,181,99487,181,100100,181,99399,181,100102,100,98696,100,100107,100,98383,100,100111,100,98362,100,100172,100,98261,100,100189,100,98200,100
2019-06-28 09:53:10.000000000,99889,201,99610,201,99940,301,99580,201,100028,301,99487,201,100030,201,99399,201,100100,100,98696,100,100102,100,98383,100,100107,100,98362,100,100111,100,98261,100,100172,100,98200,100,100189,100,98039,100
2019-06-28 09:53:10.359513186,99889,201,99610,101,99940,301,99580,201,100028,301,99487,201,100030,201,99399,201,100100,100,98696,100,100102,100,98383,100,100107,100,98362,100,100111,100,98261,100,100172,100,98200,100,100189,100,98039,100
2019-06-28 09:53:19.562693032,99889,201,99610,1,99940,301,99580,201,100028,301,99487,201,100030,201,99399,201,100100,100,98696,100,100102,100,98383,100,100107,100,98362,100,100111,100,98261,100,100172,100,98200,100,100189,100,98039,100
2019-06-28 09:53:20.000000000,99889,181,99580,181,99940,281,99487,181,100028,281,99399,181,100030,181,98696,181,100100,181,98383,181,100102,100,98362,100,100107,100,98261,100,100111,100,98200,100,100172,100,98039,100,100189,100,,
2019-06-28 09:53:30.000000000,99889,302,99580,302,99940,402,99487,302,100028,200,99399,100,100030,100,98696,100,100100,100,98383,100,100102,100,98362,100,100107,100,98261,100,100111,100,98200,100,100172,100,98039,100,100189,100,,
2019-06-28 09:53:33.901130556,99610,100,99580,302,99889,302,99487,302,99940,402,99399,100,100028,100,98696,100,100030,100,98383,100,100100,100,98362,100,100102,100,98261,100,100107,100,98200,100,100111,100,98039,100,100172,100,,
2019-06-28 09:53:38.183088372,99610,200,99580,302,99889,302,99487,302,99940,302,99399,100,100028,100,98696,100,100030,100,98383,100,100100,100,98362,100,100102,100,98261,100,100107,100,98200,100,100111,100,98039,100,100172,100,,
2019-06-28 09:53:39.507723826,99610,200,99580,302,99889,302,99487,302,99940,302,99399,100,100028,100,98696,100,100030,100,98639,100,100100,100,98383,100,100102,100,98362,100,100107,100,98261,100,100111,100,98200,100,100172,100,98039,100
2019-06-28 09:53:40.000000000,99610,604,99580,504,99889,100,99487,100,99940,100,99399,100,100028,100,98696,100,100030,100,98639,100,100100,100,98383,100,100102,100,98362,100,100107,100,98261,100,100111,100,98200,100,100172,100,98039,100
2019-06-28 09:53:49.610745869,99610,604,99580,404,99889,100,99487,100,99940,100,99399,100,100028,100,98696,100,100030,100,98639,100,100100,100,98383,100,100102,100,98261,100,100107,100,98200,100,100111,100,98039,100,100172,100,,
2019-06-28 09:53:50.000000000,99610,281,99487,181,99889,181,99399,181,99940,181,98696,181,100028,181,98639,181,100030,181,98383,181,100100,100,98261,100,100102,100,98200,100,100107,100,98039,100,100111,100,,,100172,100,,
2019-06-28 09:53:59.794181191,99610,281,99487,181,99889,81,99399,181,99940,181,98696,181,100028,181,98639,181,100030,181,98383,181,100100,100,98261,100,100102,100,98200,100,100107,100,98039,100,100111,100,,,100172,100,,
2019-06-28 09:54:00.000000000,99610,402,99487,302,99940,302,99399,302,100028,100,98696,100,100030,100,98639,100,100100,100,98383,100,100102,100,98261,100,100107,100,98200,100,100111,100,98039,100,100172,100,,,100189,100,,
2019-06-28 09:54:10.000000000,99610,604,99487,504,99940,100,99399,100,100028,100,98696,100,100030,100,98639,100,100100,100,98383,100,100102,100,98261,100,100107,100,98200,100,100111,100,98039,100,100172,100,,,100189,100,,
2019-06-28 09:54:15.711631581,99610,604,99487,504,99940,100,99399,100,100028,100,99028,100,100030,100,98696,100,100100,100,98639,100,100107,100,98383,100,100111,100,98261,100,100172,100,98200,100,100189,100,98039,100,100283,100,,
2019-06-28 09:54:20.000000000,99610,604,99487,504,99940,100,99399,100,100028,100,99028,100,100030,100,98696,100,100100,100,98639,100,100107,100,98383,100,100111,100,98261,100,100172,100,98200,100,100189,100,98039,100,100283,100,,
2019-06-28 09:54:30.000000000,99610,604,99487,504,99940,100,99399,100,100028,100,99028,100,100030,100,98696,100,100100,100,98639,100,100107,100,98383,100,100111,100,98261,100,100172,100,98200,100,100189,100,98039,100,100283,100,,
2019-06-28 09:54:31.144463772,99609,100,99487,504,99610,604,99399,100,99940,100,99028,100,100028,100,98696,100,100030,100,98639,100,100100,100,98383,100,100107,100,98261,100,100111,100,98200,100,100172,100,98039,100,100189,100,,
2019-06-28 09:54:40.000000000,99609,237,99487,237,99610,333,99399,233,99940,233,99028,233,100028,100,98696,100,100030,100,98639,100,100100,100,98383,100,100107,100,98261,100,100111,100,98200,100,100172,100,98039,100,100189,100,,
2019-06-28 09:54:50.000000000,99609,504,99487,504,99610,200,99399,100,99940,100,99028,100,100028,100,98696,100,100030,100,98639,100,100100,100,98383,100,100107,100,98261,100,100111,100,98200,100,100172,100,98039,100,100189,100,,
2019-06-28 09:54:55.927020939,99609,504,99487,504,99610,200,99399,100,99940,100,99028,100,100028,100,98696,100,100030,100,98664,100,100100,100,98639,100,100107,100,98383,100,100111,100,98261,100,100172,100,98200,100,100189,100,98039,100
2019-06-28 09:55:00.000000000,99609,201,99487,201,99610,301,99399,201,99940,201,99028,201,100028,201,98696,201,100030,100,98664,100,100100,100,98639,100,100107,100,98383,100,100111,100,98261,100,100172,100,98200,100,100189,100,98039,100
2019-06-28 09:55:10.000000000,99609,201,99487,201,99610,301,99399,201,99940,201,99028,201,100028,201,98696,201,100030,100,98664,100,100100,100,98639,100,100107,100,98383,100,100111,100,98261,100,100172,100,98200,100,100189,100,98039,100
2019-06-28 09:55:19.947668100,99609,201,99487,201,99610,301,99399,201,99940,201,99028,201,100028,201,98696,201,100030,100,98664,100,100100,100,98639,100,100107,100,98505,100,100172,100,98383,100,100189,100,98261,100,100283,100,98200,100
2019-06-28 09:55:20.000000000,99609,181,99487,181,99610,281,99399,181,99940,181,99028,181,100028,181,98696,181,100030,181,98664,181,100100,100,98639,100,100107,100,98505,100,100172,100,98383,100,100189,100,98261,100,100283,100,98200,100
2019-06-28 09:55:25.322154815,99609,281,99487,181,99610,181,99399,181,99940,181,99028,181,100028,181,98696,181,100030,181,98664,181,100100,100,98639,100,100107,100,98505,100,100172,100,98383,100,100189,100,98261,100,100283,100,98200,100
2019-06-28 09:55:27.158483770,99609,281,99487,181,99610,81,99399,181,99940,181,99028,181,100028,181,98696,181,100030,181,98664,181,100100,100,98639,100,100107,100,98505,100,100172,100,98383,100,100189,100,98261,100,100283,100,98200,100
2019-06-28 09:55:29.993139524,99609,281,99487,81,99610,81,99399,181,99940,181,99028,181,100028,181,98696,181,100030,181,98664,181,100100,100,98505,100,100107,100,98383,100,100172,100,98261,100,100189,100,98200,100,100283,100,98039,100
2019-06-28 09:55:30.000000000,99609,604,99399,504,99940,100,99028,100,100028,100,98696,100,100030,100,98664,100,100100,100,98505,100,100107,100,98383,100,100172,100,98261,100,100189,100,98200,100,100283,100,98039,100,100528,100,,
2019-06-28 09:55:36.086273653,99609,604,99399,404,99940,100,99028,100,100028,100,98696,100,100030,100,98664,100,100100,100,98505,100,100107,100,98383,100,100172,100,98261,100,100189,100,98200,100,100283,100,98039,100,100528,100,,
2019-06-28 09:55:40.000000000,99609,281,99028,181,99940,181,98696,181,100028,181,98664,181,100030,181,98505,181,100100,181,98383,181,100107,100,98261,100,100172,100,98200,100,100189,100,98039,100,100283,100,,,100528,100,,
2019-06-28 09:55:43.642241090,99609,281,99028,81,99940,181,98696,181,100028,181,98664,181,100030,181,98505,181,100100,181,98383,181,100107,100,98261,100,100172,100,98200,100,100189,100,98039,100,100283,100,,,100528,100,,
2019-06-28 09:55:50.000000000,99609,402,98696,302,99940,302,98664,302,100028,100,98505,100,100030,100,98383,100,100100,100,98261,100,100107,100,98200,100,100172,100,98039,100,100189,100,,,100283,100,,,100528,100,,
2019-06-28 09:55:50.444361269,99609,402,98706,100,99940,302,98696,302,100028,100,98664,302,100030,100,98505,100,100100,100,98383,100,100107,100,98261,100,100172,100,98200,100,100189,100,98039,100,100283,100,,,100528,100,,
2019-06-28 09:55:51.718267123,98825,100,98706,100,99609,402,98696,302,99940,302,98664,302,100028,100,98505,100,100030,100,98383,100,100100,100,98261,100,100107,100,98200,100,100172,100,98039,100,100189,100,,,100283,100,,
2019-06-28 09:55:52.070078821,98825,100,98706,100,99399,100,98696,302,99609,302,98664,302,99940,302,98505,100,100028,100,98383,100,100030,100,98261,100,100100,100,98200,100,100107,100,98039,100,100172,100,,,100189,100,,
2019-06-28 09:56:00.000000000,98825,302,98706,302,99399,302,98696,302,99609,100,98664,100,99940,100,98505,100,100028,100,98383,100,100030,100,98261,100,100100,100,98200,100,100107,100,98039,100,100172,100,,,100189,100,,
2019-06-28 09:56:02.770062618,98825,302,98706,302,98957,100,98696,302,99399,302,98664,100,99609,100,98505,100,99940,100,98383,100,100028,100,98261,100,100030,100,98200,100,100100,100,98039,100,100107,100,,,100172,100,,
2019-06-28 09:56:10.000000000,98825,237,98706,237,98957,233,98696,233,99399,233,98664,233,99609,100,98505,100,99940,100,98383,100,100028,100,98261,100,100030,100,98200,100,100100,100,98039,100,100107,100,,,100172,100,,
2019-06-28 09:56:20.000000000,98825,201,98706,201,98957,201,98696,201,99399,201,98664,201,99609,201,98505,201,99940,100,98383,100,100028,100,98261,100,100030,100,98200,100,100100,100,98039,100,100107,100,,,100172,100,,
2019-06-28 09:56:30.000000000,98825,302,98706,302,98957,302,98696,302,99399,100,98664,100,99609,100,98505,100,99940,100,98383,100,100028,100,98261,100,100030,100,98200,100,100100,100,98039,100,100107,100,,,100172,100,,
2019-06-28 09:56:40.000000000,98825,302,98706,302,98957,302,98696,302,99399,100,98664,100,99609,100,98505,100,99940,100,98383,100,100028,100,98261,100,100030,100,98200,100,100100,100,98039,100,100107,100,,,100172,100,,
2019-06-28 09:56:50.000000000,98825,504,98706,504,98957,100,98696,100,99399,100,98664,100,99609,100,98505,100,99940,100,98383,100,100028,100,98261,100,100030,100,98200,100,100100,100,98039,100,100107,100,,,100172,100,,
2019-06-28 09:57:00.000000000,98825,237,98706,237,98957,233,98696,233,99399,233,98664,233,99609,100,98505,100,99940,100,98383,100,100028,100,98261,100,100030,100,98200,100,100100,100,98039,100,100107,100,,,100172,100,,
2019-06-28 09:57:08.705511613,98825,137,98706,237,98957,233,98696,233,99399,233,98664,233,99609,100,98505,100,99940,100,98383,100,100028,100,98261,100,100030,100,98200,100,100100,100,98039,100,100107,100,,,100172,100,,
2019-06-28 09:57:08.763717389,98825,137,98706,237,98957,233,98696,233,99399,233,98664,233,99609,100,98505,100,99940,100,98383,100,100002,100,98261,100,100028,100,98200,100,100030,100,98039,100,100100,100,,,100107,100,,
2019-06-28 09:57:10.000000000,98957,201,98706,201,99399,201,98696,201,99609,201,98664,201,99940,201,98505,201,100002,100,98383,100,100028,100,98261,100,100030,100,98200,100,100100,100,98039,100,100107,100,,,100172,100,,
2019-06-28 09:57:20.000000000,98957,237,98706,237,99399,233,98696,233,99609,233,98664,233,99940,100,98505,100,100002,100,98383,100,100028,100,98261,100,100030,100,98200,100,100100,100,98039,100,100107,100,,,100172,100,,
2019-06-28 09:57:30.000000000,98957,504,98706,504,99399,100,98696,100,99609,100,98664,100,99940,100,98505,100,100002,100,98383,100,100028,100,98261,100,100030,100,98200,100,100100,100,98039,100,100107,100,,,100172,100,,
2019-06-28 09:57:33.279520820,98957,504,98706,504,99399,100,98696,100,99609,100,98664,100,99866,100,98505,100,99940,100,98383,100,100002,100,98261,100,100028,100,98200,100,100030,100,98039,100,100100,100,,,100107,100,,
2019-06-28 09:57:40.000000000,98957,302,98706,302,99399,302,98696,302,99609,100,98664,100,99866,100,98505,100,99940,100,98383,100,100002,100,98261,100,100028,100,98200,100,100030,100,98039,100,100100,100,,,100107,100,,
2019-06-28 09:57:50.000000000,98957,237,98706,237,99399,233,98696,233,99609,233,98664,233,99866,100,98505,100,99940,100,98383,100,100002,100,98261,100,100028,100,98200,100,100030,100,98039,100,100100,100,,,100107,100,,
2019-06-28 09:57:50.371766983,98957,137,98706,237,99399,233,98696,233,99609,233,98664,233,99866,100,98505,100,99940,100,98383,100,100002,100,98261,100,100028,100,98200,100,100030,100,98039,100,100100,100,,,100107,100,,
2019-06-28 09:58:00.000000000,99399,237,98706,237,99609,233,98696,233,99866,233,98664,233,99940,100,98505,100,100002,100,98383,100,100028,100,98261,100,100030,100,98200,100,100100,100,98039,100,100107,100,,,100172,100,,
2019-06-28 09:58:10.000000000,99399,181,98706,181,99609,181,98696,181,99866,181,98664,181,99940,181,98505,181,100002,181,98383,181,100028,100,98261,100,100030,100,98200,100,100100,100,98039,100,100107,100,,,100172,100,,
2019-06-28 09:58:20.000000000,99399,504,98706,504,99609,100,98696,100,99866,100,98664,100,99940,100,98505,100,100002,100,98383,100,100028,100,98261,100,100030,100,98200,100,100100,100,98039,100,100107,100,,,100172,100,,
2019-06-28 09:58:23.295024861,99399,404,98706,504,99609,100,98696,100,99866,100,98664,100,99940,100,98505,100,100002,100,98383,100,100028,100,98261,100,100030,100,98200,100,100100,100,98039,100,100107,100,,,100172,100,,
2019-06-28 09:58:30.000000000,99609,237,98706,237,99866,233,98696,233,99940,233,98664,233,100002,100,98505,100,100028,100,98383,100,100030,100,98261,100,100100,100,98200,100,100107,100,98039,100,100172,100,,,100189,100,,
2019-06-28 09:58:40.000000000,99609,302,98706,302,99866,302,98696,302,99940,100,98664,100,100002,100,98505,100,100028,100,98383,100,100030,100,98261,100,100100,100,98200,100,100107,100,98039,100,100172,100,,,100189,100,,
2019-06-28 09:58:50.000000000,99609,302,98706,302,99866,302,98696,302,99940,100,98664,100,100002,100,98505,100,100028,100,98383,100,100030,100,98261,100,100100,100,98200,100,100107,100,98039,100,100172,100,,,100189,100,,
2019-06-28 09:59:00.000000000,99609,237,98706,237,99866,233,98696,233,99940,233,98664,233,100002,100,98505,100,100028,100,98383,100,100030,100,98261,100,100100,100,98200,100,100107,100,98039,100,100172,100,,,100189,100,,
2019-06-28 09:59:10.000000000,99609,181,98706,181,99866,181,98696,181,99940,181,98664,181,100002,181,98505,181,100028,181,98383,181,100030,100,98261,100,100100,100,98200,100,100107,100,98039,100,100172,100,,,100189,100,,
2019-06-28 09:59:10.805302703,99609,181,98706,181,99748,100,98696,181,99866,181,98664,181,99940,181,98505,181,100002,181,98383,181,100028,181,98261,100,100030,100,98039,100,100100,100,,,100107,100,,,100172,100,,
2019-06-28 09:59:20.000000000,99609,237,98706,237,99748,233,98696,233,99866,233,98664,233,99940,100,98505,100,100002,100,98383,100,100028,100,98261,100,100030,100,98039,100,100100,100,,,100107,100,,,100172,100,,
2019-06-28 09:59:30.000000000,99609,302,98706,302,99748,302,98696,302,99866,100,98664,100,99940,100,98505,100,100002,100,98383,100,100028,100,98261,100,100030,100,98039,100,100100,100,,,100107,100,,,100172,100,,
2019-06-28 09:59:36.107729519,99609,202,98706,302,99748,302,98696,302,99866,100,98664,100,99940,100,98505,100,100002,100,98383,100,100028,100,98261,100,100030,100,98039,100,100100,100,,,100107,100,,,100172,100,,
2019-06-28 09:59:40.000000000,99748,302,98706,302,99866,302,98696,302,99940,100,98664,100,100002,100,98505,100,100028,100,98383,100,100030,100,98261,100,100100,100,98039,100,100107,100,,,100172,100,,,100189,100,,
2019-06-28 09:59:49.599926455,99738,100,98706,302,99748,302,98696,302,99866,302,98664,100,99940,100,98505,100,100002,100,98383,100,100028,100,98261,100,100030,100,98039,100,100100,100,,,100107,100,,,100172,100,,
2019-06-28 09:59:50.000000000,99738,504,98706,504,99748,100,98696,100,99866,100,98664,100,99940,100,98505,100,100002,100,98383,100,100028,100,98261,100,100030,100,98039,100,100100,100,,,100107,100,,,100172,100,,
2019-06-28 10:00:00.000000000,99738,201,98706,201,99748,201,98696,201,99866,201,98664,201,99940,201,98505,201,100002,100,98383,100,100028,100,98261,100,100030,100,98039,100,100100,100,,,100107,100,,,100172,100,,
2019-06-28 10:00:10.000000000,99738,504,98706,504,99748,100,98696,100,99866,100,98664,100,99940,100,98505,100,100002,100,98383,100,100028,100,98261,100,100030,100,98039,100,100100,100,,,100107,100,,,100172,100,,
2019-06-28 10:00:20.000000000,99738,237,98706,237,99748,233,98696,233,99866,233,98664,233,99940,100,98505,100,100002,100,98383,100,100028,100,98261,100,100030,100,98039,100,100100,100,,,100107,100,,,100172,100,,
2019-06-28 10:00:30.000000000,99738,181,98706,181,99748,181,98696,181,99866,181,98664,181,99940,181,98505,181,100002,181,98383,181,100028,100,98261,100,100030,100,98039,100,100100,100,,,100107,100,,,100172,100,,
2019-06-28 10:00:40.000000000,99738,504,98706,504,99748,100,98696,100,99866,100,98664,100,99940,100,98505,100,100002,100,98383,100,100028,100,98261,100,100030,100,98039,100,100100,100,,,100107,100,,,100172,100,,
2019-06-28 10:00:46.002374413,99738,504,98706,504,99748,100,98696,100,99812,100,98664,100,99866,100,98505,100,99940,100,98383,100,100002,100,98261,100,100028,100,98039,100,100030,100,,,100100,100,,,100107,100,,
2019-06-28 10:00:50.000000000,99738,237,98706,237,99748,233,98696,233,99812,233,98664,233,99866,100,98505,100,99940,100,98383,100,100002,100,98261,100,100028,100,98039,100,100030,100,,,100100,100,,,100107,100,,
2019-06-28 10:00:51.470824641,99540,100,98706,237,99738,237,98696,233,99748,233,98664,233,99812,233,98505,100,99866,100,98383,100,99940,100,98261,100,100002,100,98039,100,100028,100,,,100030,100,,,100100,100,,
2019-06-28 10:01:00.000000000,99540,181,98706,181,99738,181,98696,181,99748,181,98664,181,99812,181,98505,181,99866,181,98383,181,99940,100,98261,100,100002,100,98039,100,100028,100,,,100030,100,,,100100,100,,
2019-06-28 10:01:09.314453414,99540,181,99399,100,99738,181,98706,181,99748,181,98696,181,99812,181,98664,181,99866,181,98505,181,99940,100,98383,181,100002,100,98261,100,100028,100,98039,100,100030,100,,,100100,100,,
2019-06-28 10:01:10.000000000,99540,302,99399,302,99738,302,98706,302,99748,100,98696,100,99812,100,98664,100,99866,100,98505,100,99940,100,98383,100,100002,100,98261,100,100028,100,98039,100,100030,100,,,100100,100,,
2019-06-28 10:01:10.488051332,99540,302,99399,302,99575,100,98706,302,99738,302,98696,100,99748,100,98664,100,99812,100,98505,100,99866,100,98383,100,99940,100,98261,100,100002,100,98039,100,100028,100,,,100030,100,,
2019-06-28 10:01:12.494880452,99478,100,99399,302,99540,302,98706,302,99575,100,98696,100,99738,302,98664,100,99748,100,98505,100,99812,100,98383,100,99866,100,98261,100,99940,100,98039,100,100002,100,,,100028,100,,
2019-06-28 10:01:20.000000000,99478,181,99399,181,99540,181,98706,181,99575,181,98696,181,99738,181,98664,181,99748,181,98505,181,99812,100,98383,100,99866,100,98261,100,99940,100,98039,100,100002,100,,,100028,100,,
2019-06-28 10:01:21.910945885,99478,181,99399,181,99540,181,99290,100,99575,181,98706,181,99738,181,98696,181,99748,181,98664,181,99812,100,98505,181,99866,100,98383,100,99940,100,98261,100,100002,100,98039,100,100028,100,,
2019-06-28 10:01:30.000000000,99478,237,99399,237,99540,233,99290,233,99575,233,98706,233,99738,100,98696,100,99748,100,98664,100,99812,100,98505,100,99866,100,98383,100,99940,100,98261,100,100002,100,98039,100,100028,100,,
2019-06-28 10:01:34.960605140,99478,237,99399,237,99540,133,99290,233,99560,100,98706,233,99575,233,98696,100,99738,100,98664,100,99748,100,98505,100,99812,100,98383,100,99866,100,98261,100,99940,100,98039,100,100002,100,,
2019-06-28 10:01:40.000000000,99478,201,99399,201,99560,201,99290,201,99575,201,98706,201,99738,201,98696,201,99748,100,98664,100,99812,100,98505,100,99866,100,98383,100,99940,100,98261,100,100002,100,98039,100,100028,100,,
2019-06-28 10:01:47.160546845,99478,201,99399,101,99560,201,99290,201,99575,201,98706,201,99738,201,98696,201,99748,100,98664,100,99812,100,98505,100,99866,100,98383,100,99940,100,98261,100,100002,100,98039,100,100028,100,,
2019-06-28 10:01:50.000000000,99478,201,99290,201,99560,201,98706,201,99575,201,98696,201,99738,201,98664,201,99748,100,98505,100,99812,100,98383,100,99866,100,98261,100,99940,100,98039,100,100002,100,,,100028,100,,
2019-06-28 10:02:00.000000000,99478,181,99290,181,99560,181,98706,181,99575,181,98696,181,99738,181,98664,181,99748,181,98505,181,99812,100,98383,100,99866,100,98261,100,99940,100,98039,100,100002,100,,,100028,100,,
2019-06-28 10:02:10.000000000,99478,201,99290,201,99560,201,98706,201,99575,201,98696,201,99738,201,98664,201,99748,100,98505,100,99812,100,98383,100,99866,100,98261,100,99940,100,98039,100,100002,100,,,100028,100,,
2019-06-28 10:02:20.000000000,99478,201,99290,201,99560,201,98706,201,99575,201,98696,201,99738,201,98664,201,99748,100,98505,100,99812,100,98383,100,99866,100,98261,100,99940,100,98039,100,100002,100,,,100028,100,,
2019-06-28 10:02:23.826538247,99478,201,99290,201,99560,201,98706,201,99575,201,98696,201,99738,201,98664,201,99748,100,98505,100,99812,100,98383,100,99866,100,98261,100,99940,100,98039,100,100002,100,,,100028,100,,
2019-06-28 10:02:30.000000000,99478,237,99290,237,99560,233,98706,233,99575,233,98696,233,99738,100,98664,100,99748,100,98505,100,99812,100,98383,100,99866,100,98261,100,99940,100,98039,100,100002,100,,,100028,100,,
2019-06-28 10:02:40.000000000,99478,504,99290,504,99560,100,98706,100,99575,100,98696,100,99738,100,98664,100,99748,100,98505,100,99812,100,98383,100,99866,100,98261,100,99940,100,98039,100,100002,100,,,100028,100,,
2019-06-28 10:02:50.000000000,99478,302,99290,302,99560,302,98706,302,99575,100,98696,100,99738,100,98664,100,99748,100,98505,100,99812,100,98383,100,99866,100,98261,100,99940,100,98039,100,100002,100,,,100028,100,,
2019-06-28 10:03:00.000000000,99478,504,99290,504,99560,100,98706,100,99575,100,98696,100,99738,100,98664,100,99748,100,98505,100,99812,100,98383,100,99866,100,98261,100,99940,100,98039,100,100002,100,,,100028,100,,
2019-06-28 10:03:03.026523836,99478,404,99290,504,99560,100,98706,100,99575,100,98696,100,99738,100,98664,100,99748,100,98505,100,99812,100,98383,100,99866,100,98261,100,99940,100,98039,100,100002,100,,,100028,100,,
2019-06-28 10:03:10.000000000,99560,201,99290,201,99575,201,98706,201,99738,201,98696,201,99748,201,98664,201,99812,100,98505,100,99866,100,98383,100,99940,100,98261,100,100002,100,98039,100,100028,100,,,100100,100,,
2019-06-28 10:03:11.491916383,99560,201,99400,100,99575,201,99290,201,99738,201,98706,201,99748,201,98696,201,99812,100,98664,201,99866,100,98505,100,99940,100,98383,100,100002,100,98261,100,100028,100,98039,100,100100,100,,
2019-06-28 10:03:17.723050955,99560,201,99400,100,99575,201,99290,201,99621,100,98706,201,99738,201,98696,201,99748,201,98664,201,99812,100,98505,100,99866,100,98383,100,99940,100,98261,100,100002,100,98039,100,100028,100,,
2019-06-28 10:03:20.000000000,99560,302,99400,302,99575,302,99290,302,99621,100,98706,100,99738,100,98696,100,99748,100,98664,100,99812,100,98505,100,99866,100,98383,100,99940,100,98261,100,100002,100,98039,100,100028,100,,
2019-06-28 10:03:20.903613490,99560,302,99400,302,99575,302,99290,302,99606,100,98706,100,99621,100,98696,100,99738,100,98664,100,99748,100,98505,100,99812,100,98383,100,99866,100,98261,100,99940,100,98039,100,100002,100,,
2019-06-28 10:03:30.000000000,99560,504,99400,504,99575,100,99290,100,99606,100,98706,100,99621,100,98696,100,99738,100,98664,100,99748,100,98505,100,99812,100,98383,100,99866,100,98261,100,99940,100,98039,100,100002,100,,
2019-06-28 10:03:40.000000000,99560,201,99400,201,99575,201,99290,201,99606,201,98706,201,99621,201,98696,201,99738,100,98664,100,99748,100,98505,100,99812,100,98383,100,99866,100,98261,100,99940,100,98039,100,100002,100,,
2019-06-28 10:03:50.000000000,99560,201,99400,201,99575,201,99290,201,99606,201,98706,201,99621,201,98696,201,99738,100,98664,100,99748,100,98505,100,99812,100,98383,100,99866,100,98261,100,99940,100,98039,100,100002,100,,
2019-06-28 10:03:58.841108502,99560,201,99400,101,99575,201,99290,201,99606,201,98706,201,99621,201,98696,201,99738,100,98664,100,99748,100,98505,100,99812,100,98383,100,99866,100,98261,100,99940,100,98039,100,100002,100,,
2019-06-28 10:04:00.000000000,99560,302,99290,302,99575,302,98706,302,99606,100,98696,100,99621,100,98664,100,99738,100,98505,100,99748,100,98383,100,99812,100,98261,100,99866,100,98039,100,99940,100,,,100002,100,,
2019-06-28 10:04:03.834406726,99477,100,99290,302,99560,302,98706,302,99575,302,98696,100,99606,100,98664,100,99621,100,98505,100,99738,100,98383,100,99748,100,98261,100,99812,100,98039,100,99866,100,,,99940,100,,
2019-06-28 10:04:10.000000000,99477,201,99290,201,99560,201,98706,201,99575,201,98696,201,99606,201,98664,201,99621,100,98505,100,99738,100,98383,100,99748,100,98261,100,99812,100,98039,100,99866,100,,,99940,100,,
2019-06-28 10:04:20.000000000,99477,181,99290,181,99560,181,98706,181,99575,181,98696,181,99606,181,98664,181,99621,181,98505,181,99738,100,98383,100,99748,100,98261,100,99812,100,98039,100,99866,100,,,99940,100,,
2019-06-28 10:04:30.000000000,99477,504,99290,504,99560,100,98706,100,99575,100,98696,100,99606,100,98664,100,99621,100,98505,100,99738,100,98383,100,99748,100,98261,100,99812,100,98039,100,99866,100,,,99940,100,,
2019-06-28 10:04:40.000000000,99477,504,99290,504,99560,100,98706,100,99575,100,98696,100,99606,100,98664,100,99621,100,98505,100,99738,100,98383,100,99748,100,98261,100,99812,100,98039,100,99866,100,,,99940,100,,
2019-06-28 10:04:50.000000000,99477,237,99290,237,99560,233,98706,233,99575,233,98696,233,99606,100,98664,100,99621,100,98505,100,99738,100,98383,100,99748,100,98261,100,99812,100,98039,100,99866,100,,,99940,100,,
2019-06-28 10:05:00.000000000,99477,181,99290,181,99560,181,98706,181,99575,181,98696,181,99606,181,98664,181,99621,181,98505,181,99738,100,98383,100,99748,100,98261,100,99812,100,98039,100,99866,100,,,99940,100,,
2019-06-28 10:05:10.000000000,99477,181,99290,181,99560,181,98706,181,99575,181,98696,181,99606,181,98664,181,99621,181,98505,181,99738,100,98383,100,99748,100,98261,100,99812,100,98039,100,99866,100,,,99940,100,,
2019-06-28 10:05:15.004258420,99477,181,99290,181,99560,181,98706,181,99575,181,98696,181,99606,181,98664,181,99621,181,98505,181,99738,100,98383,100,99748,100,98261,100,99812,100,98253,100,99866,100,98039,100,99940,100,,
2019-06-28 10:05:20.000000000,99477,201,99290,201,99560,201,98706,201,99575,201,98696,201,99606,201,98664,201,99621,100,98505,100,99738,100,98383,100,99748,100,98261,100,99812,100,98253,100,99866,100,98039,100,99940,100,,
2019-06-28 10:05:30.000000000,99477,302,99290,302,99560,302,98706,302,99575,100,98696,100,99606,100,98664,100,99621,100,98505,100,99738,100,98383,100,99748,100,98261,100,99812,100,98253,100,99866,100,98039,100,99940,100,,
2019-06-28 10:05:40.000000000,99477,201,99290,201,99560,201,98706,201,99575,201,98696,201,99606,201,98664,201,99621,100,98505,100,99738,100,98383,100,99748,100,98261,100,99812,100,98253,100,99866,100,98039,100,99940,100,,
2019-06-28 10:05:46.999965649,99477,201,99290,201,99560,201,98706,201,99575,201,98696,201,99606,201,98664,201,99621,100,98505,100,99738,100,98383,100,99748,100,98261,100,99812,100,98253,100,99866,100,98068,100,99940,100,98039,100
2019-06-28 10:05:48.030742145,99477,201,99290,101,99560,201,98706,201,99575,201,98696,201,99606,201,98664,201,99621,100,98505,100,99738,100,98383,100,99748,100,98261,100,99812,100,98253,100,99866,100,98068,100,99940,100,98039,100
2019-06-28 10:05:50.000000000,99477,302,98706,302,99560,302,98696,302,99575,100,98664,100,99606,100,98505,100,99621,100,98383,100,99738,100,98261,100,99748,100,98253,100,99812,100,98068,100,99866,100,98039,100,99940,100,,
2019-06-28 10:06:00.000000000,99477,181,98706,181,99560,181,98696,181,99575,181,98664,181,99606,181,98505,181,99621,181,98383,181,99738,100,98261,100,99748,100,98253,100,99812,100,98068,100,99866,100,98039,100,99940,100,,
2019-06-28 10:06:10.000000000,99477,201,98706,201,99560,201,98696,201,99575,201,98664,201,99606,201,98505,201,99621,100,98383,100,99738,100,98261,100,99748,100,98253,100,99812,100,98068,100,99866,100,98039,100,99940,100,,
2019-06-28 10:06:20.000000000,99477,181,98706,181,99560,181,98696,181,99575,181,98664,181,99606,181,98505,181,99621,181,98383,181,99738,100,98261,100,99748,100,98253,100,99812,100,98068,100,99866,100,98039,100,99940,100,,
2019-06-28 10:06:30.000000000,99477,237,98706,237,99560,233,98696,233,99575,233,98664,233,99606,100,98505,100,99621,100,98383,100,99738,100,98261,100,99748,100,98253,100,99812,100,98068,100,99866,100,98039,100,99940,100,,
2019-06-28 10:06:34.753588933,98717,100,98706,237,99477,237,98696,233,99560,233,98664,233,99575,233,98505,100,99606,100,98383,100,99621,100,98261,100,99738,100,98253,100,99748,100,98068,100,99812,100,98039,100,99866,100,,
2019-06-28 10:06:38.878085123,98717,100,98706,137,99477,237,98696,233,99560,233,98664,233,99575,233,98505,100,99606,100,98383,100,99621,100,98261,100,99738,100,98253,100,99748,100,98068,100,99812,100,98039,100,99866,100,,
2019-06-28 10:06:40.000000000,98717,237,98696,237,99477,233,98664,233,99560,233,98505,233,99575,100,98383,100,99606,100,98261,100,99621,100,98253,100,99738,100,98068,100,99748,100,98039,100,99812,100,,,99866,100,,
2019-06-28 10:06:50.000000000,98717,201,98696,201,99477,201,98664,201,99560,201,98505,201,99575,201,98383,201,99606,100,98261,100,99621,100,98253,100,99738,100,98068,100,99748,100,98039,100,99812,100,,,99866,100,,
2019-06-28 10:06:53.221383713,98717,201,98696,201,99477,201,98664,201,99560,201,98505,201,99575,201,98383,201,99606,100,98261,100,99621,100,98253,100,99738,100,98243,100,99748,100,98068,100,99812,100,98039,100,99866,100,,
2019-06-28 10:06:57.507635738,98717,201,98696,201,99290,100,98664,201,99477,201,98505,201,99560,201,98383,201,99575,201,98261,100,99606,100,98253,100,99621,100,98243,100,99738,100,98068,100,99748,100,98039,100,99812,100,,
2019-06-28 10:06:59.833765075,98717,201,98696,201,98769,100,98664,201,99290,100,98505,201,99477,201,98383,201,99560,201,98261,100,99575,201,98253,100,99606,100,98243,100,99621,100,98068,100,99738,100,98039,100,99748,100,,
2019-06-28 10:07:00.000000000,98717,201,98696,201,98769,201,98664,201,99290,201,98505,201,99477,201,98383,201,99560,100,98261,100,99575,100,98253,100,99606,100,98243,100,99621,100,98068,100,99738,100,98039,100,99748,100,,
2019-06-28 10:07:04.325955365,98717,201,98696,101,98769,201,98664,201,99290,201,98505,201,99477,201,98383,201,99560,100,98261,100,99575,100,98253,100,99606,100,98243,100,99621,100,98068,100,99738,100,98039,100,99748,100,,
2019-06-28 10:07:10.000000000,98717,237,98664,237,98769,233,98505,233,99290,233,98383,233,99477,100,98261,100,99560,100,98253,100,99575,100,98243,100,99606,100,98068,100,99621,100,98039,100,99738,100,,,99748,100,,
2019-06-28 10:07:20.000000000,98717,181,98664,181,98769,181,98505,181,99290,181,98383,181,99477,181,98261,181,99560,181,98253,181,99575,100,98243,100,99606,100,98068,100,99621,100,98039,100,99738,100,,,99748,100,,
2019-06-28 10:07:30.000000000,98717,302,98664,302,98769,302,98505,302,99290,100,98383,100,99477,100,98261,100,99560,100,98253,100,99575,100,98243,100,99606,100,98068,100,99621,100,98039,100,99738,100,,,99748,100,,
2019-06-28 10:07:40.000000000,98717,302,98664,302,98769,302,98505,302,99290,100,98383,100,99477,100,98261,100,99560,100,98253,100,99575,100,98243,100,99606,100,98068,100,99621,100,98039,100,99738,100,,,99748,100,,
2019-06-28 10:07:40.181591835,98717,302,98664,202,98769,302,98505,302,99290,100,98383,100,99477,100,98261,100,99560,100,98253,100,99575,100,98243,100,99606,100,98068,100,99621,100,98039,100,99738,100,,,99748,100,,
2019-06-28 10:07:45.234985727,98717,302,98664,202,98769,302,98505,302,99290,100,98383,100,99477,100,98315,100,99560,100,98261,100,99575,100,98253,100,99606,100,98243,100,99621,100,98068,100,99738,100,98039,100,99748,100,,
2019-06-28 10:07:50.000000000,98717,201,98505,201,98769,201,98383,201,99290,201,98315,201,99477,201,98261,201,99560,100,98253,100,99575,100,98243,100,99606,100,98068,100,99621,100,98039,100,99738,100,,,99748,100,,
2019-06-28 10:07:51.849696770,98717,201,98505,201,98769,201,98383,201,99290,201,98315,201,99477,201,98261,201,99560,100,98253,100,99575,100,98243,100,99606,100,98068,100,99621,100,98039,100,99738,100,,,99748,100,,
2019-06-28 10:07:59.713339135,98717,201,98663,100,98769,201,98505,201,99290,201,98383,201,99477,201,98315,201,99560,100,98261,201,99575,100,98253,100,99606,100,98243,100,99621,100,98039,100,99738,100,,,99748,100,,
2019-06-28 10:07:59.958718328,98717,201,98663,100,98769,201,98509,100,99290,201,98505,201,99477,201,98383,201,99560,100,98315,201,99575,100,98261,201,99606,100,98253,100,99621,100,98243,100,99738,100,98039,100,99748,100,,
2019-06-28 10:08:00.000000000,98717,201,98663,201,98769,201,98509,201,99290,201,98505,201,99477,201,98383,201,99560,100,98315,100,99575,100,98261,100,99606,100,98253,100,99621,100,98243,100,99738,100,98039,100,99748,100,,
2019-06-28 10:08:03.579566626,98717,201,98698,100,98769,201,98663,201,99290,201,98509,201,99477,201,98505,201,99560,100,98383,201,99606,100,98315,100,99621,100,98261,100,99738,100,98253,100,99748,100,98243,100,99812,100,98039,100
