,ask_price_1,ask_size_1,bid_price_1,bid_size_1,ask_price_2,ask_size_2,bid_price_2,bid_size_2,ask_price_3,ask_size_3,bid_price_3,bid_size_3,ask_price_4,ask_size_4,bid_price_4,bid_size_4,ask_price_5,ask_size_5,bid_price_5,bid_size_5,ask_price_6,ask_size_6,bid_price_6,bid_size_6,ask_price_7,ask_size_7,bid_price_7,bid_size_7,ask_price_8,ask_size_8,bid_price_8,bid_size_8,ask_price_9,ask_size_9,bid_price_9,bid_size_9,ask_price_10,ask_size_10,bid_price_10,bid_size_10
2019-06-28 09:30:00.000000000,100055,100,,,100128,100,,,,,,,,,,,,,,,,,,,,,,,,,,,,,,,,,,
2019-06-28 09:30:00.000000001,100055,100,99904,100,100128,100,99847,100,,,,,,,,,,,,,,,,,,,,,,,,,,,,,,,,
2019-06-28 09:30:00.000000002,100055,100,99962,100,100128,100,99904,100,,,99847,100,,,,,,,,,,,,,,,,,,,,,,,,,,,,
2019-06-28 09:30:00.000000004,100055,100,99962,100,100060,100,99913,100,100128,100,99904,100,,,99847,100,,,,,,,,,,,,,,,,,,,,,,,,
2019-06-28 09:30:00.000000005,100055,100,99962,100,100060,100,99913,100,100122,100,99904,100,100128,100,99847,100,,,,,,,,,,,,,,,,,,,,,,,,
2019-06-28 09:30:00.000000011,100055,100,99962,100,100060,100,99931,100,100122,100,99913,100,100128,100,99904,100,,,99889,100,,,99847,100,,,,,,,,,,,,,,,,
2019-06-28 09:30:00.000000013,100055,100,100048,100,100060,100,99962,100,100122,100,99931,100,100128,100,99913,100,,,99904,100,,,99889,100,,,99847,100,,,,,,,,,,,,
2019-06-28 09:30:00.000000014,100055,100,100029,100,100060,100,99962,100,100122,100,99931,100,100128,100,99913,100,,,99904,100,,,99889,100,,,99847,100,,,,,,,,,,,,
2019-06-28 09:30:00.000000016,100055,100,100029,100,100060,100,100013,100,100122,100,99962,100,100128,100,99931,100,,,99913,100,,,99904,100,,,99889,100,,,99847,100,,,,,,,,
2019-06-28 09:30:00.000000018,100055,100,100029,100,100060,100,100013,100,100122,100,99993,100,100128,100,99962,100,,,99931,100,,,99913,100,,,99904,100,,,99889,100,,,99847,100,,,,
2019-06-28 09:30:00.000000019,100055,100,100013,100,100060,100,99993,100,100112,100,99962,100,100122,100,99931,100,100128,100,99913,100,,,99904,100,,,99889,100,,,99847,100,,,,,,,,
2019-06-28 09:30:00.000000021,100048,100,100013,100,100055,100,99993,100,100060,100,99962,100,100071,100,99931,100,100112,100,99913,100,100122,100,99904,100,100128,100,99889,100,,,99847,100,,,,,,,,
2019-06-28 09:30:00.000000023,100048,100,100013,100,100055,100,99993,100,100060,100,99962,100,100071,100,99931,100,100112,100,99913,100,100122,100,99904,100,100128,100,99890,100,,,99889,100,,,99847,100,,,,
2019-06-28 09:30:00.000000027,100048,100,100029,100,100055,100,100013,100,100060,100,99993,100,100071,100,99962,100,100112,100,99931,100,100122,100,99913,100,100128,100,99904,100,100164,100,99890,100,,,99889,100,,,99847,100
2019-06-28 09:30:00.000000028,100048,100,100029,100,100055,100,100013,100,100060,100,99993,100,100071,100,99962,100,100112,100,99931,100,100122,100,99913,100,100128,100,99906,100,100164,100,99904,100,,,99890,100,,,99889,100
2019-06-28 09:30:00.000000032,100048,100,100029,100,100055,100,100013,100,100060,100,99993,100,100071,100,99962,100,100112,100,99931,100,100122,100,99913,100,100128,100,99906,100,100164,100,99904,100,,,99890,100,,,99889,100
2019-06-28 09:30:00.000000033,100048,100,100029,200,100055,100,100013,100,100060,100,99993,100,100071,100,99962,100,100112,100,99931,100,100122,100,99913,100,100128,100,99906,100,100164,100,99904,100,,,99890,100,,,99889,100
2019-06-28 09:30:00.000000035,100048,100,100029,200,100055,100,100013,100,100060,100,99993,100,100071,100,99984,100,100112,100,99962,100,100122,100,99931,100,100128,100,99913,100,100164,100,99906,100,,,99904,100,,,99890,100
2019-06-28 09:30:00.000000036,100041,100,100029,200,100048,100,100013,100,100055,100,99993,100,100060,100,99984,100,100071,100,99962,100,100112,100,99931,100,100122,100,99913,100,100128,100,99906,100,100164,100,99904,100,,,99890,100
2019-06-28 09:30:00.000000041,100041,100,100029,100,100048,100,100013,100,100055,100,99993,100,100060,100,99984,100,100071,100,99962,100,100112,100,99931,100,100122,100,99913,100,100128,100,99906,100,100164,100,99904,100,100215,100,99890,100
2019-06-28 09:30:00.000000043,100041,100,100013,100,100048,100,99993,100,100055,100,99984,100,100060,100,99962,100,100071,100,99931,100,100107,100,99913,100,100112,100,99906,100,100122,100,99904,100,100128,100,99890,100,100164,100,99889,100
2019-06-28 09:30:00.000000046,100041,100,99993,100,100048,100,99984,100,100055,100,99962,100,100060,100,99931,100,100071,100,99913,100,100107,100,99906,100,100112,100,99904,100,100122,100,99890,100,100128,100,99889,100,100164,100,99886,100
2019-06-28 09:30:00.000000048,100029,100,99993,100,100041,100,99984,100,100048,100,99962,100,100055,100,99931,100,100060,100,99913,100,100071,100,99906,100,100107,100,99904,100,100112,100,99890,100,100122,100,99889,100,100128,100,99886,100
2019-06-28 09:30:00.000000051,100029,100,99993,100,100041,100,99984,100,100048,100,99962,100,100050,100,99931,100,100055,100,99913,100,100060,100,99906,100,100071,100,99904,100,100107,100,99890,100,100112,100,99889,100,100122,100,99886,100
2019-06-28 09:30:00.000000055,100029,100,99993,100,100041,100,99984,100,100048,100,99962,100,100050,100,99931,100,100055,100,99913,100,100060,100,99906,100,100071,100,99904,100,100107,100,99890,100,100112,100,99889,100,100122,100,99886,100
2019-06-28 09:30:00.000000056,100029,100,99993,100,100041,100,99984,100,100048,100,99962,100,100050,100,99931,100,100055,100,99913,100,100060,100,99906,100,100071,100,99904,100,100107,100,99890,100,100112,100,99889,100,100122,100,99886,100
2019-06-28 09:30:00.000000058,100029,200,99993,100,100041,100,99984,100,100048,100,99962,100,100050,100,99931,100,100055,100,99913,100,100060,100,99906,100,100071,100,99904,100,100107,100,99890,100,100112,100,99889,100,100122,100,99886,100
2019-06-28 09:30:00.000000061,100029,200,99984,100,100041,100,99962,100,100048,100,99931,100,100050,100,99913,100,100055,100,99906,100,100060,100,99904,100,100071,100,99890,100,100107,100,99889,100,100112,100,99886,100,100122,100,99847,100
2019-06-28 09:30:00.000000062,100029,200,99984,100,100041,100,99979,100,100048,100,99962,100,100050,100,99931,100,100055,100,99913,100,100060,100,99906,100,100071,100,99904,100,100107,100,99890,100,100112,100,99889,100,100122,100,99886,100
2019-06-28 09:30:00.000000063,100029,200,99984,100,100041,100,99979,100,100048,100,99962,100,100050,100,99931,100,100055,100,99913,100,100060,100,99906,100,100071,100,99904,100,100085,100,99890,100,100107,100,99889,100,100112,100,99886,100
2019-06-28 09:30:00.000000064,100029,200,99984,100,100041,100,99979,100,100048,100,99962,100,100050,100,99931,100,100053,100,99913,100,100055,100,99906,100,100060,100,99904,100,100071,100,99890,100,100085,100,99889,100,100107,100,99886,100
2019-06-28 09:30:00.000000067,100029,200,100001,100,100041,100,99984,100,100044,100,99979,100,100048,100,99962,100,100050,100,99931,100,100053,100,99913,100,100055,100,99906,100,100060,100,99904,100,100071,100,99890,100,100085,100,99889,100
2019-06-28 09:30:00.000000068,100029,200,100001,100,100041,100,99984,100,100044,100,99979,100,100048,100,99962,100,100050,100,99931,100,100053,100,99913,100,100055,100,99906,100,100060,100,99904,100,100071,100,99890,100,100085,100,99889,100
2019-06-28 09:30:00.000000069,100028,100,100001,100,100029,200,99984,100,100041,100,99979,100,100044,100,99962,100,100048,100,99931,100,100050,100,99913,100,100053,100,99906,100,100055,100,99904,100,100060,100,99890,100,100071,100,99889,100
2019-06-28 09:30:00.000000071,100028,100,100023,100,100029,200,100001,100,100041,100,99984,100,100044,100,99979,100,100048,100,99962,100,100050,100,99931,100,100053,100,99913,100,100055,100,99906,100,100060,100,99904,100,100071,100,99890,100
2019-06-28 09:30:00.000000072,100028,100,100023,100,100029,200,100001,100,100041,100,99993,100,100044,100,99984,100,100048,100,99979,100,100050,100,99962,100,100053,100,99931,100,100055,100,99913,100,100060,100,99906,100,100071,100,99904,100
2019-06-28 09:30:00.000000073,100028,100,100023,100,100029,200,100001,100,100041,100,99993,100,100044,100,99984,100,100048,100,99979,100,100050,100,99962,100,100053,100,99960,100,100055,100,99949,100,100060,100,99931,100,100071,100,99913,100
2019-06-28 09:30:00.000000074,100028,100,100001,100,100029,200,99993,100,100041,100,99984,100,100044,100,99979,100,100048,100,99962,100,100050,100,99960,100,100053,100,99949,100,100055,100,99931,100,100060,100,99913,100,100071,100,99906,100
2019-06-28 09:30:00.000000075,100028,100,100001,100,100029,200,99993,100,100041,100,99984,100,100044,100,99979,100,100048,100,99962,100,100050,100,99960,100,100053,100,99949,100,100055,100,99931,100,100060,200,99913,100,100071,100,99906,100
2019-06-28 09:30:00.000000077,100028,100,100001,100,100029,200,99993,100,100041,100,99984,100,100044,100,99979,100,100048,100,99962,100,100050,100,99961,100,100053,100,99960,100,100055,100,99949,100,100060,200,99931,100,100071,100,99913,100
2019-06-28 09:30:00.000000078,100028,100,100001,100,100029,200,99993,100,100041,100,99984,100,100044,100,99979,100,100048,100,99962,100,100050,100,99961,100,100053,100,99960,100,100055,100,99949,100,100060,200,99931,100,100071,100,99913,100
2019-06-28 09:30:00.000000079,100028,100,100001,100,100029,200,99993,100,100041,100,99984,100,100044,100,99979,100,100048,100,99962,100,100050,100,99961,100,100053,100,99960,100,100055,100,99949,100,100060,200,99931,100,100071,100,99913,100
2019-06-28 09:30:00.000000084,100028,100,100001,100,100029,200,99993,100,100041,100,99984,100,100044,100,99979,100,100048,100,99962,100,100050,100,99961,100,100053,100,99960,100,100055,100,99949,100,100060,200,99931,100,100071,100,99920,100
2019-06-28 09:30:00.000000093,100028,100,100001,100,100029,200,99993,100,100041,100,99984,100,100044,100,99979,100,100048,100,99974,100,100050,100,99962,100,100053,100,99961,100,100055,100,99960,100,100060,200,99949,100,100071,100,99931,100
2019-06-28 09:30:00.000000094,100028,100,100001,100,100029,200,99993,100,100041,100,99984,100,100044,100,99979,100,100048,100,99974,100,100050,200,99962,100,100053,100,99961,100,100055,100,99960,100,100060,200,99949,100,100071,100,99931,100
2019-06-28 09:30:00.000000096,100028,100,100001,100,100029,200,99993,100,100041,100,99984,100,100044,100,99979,100,100048,100,99974,100,100050,200,99962,100,100053,100,99961,100,100055,100,99960,100,100060,200,99949,100,100071,100,99931,100
2019-06-28 09:30:00.000000097,100028,100,100009,100,100029,200,100001,100,100041,100,99993,100,100044,100,99984,100,100048,100,99979,100,100050,200,99974,100,100053,100,99962,100,100055,100,99961,100,100060,200,99960,100,100071,100,99949,100
2019-06-28 09:30:10.000000000,100028,206,100009,206,100029,306,100001,206,100041,206,99993,206,100044,206,99984,206,100048,100,99979,100,100050,200,99974,100,100053,100,99962,100,100055,100,99961,100,100060,200,99960,100,100071,100,99949,100
2019-06-28 09:30:20.000000000,100028,524,100009,524,100029,200,100001,100,100041,100,99993,100,100044,100,99984,100,100048,100,99979,100,100050,200,99974,100,100053,100,99962,100,100055,100,99961,100,100060,200,99960,100,100071,100,99949,100
2019-06-28 09:30:27.988883071,100028,424,100009,524,100029,200,100001,100,100041,100,99993,100,100044,100,99984,100,100048,100,99979,100,100050,200,99974,100,100053,100,99962,100,100055,100,99961,100,100060,200,99960,100,100071,100,99949,100
2019-06-28 09:30:29.238364540,100028,324,100009,524,100029,200,100001,100,100041,100,99993,100,100044,100,99984,100,100048,100,99979,100,100050,200,99962,100,100053,100,99961,100,100055,100,99960,100,100060,200,99949,100,100071,100,99931,100
2019-06-28 09:30:30.000000000,100029,412,100009,312,100041,312,100001,312,100044,100,99993,100,100048,100,99984,100,100050,200,99979,100,100053,100,99962,100,100055,100,99961,100,100060,200,99960,100,100071,100,99949,100,100085,100,99931,100
2019-06-28 09:30:40.000000000,100029,412,100009,312,100041,312,100001,312,100044,100,99993,100,100048,100,99984,100,100050,200,99979,100,100053,100,99962,100,100055,100,99961,100,100060,200,99960,100,100071,100,99949,100,100085,100,99931,100
2019-06-28 09:30:44.448420536,100029,412,100028,100,100041,312,100009,312,100044,100,100001,312,100048,100,99993,100,100050,200,99984,100,100053,100,99979,100,100055,100,99962,100,100060,200,99961,100,100071,100,99960,100,100085,100,99949,100
2019-06-28 09:30:50.000000000,100029,624,100028,524,100041,100,100009,100,100044,100,100001,100,100048,100,99993,100,100050,200,99984,100,100053,100,99979,100,100055,100,99962,100,100060,200,99961,100,100071,100,99960,100,100085,100,99949,100
2019-06-28 09:30:57.387986356,100029,624,100028,624,100041,100,100009,100,100044,100,100001,100,100048,100,99993,100,100050,200,99984,100,100053,100,99979,100,100055,100,99962,100,100060,200,99961,100,100071,100,99960,100,100085,100,99949,100
2019-06-28 09:31:00.000000000,100029,412,100028,412,100041,312,100009,312,100044,100,100001,100,100048,100,99993,100,100050,200,99984,100,100053,100,99979,100,100055,100,99962,100,100060,200,99961,100,100071,100,99960,100,100085,100,99949,100
2019-06-28 09:31:02.810693440,100029,412,100028,512,100041,312,100009,312,100044,100,100001,100,100048,100,99993,100,100050,200,99984,100,100053,100,99979,100,100055,100,99962,100,100060,200,99961,100,100071,100,99960,100,100085,100,99949,100
2019-06-28 09:31:10.000000000,100029,306,100028,406,100041,206,100009,206,100044,206,100001,206,100048,206,99993,206,100050,200,99984,100,100053,100,99979,100,100055,100,99962,100,100060,200,99961,100,100071,100,99960,100,100085,100,99949,100
2019-06-28 09:31:20.000000000,100029,624,100028,724,100041,100,100009,100,100044,100,100001,100,100048,100,99993,100,100050,200,99984,100,100053,100,99979,100,100055,100,99962,100,100060,200,99961,100,100071,100,99960,100,100085,100,99949,100
2019-06-28 09:31:30.000000000,100029,412,100028,512,100041,312,100009,312,100044,100,100001,100,100048,100,99993,100,100050,200,99984,100,100053,100,99979,100,100055,100,99962,100,100060,200,99961,100,100071,100,99960,100,100085,100,99949,100
2019-06-28 09:31:40.000000000,100029,344,100028,444,100041,240,100009,240,100044,240,100001,240,100048,100,99993,100,100050,200,99984,100,100053,100,99979,100,100055,100,99962,100,100060,200,99961,100,100071,100,99960,100,100085,100,99949,100
2019-06-28 09:31:50.000000000,100029,624,100028,724,100041,100,100009,100,100044,100,100001,100,100048,100,99993,100,100050,200,99984,100,100053,100,99979,100,100055,100,99962,100,100060,200,99961,100,100071,100,99960,100,100085,100,99949,100
2019-06-28 09:31:50.220621238,100029,624,100028,724,100041,100,100009,100,100044,100,100001,100,100048,100,99993,100,100050,200,99984,100,100053,100,99979,100,100055,100,99961,100,100060,200,99960,100,100071,100,99949,100,100085,100,99931,100
2019-06-28 09:31:55.781914462,100029,624,100028,724,100041,100,100009,100,100044,100,100001,100,100048,100,99993,100,100050,200,99984,100,100053,100,99979,100,100055,100,99961,100,100060,200,99960,100,100071,100,99949,100,100085,100,99931,100
2019-06-28 09:32:00.000000000,100029,306,100028,406,100041,206,100009,206,100044,206,100001,206,100048,206,99993,206,100050,200,99984,100,100053,100,99979,100,100055,100,99961,100,100060,200,99960,100,100071,100,99949,100,100085,100,99931,100
2019-06-28 09:32:10.000000000,100029,285,100028,385,100041,185,100009,185,100044,185,100001,185,100048,185,99993,185,100050,285,99984,185,100053,100,99979,100,100055,100,99961,100,100060,200,99960,100,100071,100,99949,100,100085,100,99931,100
2019-06-28 09:32:12.560711776,100029,285,100028,385,100041,185,100009,185,100044,185,100001,185,100048,185,99993,185,100050,285,99984,185,100053,100,99979,100,100055,100,99961,100,100060,200,99960,100,100071,100,99949,100,100085,100,99931,100
2019-06-28 09:32:18.940731173,100029,285,100028,385,100041,185,100009,185,100044,185,100001,185,100048,185,99993,185,100050,285,99984,185,100053,100,99979,100,100055,100,99961,100,100060,200,99960,100,100071,100,99949,100,100085,100,99931,100
2019-06-28 09:32:20.000000000,100029,285,100028,385,100041,185,100009,185,100044,185,100001,185,100048,185,99993,185,100050,285,99984,185,100053,100,99979,100,100055,100,99961,100,100060,200,99960,100,100071,100,99949,100,100085,100,99931,100
2019-06-28 09:32:30.000000000,100029,624,100028,724,100041,100,100009,100,100044,100,100001,100,100048,100,99993,100,100050,200,99984,100,100053,100,99979,100,100055,100,99961,100,100060,200,99960,100,100071,100,99949,100,100085,100,99931,100
2019-06-28 09:32:40.000000000,100029,306,100028,406,100041,206,100009,206,100044,206,100001,206,100048,206,99993,206,100050,200,99984,100,100053,100,99979,100,100055,100,99961,100,100060,200,99960,100,100071,100,99949,100,100085,100,99931,100
2019-06-28 09:32:47.979446424,100029,306,100028,406,100041,206,100009,206,100044,206,100001,206,100048,206,99993,206,100050,200,99984,100,100053,100,99979,100,100055,100,99961,100,100060,200,99960,100,100071,100,99949,100,100085,100,99931,100
2019-06-28 09:32:50.000000000,100029,624,100028,724,100041,100,100009,100,100044,100,100001,100,100048,100,99993,100,100050,200,99984,100,100053,100,99979,100,100055,100,99961,100,100060,200,99960,100,100071,100,99949,100,100085,100,99931,100
2019-06-28 09:32:56.232500106,100029,624,100028,724,100041,100,100009,100,100044,100,100001,100,100048,100,99993,100,100050,200,99984,100,100053,100,99979,100,100055,100,99961,100,100060,200,99960,100,100071,100,99949,100,100085,100,99931,100
2019-06-28 09:33:00.000000000,100029,412,100028,512,100041,312,100009,312,100044,100,100001,100,100048,100,99993,100,100050,200,99984,100,100053,100,99979,100,100055,100,99961,100,100060,200,99960,100,100071,100,99949,100,100085,100,99931,100
2019-06-28 09:33:01.936415964,100029,312,100028,512,100041,312,100009,312,100044,100,100001,100,100048,100,99993,100,100050,200,99984,100,100053,100,99979,100,100055,100,99961,100,100060,200,99960,100,100071,100,99949,100,100085,100,99931,100
2019-06-28 09:33:04.947164666,100029,212,100028,512,100041,312,100009,312,100044,100,100001,100,100048,100,99993,100,100050,200,99984,100,100053,100,99979,100,100055,100,99961,100,100060,200,99960,100,100071,100,99949,100,100085,100,99931,100
2019-06-28 09:33:07.384814272,100029,212,100028,512,100041,312,100009,312,100044,100,100001,100,100048,100,99993,100,100050,200,99984,100,100053,100,99979,100,100055,100,99961,100,100060,200,99960,100,100071,100,99949,100,100085,100,99931,100
2019-06-28 09:33:10.000000000,100041,206,100028,406,100044,206,100009,206,100048,206,100001,206,100050,306,99993,206,100053,100,99984,100,100055,100,99979,100,100060,200,99961,100,100071,100,99960,100,100085,100,99949,100,100107,100,99931,100
2019-06-28 09:33:20.000000000,100041,524,100028,724,100044,100,100009,100,100048,100,100001,100,100050,200,99993,100,100053,100,99984,100,100055,100,99979,100,100060,200,99961,100,100071,100,99960,100,100085,100,99949,100,100107,100,99931,100
2019-06-28 09:33:30.000000000,100041,524,100028,724,100044,100,100009,100,100048,100,100001,100,100050,200,99993,100,100053,100,99984,100,100055,100,99979,100,100060,200,99961,100,100071,100,99960,100,100085,100,99949,100,100107,100,99931,100
2019-06-28 09:33:40.000000000,100041,524,100028,724,100044,100,100009,100,100048,100,100001,100,100050,200,99993,100,100053,100,99984,100,100055,100,99979,100,100060,200,99961,100,100071,100,99960,100,100085,100,99949,100,100107,100,99931,100
2019-06-28 09:33:42.512003990,100041,524,100028,724,100044,100,100009,100,100048,100,99993,100,100050,200,99984,100,100053,100,99979,100,100055,100,99961,100,100060,200,99960,100,100071,100,99949,100,100085,100,99931,100,100107,100,99920,100
2019-06-28 09:33:50.000000000,100041,312,100028,512,100044,312,100009,312,100048,100,99993,100,100050,200,99984,100,100053,100,99979,100,100055,100,99961,100,100060,200,99960,100,100071,100,99949,100,100085,100,99931,100,100107,100,99920,100
2019-06-28 09:33:54.722670226,100041,312,100028,412,100044,312,100009,312,100048,100,99993,100,100050,200,99984,100,100053,100,99979,100,100055,100,99961,100,100060,200,99960,100,100071,100,99949,100,100085,100,99931,100,100107,100,99920,100
2019-06-28 09:33:58.066328594,100029,100,100028,412,100041,312,100009,312,100044,312,99993,100,100048,100,99984,100,100050,200,99979,100,100053,100,99961,100,100055,100,99960,100,100060,200,99949,100,100071,100,99931,100,100085,100,99920,100
2019-06-28 09:34:00.000000000,100029,185,100028,285,100041,185,100009,185,100044,185,99993,185,100048,185,99984,185,100050,285,99979,185,100053,100,99961,100,100055,100,99960,100,100060,200,99949,100,100071,100,99931,100,100085,100,99920,100
2019-06-28 09:34:10.000000000,100029,185,100028,285,100041,185,100009,185,100044,185,99993,185,100048,185,99984,185,100050,285,99979,185,100053,100,99961,100,100055,100,99960,100,100060,200,99949,100,100071,100,99931,100,100085,100,99920,100
2019-06-28 09:34:19.031611943,100029,285,100028,285,100041,185,100009,185,100044,185,99993,185,100048,185,99984,185,100050,285,99979,185,100053,100,99961,100,100055,100,99960,100,100060,200,99949,100,100071,100,99931,100,100085,100,99920,100
2019-06-28 09:34:20.000000000,100029,285,100028,285,100041,185,100009,185,100044,185,99993,185,100048,185,99984,185,100050,285,99979,185,100053,100,99961,100,100055,100,99960,100,100060,200,99949,100,100071,100,99931,100,100085,100,99920,100
2019-06-28 09:34:30.000000000,100029,624,100028,624,100041,100,100009,100,100044,100,99993,100,100048,100,99984,100,100050,200,99979,100,100053,100,99961,100,100055,100,99960,100,100060,200,99949,100,100071,100,99931,100,100085,100,99920,100
2019-06-28 09:34:39.691507479,100029,624,100028,624,100041,100,100009,100,100044,100,99993,100,100048,100,99984,100,100050,200,99979,100,100053,100,99961,100,100055,100,99960,100,100060,200,99949,100,100071,100,99931,100,100085,100,99920,100
2019-06-28 09:34:40.000000000,100029,285,100028,285,100041,185,100009,185,100044,185,99993,185,100048,185,99984,185,100050,285,99979,185,100053,100,99961,100,100055,100,99960,100,100060,200,99949,100,100071,100,99931,100,100085,100,99920,100
2019-06-28 09:34:50.000000000,100029,624,100028,624,100041,100,100009,100,100044,100,99993,100,100048,100,99984,100,100050,200,99979,100,100053,100,99961,100,100055,100,99960,100,100060,200,99949,100,100071,100,99931,100,100085,100,99920,100
2019-06-28 09:35:00.000000000,100029,306,100028,306,100041,206,100009,206,100044,206,99993,206,100048,206,99984,206,100050,200,99979,100,100053,100,99961,100,100055,100,99960,100,100060,200,99949,100,100071,100,99931,100,100085,100,99920,100
2019-06-28 09:35:10.000000000,100029,344,100028,344,100041,240,100009,240,100044,240,99993,240,100048,100,99984,100,100050,200,99979,100,100053,100,99961,100,100055,100,99960,100,100060,200,99949,100,100071,100,99931,100,100085,100,99920,100
2019-06-28 09:35:20.000000000,100029,285,100028,285,100041,185,100009,185,100044,185,99993,185,100048,185,99984,185,100050,285,99979,185,100053,100,99961,100,100055,100,99960,100,100060,200,99949,100,100071,100,99931,100,100085,100,99920,100
2019-06-28 09:35:30.000000000,100029,344,100028,344,100041,240,100009,240,100044,240,99993,240,100048,100,99984,100,100050,200,99979,100,100053,100,99961,100,100055,100,99960,100,100060,200,99949,100,100071,100,99931,100,100085,100,99920,100
2019-06-28 09:35:40.000000000,100029,306,100028,306,100041,206,100009,206,100044,206,99993,206,100048,206,99984,206,100050,200,99979,100,100053,100,99961,100,100055,100,99960,100,100060,200,99949,100,100071,100,99931,100,100085,100,99920,100
2019-06-28 09:35:43.668428889,100029,306,100028,306,100041,206,100009,206,100044,206,99993,206,100048,206,99984,206,100050,200,99979,100,100053,100,99961,100,100055,100,99960,100,100060,200,99931,100,100071,100,99920,100,100085,100,99906,100
2019-06-28 09:35:50.000000000,100029,412,100028,412,100041,312,100009,312,100044,100,99993,100,100048,100,99984,100,100050,200,99979,100,100053,100,99961,100,100055,100,99960,100,100060,200,99931,100,100071,100,99920,100,100085,100,99906,100
2019-06-28 09:35:53.733173531,100029,412,100028,412,100041,212,100009,312,100044,100,99993,100,100048,100,99984,100,100050,200,99979,100,100053,100,99961,100,100055,100,99960,100,100060,200,99931,100,100071,100,99920,100,100085,100,99906,100
2019-06-28 09:36:00.000000000,100029,285,100028,285,100044,185,100009,185,100048,185,99993,185,100050,285,99984,185,100053,185,99979,185,100055,100,99961,100,100060,200,99960,100,100071,100,99931,100,100085,100,99920,100,100122,100,99906,100
2019-06-28 09:36:04.925487925,100029,285,100028,285,100044,185,100009,185,100048,185,99993,185,100050,285,99984,185,100053,185,99979,185,100055,100,99961,100,100060,200,99960,100,100071,100,99931,100,100085,100,99920,100,100122,100,99906,100
2019-06-28 09:36:05.487780450,100029,285,100028,185,100044,185,100009,185,100048,185,99993,185,100050,285,99984,185,100053,185,99979,185,100055,100,99961,100,100060,200,99960,100,100071,100,99931,100,100085,100,99920,100,100122,100,99906,100
2019-06-28 09:36:10.000000000,100029,624,100028,524,100044,100,100009,100,100048,100,99993,100,100050,200,99984,100,100053,100,99979,100,100055,100,99961,100,100060,200,99960,100,100071,100,99931,100,100085,100,99920,100,100122,100,99906,100
2019-06-28 09:36:20.000000000,100029,285,100028,185,100044,185,100009,185,100048,185,99993,185,100050,285,99984,185,100053,185,99979,185,100055,100,99961,100,100060,200,99960,100,100071,100,99931,100,100085,100,99920,100,100122,100,99906,100
2019-06-28 09:36:22.434039623,100029,285,100028,85,100044,185,100009,185,100048,185,99993,185,100050,285,99984,185,100053,185,99979,185,100055,100,99961,100,100060,200,99960,100,100071,100,99931,100,100085,100,99920,100,100122,100,99906,100
2019-06-28 09:36:30.000000000,100029,344,100009,244,100044,240,99993,240,100048,240,99984,240,100050,200,99979,100,100053,100,99961,100,100055,100,99960,100,100060,200,99931,100,100071,100,99920,100,100085,100,99906,100,100122,100,99904,100
2019-06-28 09:36:40.000000000,100029,306,100009,206,100044,206,99993,206,100048,206,99984,206,100050,306,99979,206,100053,100,99961,100,100055,100,99960,100,100060,200,99931,100,100071,100,99920,100,100085,100,99906,100,100122,100,99904,100
2019-06-28 09:36:40.408504934,100029,206,100009,206,100044,206,99993,206,100048,206,99984,206,100050,306,99979,206,100053,100,99961,100,100055,100,99960,100,100060,200,99931,100,100071,100,99920,100,100085,100,99906,100,100122,100,99904,100
2019-06-28 09:36:50.000000000,100029,185,100009,185,100044,185,99993,185,100048,185,99984,185,100050,285,99979,185,100053,185,99961,185,100055,100,99960,100,100060,200,99931,100,100071,100,99920,100,100085,100,99906,100,100122,100,99904,100
2019-06-28 09:37:00.000000000,100029,206,100009,206,100044,206,99993,206,100048,206,99984,206,100050,306,99979,206,100053,100,99961,100,100055,100,99960,100,100060,200,99931,100,100071,100,99920,100,100085,100,99906,100,100122,100,99904,100
2019-06-28 09:37:05.423089454,100029,206,100009,206,100044,206,99993,206,100048,206,99984,206,100050,306,99979,206,100053,100,99961,100,100055,100,99960,100,100060,200,99931,100,100071,100,99920,100,100085,100,99906,100,100122,100,99904,100
2019-06-28 09:37:10.000000000,100029,244,100009,244,100044,240,99993,240,100048,240,99984,240,100050,200,99979,100,100053,100,99961,100,100055,100,99960,100,100060,200,99931,100,100071,100,99920,100,100085,100,99906,100,100122,100,99904,100
2019-06-28 09:37:18.187914978,100029,244,100009,244,100044,240,99993,240,100048,240,99984,240,100050,200,99979,100,100053,100,99961,100,100055,100,99960,100,100060,200,99931,100,100071,100,99920,100,100085,100,99906,100,100122,100,99904,100
2019-06-28 09:37:20.000000000,100029,524,100009,524,100044,100,99993,100,100048,100,99984,100,100050,200,99979,100,100053,100,99961,100,100055,100,99960,100,100060,200,99931,100,100071,100,99920,100,100085,100,99906,100,100122,100,99904,100
2019-06-28 09:37:25.151285896,100029,524,100009,524,100044,100,99993,100,100048,100,99984,100,100050,200,99979,100,100053,100,99961,100,100055,100,99931,100,100060,200,99920,100,100071,100,99906,100,100085,100,99904,100,100122,100,99890,100
2019-06-28 09:37:25.851318425,100029,424,100009,524,100044,100,99993,100,100048,100,99984,100,100050,200,99979,100,100053,100,99961,100,100055,100,99931,100,100060,200,99920,100,100071,100,99906,100,100085,100,99904,100,100122,100,99890,100
2019-06-28 09:37:30.000000000,100044,244,100009,244,100048,240,99993,240,100050,340,99984,240,100053,100,99979,100,100055,100,99961,100,100060,200,99931,100,100071,100,99920,100,100085,100,99906,100,100122,100,99904,100,100133,100,99890,100
2019-06-28 09:37:40.000000000,100044,206,100009,206,100048,206,99993,206,100050,306,99984,206,100053,206,99979,206,100055,100,99961,100,100060,200,99931,100,100071,100,99920,100,100085,100,99906,100,100122,100,99904,100,100133,100,99890,100
2019-06-28 09:37:50.000000000,100044,524,100009,524,100048,100,99993,100,100050,200,99984,100,100053,100,99979,100,100055,100,99961,100,100060,200,99931,100,100071,100,99920,100,100085,100,99906,100,100122,100,99904,100,100133,100,99890,100
2019-06-28 09:37:58.834580067,100044,524,100009,424,100048,100,99993,100,100050,200,99984,100,100053,100,99979,100,100055,100,99961,100,100060,200,99931,100,100071,100,99920,100,100085,100,99906,100,100133,100,99904,100,100148,100,99890,100
2019-06-28 09:38:00.000000000,100044,244,99993,244,100048,240,99984,240,100050,340,99979,240,100053,100,99961,100,100055,100,99931,100,100060,200,99920,100,100071,100,99906,100,100085,100,99904,100,100133,100,99890,100,100148,100,99886,100
2019-06-28 09:38:04.035194940,100044,244,99993,144,100048,240,99984,240,100050,340,99979,240,100053,100,99961,100,100055,100,99931,100,100060,200,99920,100,100071,100,99906,100,100085,100,99904,100,100133,100,99890,100,100148,100,99886,100
2019-06-28 09:38:10.000000000,100044,206,99984,206,100048,206,99979,206,100050,306,99961,206,100053,206,99931,206,100055,100,99920,100,100060,200,99906,100,100071,100,99904,100,100085,100,99890,100,100133,100,99886,100,100148,100,99879,100
2019-06-28 09:38:11.817873577,100044,206,99984,206,100048,206,99979,206,100050,306,99961,206,100053,206,99931,206,100055,100,99920,100,100060,200,99906,100,100071,100,99890,100,100085,100,99886,100,100133,100,99879,100,100148,100,99867,100
2019-06-28 09:38:15.355862888,100044,206,99984,206,100048,206,99979,206,100050,206,99961,206,100053,206,99931,206,100055,100,99920,100,100060,200,99906,100,100071,100,99890,100,100085,100,99886,100,100133,100,99879,100,100148,100,99867,100
2019-06-28 09:38:18.178586791,100044,106,99984,206,100048,206,99979,206,100050,206,99961,206,100053,206,99931,206,100055,100,99920,100,100060,200,99906,100,100071,100,99890,100,100085,100,99886,100,100133,100,99879,100,100148,100,99867,100
2019-06-28 09:38:19.478127491,100044,106,99984,106,100048,206,99979,206,100050,206,99961,206,100053,206,99931,206,100055,100,99920,100,100060,200,99906,100,100071,100,99890,100,100085,100,99886,100,100133,100,99879,100,100148,100,99867,100
2019-06-28 09:38:20.000000000,100048,185,99979,185,100050,185,99961,185,100053,185,99931,185,100055,185,99920,185,100060,285,99906,185,100071,100,99890,100,100085,100,99886,100,100133,100,99879,100,100148,100,99867,100,100150,100,99863,100
2019-06-28 09:38:21.299497041,99993,100,99979,185,100048,185,99961,185,100050,185,99931,185,100053,185,99920,185,100055,185,99906,185,100060,285,99890,100,100071,100,99886,100,100085,100,99879,100,100133,100,99867,100,100148,100,99863,100
2019-06-28 09:38:30.000000000,99993,312,99979,312,100048,312,99961,312,100050,100,99931,100,100053,100,99920,100,100055,100,99906,100,100060,200,99890,100,100071,100,99886,100,100085,100,99879,100,100133,100,99867,100,100148,100,99863,100
2019-06-28 09:38:39.779534042,99993,312,99979,312,100048,312,99961,312,100050,100,99931,100,100053,100,99920,100,100055,100,99906,100,100060,200,99890,100,100071,100,99886,100,100085,100,99879,100,100133,100,99867,100,100148,100,99863,100
2019-06-28 09:38:40.000000000,99993,206,99979,206,100048,206,99961,206,100050,206,99931,206,100053,206,99920,206,100055,100,99906,100,100060,200,99890,100,100071,100,99886,100,100085,100,99879,100,100133,100,99867,100,100148,100,99863,100
2019-06-28 09:38:50.000000000,99993,244,99979,244,100048,240,99961,240,100050,240,99931,240,100053,100,99920,100,100055,100,99906,100,100060,200,99890,100,100071,100,99886,100,100085,100,99879,100,100133,100,99867,100,100148,100,99863,100
2019-06-28 09:38:57.937545354,99993,244,99979,144,100048,240,99961,240,100050,240,99931,240,100053,100,99920,100,100055,100,99906,100,100060,200,99890,100,100071,100,99886,100,100085,100,99879,100,100133,100,99867,100,100148,100,99863,100
2019-06-28 09:39:00.000000000,99993,244,99961,244,100048,240,99931,240,100050,240,99920,240,100053,100,99906,100,100055,100,99890,100,100060,200,99886,100,100071,100,99879,100,100085,100,99867,100,100133,100,99863,100,100148,100,99847,100
2019-06-28 09:39:10.000000000,99993,524,99961,524,100048,100,99931,100,100050,100,99920,100,100053,100,99906,100,100055,100,99890,100,100060,200,99886,100,100071,100,99879,100,100085,100,99867,100,100133,100,99863,100,100148,100,99847,100
2019-06-28 09:39:20.000000000,99993,244,99961,244,100048,240,99931,240,100050,240,99920,240,100053,100,99906,100,100055,100,99890,100,100060,200,99886,100,100071,100,99879,100,100085,100,99867,100,100133,100,99863,100,100148,100,99847,100
2019-06-28 09:39:27.793171292,99993,244,99961,244,100048,240,99931,240,100050,240,99920,240,100053,100,99906,100,100055,100,99890,100,100060,200,99886,100,100071,100,99879,100,100085,100,99867,100,100133,100,99863,100,100148,100,99847,100
2019-06-28 09:39:30.000000000,99993,206,99961,206,100048,206,99931,206,100050,206,99920,206,100053,206,99906,206,100055,100,99890,100,100060,200,99886,100,100071,100,99879,100,100085,100,99867,100,100133,100,99863,100,100148,100,99847,100
2019-06-28 09:39:40.000000000,99993,185,99961,185,100048,185,99931,185,100050,185,99920,185,100053,185,99906,185,100055,185,99890,185,100060,200,99886,100,100071,100,99879,100,100085,100,99867,100,100133,100,99863,100,100148,100,99847,100
2019-06-28 09:39:50.000000000,99993,312,99961,312,100048,312,99931,312,100050,100,99920,100,100053,100,99906,100,100055,100,99890,100,100060,200,99886,100,100071,100,99879,100,100085,100,99867,100,100133,100,99863,100,100148,100,99847,100
2019-06-28 09:39:51.427561380,99993,312,99961,312,100048,312,99931,312,100050,100,99920,100,100053,100,99906,100,100055,100,99890,100,100060,200,99886,100,100071,100,99879,100,100085,100,99867,100,100133,100,99863,100,100148,100,99847,100
2019-06-28 09:39:54.463089895,99993,312,99961,312,100048,312,99931,312,100050,100,99920,100,100053,100,99906,100,100055,100,99890,100,100060,100,99886,100,100071,100,99879,100,100085,100,99867,100,100133,100,99863,100,100148,100,99847,100
2019-06-28 09:40:00.000000000,99993,312,99961,312,100048,312,99931,312,100050,100,99920,100,100053,100,99906,100,100055,100,99890,100,100060,100,99886,100,100071,100,99879,100,100085,100,99867,100,100133,100,99863,100,100148,100,99847,100
2019-06-28 09:40:09.760682457,99993,312,99961,212,100048,312,99931,312,100050,100,99920,100,100053,100,99906,100,100055,100,99890,100,100060,100,99886,100,100071,100,99879,100,100085,100,99867,100,100133,100,99863,100,100148,100,99847,100
2019-06-28 09:40:10.000000000,99993,524,99931,524,100048,100,99920,100,100050,100,99906,100,100053,100,99890,100,100055,100,99886,100,100060,100,99879,100,100071,100,99867,100,100085,100,99863,100,100133,100,99847,100,100148,100,99824,100
2019-06-28 09:40:11.057287131,99993,524,99931,524,100048,100,99920,100,100050,100,99906,100,100053,100,99890,100,100055,100,99886,100,100060,100,99879,100,100071,100,99867,100,100085,100,99863,100,100133,100,99847,100,100148,100,99824,100
2019-06-28 09:40:20.000000000,99993,524,99931,524,100048,100,99920,100,100050,100,99906,100,100053,100,99890,100,100055,100,99886,100,100060,100,99879,100,100071,100,99867,100,100085,100,99863,100,100133,100,99847,100,100148,100,99824,100
2019-06-28 09:40:26.783017439,99979,100,99931,524,99993,524,99920,100,100048,100,99906,100,100050,100,99890,100,100053,100,99886,100,100055,100,99879,100,100060,100,99867,100,100071,100,99863,100,100085,100,99847,100,100133,100,99824,100
2019-06-28 09:40:30.000000000,99979,312,99931,312,99993,312,99920,312,100048,100,99906,100,100050,100,99890,100,100053,100,99886,100,100055,100,99879,100,100060,100,99867,100,100071,100,99863,100,100085,100,99847,100,100133,100,99824,100
2019-06-28 09:40:39.644864235,99979,312,99931,312,99993,312,99920,312,100048,100,99906,100,100050,100,99890,100,100053,100,99886,100,100055,100,99879,100,100060,100,99867,100,100071,100,99863,100,100085,100,99847,100,100102,100,99824,100
2019-06-28 09:40:40.000000000,99979,185,99931,185,99993,185,99920,185,100048,185,99906,185,100050,185,99890,185,100053,185,99886,185,100055,100,99879,100,100060,100,99867,100,100071,100,99863,100,100085,100,99847,100,100102,100,99824,100
2019-06-28 09:40:43.389758800,99979,185,99931,185,99993,185,99920,185,100048,185,99906,185,100050,185,99890,185,100053,185,99886,85,100055,100,99879,100,100060,100,99867,100,100071,100,99863,100,100085,100,99847,100,100102,100,99824,100
2019-06-28 09:40:50.000000000,99979,206,99931,206,99993,206,99920,206,100048,206,99906,206,100050,206,99890,206,100053,100,99879,100,100055,100,99867,100,100060,100,99863,100,100071,100,99847,100,100085,100,99824,100,100102,100,99740,100
2019-06-28 09:41:00.000000000,99979,206,99931,206,99993,206,99920,206,100048,206,99906,206,100050,206,99890,206,100053,100,99879,100,100055,100,99867,100,100060,100,99863,100,100071,100,99847,100,100085,100,99824,100,100102,100,99740,100
2019-06-28 09:41:10.000000000,99979,312,99931,312,99993,312,99920,312,100048,100,99906,100,100050,100,99890,100,100053,100,99879,100,100055,100,99867,100,100060,100,99863,100,100071,100,99847,100,100085,100,99824,100,100102,100,99740,100
2019-06-28 09:41:20.000000000,99979,185,99931,185,99993,185,99920,185,100048,185,99906,185,100050,185,99890,185,100053,185,99879,185,100055,100,99867,100,100060,100,99863,100,100071,100,99847,100,100085,100,99824,100,100102,100,99740,100
2019-06-28 09:41:30.000000000,99979,244,99931,244,99993,240,99920,240,100048,240,99906,240,100050,100,99890,100,100053,100,99879,100,100055,100,99867,100,100060,100,99863,100,100071,100,99847,100,100085,100,99824,100,100102,100,99740,100
2019-06-28 09:41:36.205456450,99979,144,99931,244,99993,240,99920,240,100048,240,99906,240,100050,100,99890,100,100053,100,99879,100,100055,100,99867,100,100060,100,99863,100,100071,100,99847,100,100085,100,99824,100,100102,100,99740,100
2019-06-28 09:41:40.000000000,99993,185,99931,185,100048,185,99920,185,100050,185,99906,185,100053,185,99890,185,100055,185,99879,185,100060,100,99867,100,100071,100,99863,100,100085,100,99847,100,100102,100,99824,100,100114,100,99740,100
2019-06-28 09:41:50.000000000,99993,524,99931,524,100048,100,99920,100,100050,100,99906,100,100053,100,99890,100,100055,100,99879,100,100060,100,99867,100,100071,100,99863,100,100085,100,99847,100,100102,100,99824,100,100114,100,99740,100
2019-06-28 09:41:50.102962447,99993,524,99962,100,100048,100,99931,524,100050,100,99920,100,100053,100,99906,100,100055,100,99890,100,100060,100,99879,100,100071,100,99867,100,100085,100,99863,100,100102,100,99847,100,100114,100,99824,100
2019-06-28 09:41:53.706713322,99993,424,99962,100,100048,100,99931,524,100050,100,99920,100,100053,100,99906,100,100055,100,99890,100,100060,100,99879,100,100071,100,99867,100,100085,100,99863,100,100102,100,99847,100,100114,100,99824,100
2019-06-28 09:42:00.000000000,100048,524,99962,524,100050,100,99931,100,100053,100,99920,100,100055,100,99906,100,100060,100,99890,100,100071,100,99879,100,100085,100,99867,100,100102,100,99863,100,100114,100,99847,100,100148,100,99824,100
2019-06-28 09:42:10.000000000,100048,185,99962,185,100050,185,99931,185,100053,185,99920,185,100055,185,99906,185,100060,185,99890,185,100071,100,99879,100,100085,100,99867,100,100102,100,99863,100,100114,100,99847,100,100148,100,99824,100
2019-06-28 09:42:20.000000000,100048,312,99962,312,100050,312,99931,312,100053,100,99920,100,100055,100,99906,100,100060,100,99890,100,100071,100,99879,100,100085,100,99867,100,100102,100,99863,100,100114,100,99847,100,100148,100,99824,100
2019-06-28 09:42:24.220382508,100048,312,99962,312,100050,312,99931,312,100053,100,99920,100,100055,100,99906,100,100060,100,99890,100,100071,100,99879,100,100085,100,99867,100,100102,100,99863,100,100114,100,99847,100,100148,100,99824,100
2019-06-28 09:42:30.000000000,100048,206,99962,206,100050,206,99931,206,100053,206,99920,206,100055,206,99906,206,100060,100,99890,100,100071,100,99879,100,100085,100,99867,100,100102,100,99863,100,100114,100,99847,100,100148,100,99824,100
2019-06-28 09:42:35.572864699,99964,100,99962,206,100048,206,99931,206,100050,206,99920,206,100053,206,99906,206,100055,206,99890,100,100060,100,99879,100,100071,100,99867,100,100085,100,99863,100,100102,100,99847,100,100114,100,99824,100
2019-06-28 09:42:36.666370634,99964,100,99962,106,100048,206,99931,206,100050,206,99920,206,100053,206,99906,206,100055,206,99890,100,100060,100,99879,100,100071,100,99867,100,100085,100,99863,100,100102,100,99847,100,100114,100,99824,100
2019-06-28 09:42:37.080121370,99964,100,99962,106,100048,206,99931,206,100050,206,99920,206,100053,206,99906,206,100055,206,99890,100,100060,100,99879,100,100071,100,99867,100,100085,100,99863,100,100102,100,99847,100,100114,100,99824,100
2019-06-28 09:42:40.000000000,99964,312,99931,312,100048,312,99920,312,100050,100,99906,100,100053,100,99890,100,100055,100,99879,100,100060,100,99867,100,100071,100,99863,100,100085,100,99847,100,100102,100,99824,100,100114,100,99740,100
2019-06-28 09:42:43.307910836,99964,312,99931,312,100048,312,99920,312,100050,100,99906,100,100053,100,99890,100,100055,100,99867,100,100060,100,99863,100,100071,100,99847,100,100085,100,99824,100,100102,100,99740,100,100114,100,99716,100
2019-06-28 09:42:49.748499565,99964,212,99931,312,100048,312,99920,312,100050,100,99906,100,100053,100,99890,100,100055,100,99867,100,100060,100,99863,100,100071,100,99847,100,100085,100,99824,100,100102,100,99740,100,100114,100,99716,100
2019-06-28 09:42:50.000000000,100048,185,99931,185,100050,185,99920,185,100053,185,99906,185,100055,185,99890,185,100060,185,99867,185,100071,100,99863,100,100085,100,99847,100,100102,100,99824,100,100114,100,99740,100,100148,100,99716,100
2019-06-28 09:43:00.000000000,100048,524,99931,524,100050,100,99920,100,100053,100,99906,100,100055,100,99890,100,100060,100,99867,100,100071,100,99863,100,100085,100,99847,100,100102,100,99824,100,100114,100,99740,100,100148,100,99716,100
2019-06-28 09:43:10.000000000,100048,244,99931,244,100050,240,99920,240,100053,240,99906,240,100055,100,99890,100,100060,100,99867,100,100071,100,99863,100,100085,100,99847,100,100102,100,99824,100,100114,100,99740,100,100148,100,99716,100
2019-06-28 09:43:20.000000000,100048,185,99931,185,100050,185,99920,185,100053,185,99906,185,100055,185,99890,185,100060,185,99867,185,100071,100,99863,100,100085,100,99847,100,100102,100,99824,100,100114,100,99740,100,100148,100,99716,100
2019-06-28 09:43:30.000000000,100048,206,99931,206,100050,206,99920,206,100053,206,99906,206,100055,206,99890,206,100060,100,99867,100,100071,100,99863,100,100085,100,99847,100,100102,100,99824,100,100114,100,99740,100,100148,100,99716,100
2019-06-28 09:43:40.000000000,100048,206,99931,206,100050,206,99920,206,100053,206,99906,206,100055,206,99890,206,100060,100,99867,100,100071,100,99863,100,100085,100,99847,100,100102,100,99824,100,100114,100,99740,100,100148,100,99716,100
2019-06-28 09:43:50.000000000,100048,244,99931,244,100050,240,99920,240,100053,240,99906,240,100055,100,99890,100,100060,100,99867,100,100071,100,99863,100,100085,100,99847,100,100102,100,99824,100,100114,100,99740,100,100148,100,99716,100
2019-06-28 09:44:00.000000000,100048,244,99931,244,100050,240,99920,240,100053,240,99906,240,100055,100,99890,100,100060,100,99867,100,100071,100,99863,100,100085,100,99847,100,100102,100,99824,100,100114,100,99740,100,100148,100,99716,100
2019-06-28 09:44:06.771211111,100048,244,99964,100,100050,240,99931,144,100053,240,99920,240,100055,100,99906,240,100060,100,99890,100,100071,100,99867,100,100085,100,99863,100,100102,100,99847,100,100114,100,99824,100,100148,100,99740,100
2019-06-28 09:44:10.000000000,100048,524,99964,524,100050,100,99920,100,100053,100,99906,100,100055,100,99890,100,100060,100,99867,100,100071,100,99863,100,100085,100,99847,100,100102,100,99824,100,100114,100,99740,100,100148,100,99716,100
2019-06-28 09:44:16.900773710,100048,424,99964,524,100050,100,99920,100,100053,100,99906,100,100055,100,99890,100,100060,100,99867,100,100071,100,99863,100,100102,100,99847,100,100114,100,99824,100,100148,100,99740,100,100215,100,99716,100
2019-06-28 09:44:20.000000000,100050,185,99964,185,100053,185,99920,185,100055,185,99906,185,100060,185,99890,185,100071,185,99867,185,100102,100,99863,100,100114,100,99847,100,100148,100,99824,100,100215,100,99740,100,100255,100,99716,100
2019-06-28 09:44:23.659651015,100050,85,99964,185,100053,185,99920,185,100055,185,99906,185,100060,185,99890,185,100071,185,99867,185,100102,100,99863,100,100114,100,99847,100,100148,100,99824,100,100215,100,99740,100,100255,100,99716,100
2019-06-28 09:44:29.715755826,100050,85,99964,185,100053,185,99920,185,100055,185,99906,185,100060,185,99890,185,100071,185,99867,185,100102,100,99863,100,100114,100,99847,100,100148,100,99824,100,100215,100,99740,100,100255,100,99716,100
2019-06-28 09:44:30.000000000,100053,312,99964,312,100055,312,99920,312,100060,100,99906,100,100071,100,99890,100,100102,100,99867,100,100114,100,99863,100,100148,100,99847,100,100215,100,99824,100,100255,100,99740,100,100280,100,99716,100
2019-06-28 09:44:40.000000000,100053,206,99964,206,100055,206,99920,206,100060,206,99906,206,100071,206,99890,206,100102,100,99867,100,100114,100,99863,100,100148,100,99847,100,100215,100,99824,100,100255,100,99740,100,100280,100,99716,100
2019-06-28 09:44:50.000000000,100053,312,99964,312,100055,312,99920,312,100060,100,99906,100,100071,100,99890,100,100102,100,99867,100,100114,100,99863,100,100148,100,99847,100,100215,100,99824,100,100255,100,99740,100,100280,100,99716,100
2019-06-28 09:45:00.000000000,100053,206,99964,206,100055,206,99920,206,100060,206,99906,206,100071,206,99890,206,100102,100,99867,100,100114,100,99863,100,100148,100,99847,100,100215,100,99824,100,100255,100,99740,100,100280,100,99716,100
2019-06-28 09:45:10.000000000,100053,185,99964,185,100055,185,99920,185,100060,185,99906,185,100071,185,99890,185,100102,185,99867,185,100114,100,99863,100,100148,100,99847,100,100215,100,99824,100,100255,100,99740,100,100280,100,99716,100
2019-06-28 09:45:17.008355888,100053,185,100048,100,100055,185,99964,185,100060,185,99920,185,100071,185,99906,185,100102,185,99890,185,100114,100,99867,185,100148,100,99863,100,100215,100,99847,100,100255,100,99824,100,100280,100,99740,100
2019-06-28 09:45:19.931150234,100053,85,100048,100,100055,185,99964,185,100060,185,99920,185,100071,185,99906,185,100102,185,99890,185,100114,100,99867,185,100148,100,99863,100,100215,100,99847,100,100255,100,99824,100,100280,100,99740,100
2019-06-28 09:45:20.000000000,100055,206,100048,206,100060,206,99964,206,100071,206,99920,206,100102,206,99906,206,100114,100,99890,100,100148,100,99867,100,100215,100,99863,100,100255,100,99847,100,100280,100,99824,100,100316,100,99740,100
2019-06-28 09:45:30.000000000,100055,185,100048,185,100060,185,99964,185,100071,185,99920,185,100102,185,99906,185,100114,185,99890,185,100148,100,99867,100,100215,100,99863,100,100255,100,99847,100,100280,100,99824,100,100316,100,99740,100
2019-06-28 09:45:39.187573372,100055,85,100048,185,100060,185,99964,185,100071,185,99920,185,100102,185,99906,185,100114,185,99890,185,100148,100,99867,100,100215,100,99863,100,100255,100,99847,100,100280,100,99824,100,100316,100,99740,100
2019-06-28 09:45:40.000000000,100060,524,100048,524,100071,100,99964,100,100102,100,99920,100,100114,100,99906,100,100148,100,99890,100,100215,100,99867,100,100255,100,99863,100,100280,100,99847,100,100316,100,99824,100,100339,100,99740,100
2019-06-28 09:45:42.367245689,100060,424,100048,524,100071,100,99964,100,100102,100,99920,100,100114,100,99906,100,100148,100,99890,100,100215,100,99867,100,100255,100,99863,100,100280,100,99847,100,100316,100,99824,100,100339,100,99716,100
2019-06-28 09:45:44.399723987,100060,424,100048,524,100071,100,99964,100,100102,100,99920,100,100114,100,99906,100,100148,100,99890,100,100215,100,99867,100,100255,100,99863,100,100280,100,99847,100,100290,100,99716,100,100316,100,99679,100
2019-06-28 09:45:50.000000000,100071,524,100048,524,100102,100,99964,100,100114,100,99920,100,100148,100,99906,100,100215,100,99890,100,100255,100,99867,100,100280,100,99863,100,100290,100,99847,100,100316,100,99716,100,100339,100,99679,100
2019-06-28 09:45:54.175934417,100071,524,100048,524,100102,100,99964,100,100114,100,99920,100,100148,100,99906,100,100215,100,99890,100,100255,100,99863,100,100280,100,99847,100,100290,100,99716,100,100316,100,99679,100,100339,100,99659,100
2019-06-28 09:45:55.290184480,100071,524,100048,524,100102,100,99964,100,100114,100,99920,100,100148,100,99906,100,100215,100,99890,100,100255,100,99863,100,100280,100,99847,100,100316,100,99716,100,100339,100,99679,100,100346,100,99659,100
2019-06-28 09:46:00.000000000,100071,206,100048,206,100102,206,99964,206,100114,206,99920,206,100148,206,99906,206,100215,100,99890,100,100255,100,99863,100,100280,100,99847,100,100316,100,99716,100,100339,100,99679,100,100346,100,99659,100
2019-06-28 09:46:10.000000000,100071,524,100048,524,100102,100,99964,100,100114,100,99920,100,100148,100,99906,100,100215,100,99890,100,100255,100,99863,100,100280,100,99847,100,100316,100,99716,100,100339,100,99679,100,100346,100,99659,100
2019-06-28 09:46:20.000000000,100071,185,100048,185,100102,185,99964,185,100114,185,99920,185,100148,185,99906,185,100215,185,99890,185,100255,100,99863,100,100280,100,99847,100,100316,100,99716,100,100339,100,99679,100,100346,100,99659,100
2019-06-28 09:46:30.000000000,100071,244,100048,244,100102,240,99964,240,100114,240,99920,240,100148,100,99906,100,100215,100,99890,100,100255,100,99863,100,100280,100,99847,100,100316,100,99716,100,100339,100,99679,100,100346,100,99659,100
2019-06-28 09:46:40.000000000,100071,244,100048,244,100102,240,99964,240,100114,240,99920,240,100148,100,99906,100,100215,100,99890,100,100255,100,99863,100,100280,100,99847,100,100316,100,99716,100,100339,100,99679,100,100346,100,99659,100
2019-06-28 09:46:50.000000000,100071,312,100048,312,100102,312,99964,312,100114,100,99920,100,100148,100,99906,100,100215,100,99890,100,100255,100,99863,100,100280,100,99847,100,100316,100,99716,100,100339,100,99679,100,100346,100,99659,100
2019-06-28 09:47:00.000000000,100071,524,100048,524,100102,100,99964,100,100114,100,99920,100,100148,100,99906,100,100215,100,99890,100,100255,100,99863,100,100280,100,99847,100,100316,100,99716,100,100339,100,99679,100,100346,100,99659,100
2019-06-28 09:47:10.000000000,100071,524,100048,524,100102,100,99964,100,100114,100,99920,100,100148,100,99906,100,100215,100,99890,100,100255,100,99863,100,100280,100,99847,100,100316,100,99716,100,100339,100,99679,100,100346,100,99659,100
2019-06-28 09:47:12.261691897,100071,524,100048,524,100102,100,99964,100,100114,100,99920,100,100148,100,99906,100,100215,100,99890,100,100255,100,99871,100,100280,100,99863,100,100316,100,99847,100,100339,100,99716,100,100346,100,99679,100
2019-06-28 09:47:20.000000000,100071,312,100048,312,100102,312,99964,312,100114,100,99920,100,100148,100,99906,100,100215,100,99890,100,100255,100,99871,100,100280,100,99863,100,100316,100,99847,100,100339,100,99716,100,100346,100,99679,100
2019-06-28 09:47:30.000000000,100071,206,100048,206,100102,206,99964,206,100114,206,99920,206,100148,206,99906,206,100215,100,99890,100,100255,100,99871,100,100280,100,99863,100,100316,100,99847,100,100339,100,99716,100,100346,100,99679,100
2019-06-28 09:47:40.000000000,100071,185,100048,185,100102,185,99964,185,100114,185,99920,185,100148,185,99906,185,100215,185,99890,185,100255,100,99871,100,100280,100,99863,100,100316,100,99847,100,100339,100,99716,100,100346,100,99679,100
2019-06-28 09:47:45.022651702,100071,185,100048,185,100102,185,99964,185,100114,185,99920,185,100148,185,99906,185,100215,185,99890,185,100255,100,99871,100,100280,100,99863,100,100316,100,99847,100,100339,100,99716,100,100346,100,99679,100
2019-06-28 09:47:49.586706959,100071,85,100048,185,100102,185,99964,185,100114,185,99928,100,100148,185,99920,185,100215,185,99906,185,100255,100,99890,185,100280,100,99871,100,100316,100,99863,100,100339,100,99847,100,100346,100,99716,100
2019-06-28 09:47:50.000000000,100102,185,100048,185,100114,185,99964,185,100148,185,99928,185,100215,185,99920,185,100255,185,99906,185,100280,100,99890,100,100316,100,99871,100,100339,100,99863,100,100346,100,99847,100,100378,100,99716,100
2019-06-28 09:47:57.469101848,100102,185,100048,85,100114,185,99964,185,100148,185,99928,185,100215,185,99920,185,100255,85,99906,185,100280,100,99890,100,100316,100,99871,100,100339,100,99863,100,100346,100,99847,100,100378,100,99716,100
2019-06-28 09:48:00.000000000,100102,312,99964,312,100114,312,99928,312,100148,100,99920,100,100215,100,99906,100,100280,100,99890,100,100316,100,99871,100,100339,100,99863,100,100346,100,99847,100,100378,100,99716,100,100449,100,99679,100
2019-06-28 09:48:06.917475807,100102,312,100049,100,100114,312,99964,312,100148,100,99928,312,100215,100,99920,100,100280,100,99906,100,100316,100,99890,100,100339,100,99871,100,100346,100,99863,100,100378,100,99716,100,100449,100,99679,100
2019-06-28 09:48:10.000000000,100102,185,100049,185,100114,185,99964,185,100148,185,99928,185,100215,185,99920,185,100280,185,99906,185,100316,100,99890,100,100339,100,99871,100,100346,100,99863,100,100378,100,99716,100,100449,100,99679,100
2019-06-28 09:48:10.468643760,100102,185,100049,185,100114,185,99964,185,100148,185,99928,185,100209,100,99920,185,100215,185,99906,185,100280,185,99890,100,100316,100,99871,100,100339,100,99863,100,100346,100,99716,100,100378,100,99679,100
2019-06-28 09:48:20.000000000,100102,244,100049,244,100114,240,99964,240,100148,240,99928,240,100209,100,99920,100,100215,100,99906,100,100280,100,99890,100,100316,100,99871,100,100339,100,99863,100,100346,100,99716,100,100378,100,99679,100
2019-06-28 09:48:29.384439344,100102,144,100049,244,100114,240,99964,240,100148,240,99928,240,100209,100,99920,100,100280,100,99906,100,100316,100,99890,100,100339,100,99871,100,100346,100,99863,100,100378,100,99716,100,100449,100,99679,100
2019-06-28 09:48:30.000000000,100114,312,100049,312,100148,312,99964,312,100209,100,99928,100,100280,100,99920,100,100316,100,99906,100,100339,100,99890,100,100346,100,99871,100,100378,100,99863,100,100449,100,99716,100,100928,100,99679,100
2019-06-28 09:48:39.659529167,100114,212,100049,312,100148,312,99964,312,100209,100,99928,100,100280,100,99920,100,100316,100,99906,100,100339,100,99890,100,100346,100,99871,100,100378,100,99863,100,100449,100,99716,100,100928,100,99679,100
2019-06-28 09:48:40.000000000,100148,244,100049,244,100209,240,99964,240,100280,240,99928,240,100316,100,99920,100,100339,100,99906,100,100346,100,99890,100,100378,100,99871,100,100449,100,99863,100,100928,100,99716,100,,,99679,100
2019-06-28 09:48:40.993996228,100148,144,100049,244,100209,240,99964,240,100280,240,99928,240,100316,100,99920,100,100339,100,99906,100,100346,100,99890,100,100378,100,99871,100,100449,100,99863,100,100928,100,99716,100,,,99659,100
2019-06-28 09:48:50.000000000,100209,206,100049,206,100280,206,99964,206,100316,206,99928,206,100339,206,99920,206,100346,100,99906,100,100378,100,99890,100,100449,100,99871,100,100928,100,99863,100,,,99716,100,,,99659,100
2019-06-28 09:48:51.403511279,100209,206,100114,100,100280,206,100049,206,100316,206,99964,206,100339,206,99928,206,100346,100,99920,206,100378,100,99906,100,100449,100,99890,100,100928,100,99871,100,,,99863,100,,,99716,100
2019-06-28 09:49:00.000000000,100209,312,100114,312,100280,312,100049,312,100316,100,99964,100,100339,100,99928,100,100346,100,99920,100,100378,100,99906,100,100449,100,99890,100,100928,100,99871,100,,,99863,100,,,99716,100
2019-06-28 09:49:05.136985269,100209,312,100114,412,100280,312,100049,312,100316,100,99964,100,100339,100,99928,100,100346,100,99920,100,100378,100,99906,100,100449,100,99890,100,100928,100,99871,100,,,99863,100,,,99716,100
2019-06-28 09:49:10.000000000,100209,206,100114,306,100280,206,100049,206,100316,206,99964,206,100339,206,99928,206,100346,100,99920,100,100378,100,99906,100,100449,100,99890,100,100928,100,99871,100,,,99863,100,,,99716,100
2019-06-28 09:49:20.000000000,100209,185,100114,285,100280,185,100049,185,100316,185,99964,185,100339,185,99928,185,100346,185,99920,185,100378,100,99906,100,100449,100,99890,100,100928,100,99871,100,,,99863,100,,,99716,100
2019-06-28 09:49:30.000000000,100209,206,100114,306,100280,206,100049,206,100316,206,99964,206,100339,206,99928,206,100346,100,99920,100,100378,100,99906,100,100449,100,99890,100,100928,100,99871,100,,,99863,100,,,99716,100
2019-06-28 09:49:32.557301510,100209,206,100170,100,100280,206,100114,306,100316,206,100049,206,100339,206,99964,206,100346,100,99928,206,100378,100,99920,100,100449,100,99906,100,100928,100,99890,100,,,99871,100,,,99863,100
2019-06-28 09:49:40.000000000,100209,524,100170,524,100280,100,100114,200,100316,100,100049,100,100339,100,99964,100,100346,100,99928,100,100378,100,99920,100,100449,100,99906,100,100928,100,99890,100,,,99871,100,,,99863,100
2019-06-28 09:49:49.874205452,100209,424,100170,524,100280,100,100114,200,100316,100,100049,100,100339,100,99964,100,100346,100,99928,100,100378,100,99920,100,100449,100,99906,100,100928,100,99890,100,,,99871,100,,,99863,100
2019-06-28 09:49:50.000000000,100280,206,100170,206,100316,206,100114,306,100339,206,100049,206,100346,206,99964,206,100378,100,99928,100,100449,100,99920,100,100928,100,99906,100,,,99890,100,,,99871,100,,,99863,100
2019-06-28 09:49:58.423067455,100280,106,100170,206,100316,206,100114,306,100339,206,100049,206,100346,206,99964,206,100378,100,99928,100,100449,100,99920,100,100928,100,99906,100,,,99890,100,,,99871,100,,,99863,100
2019-06-28 09:49:58.841251796,100280,106,100170,206,100316,206,100114,306,100339,206,100049,206,100346,206,99964,206,100378,100,99928,100,100449,100,99906,100,100476,100,99890,100,100928,100,99871,100,,,99863,100,,,99716,100
2019-06-28 09:50:00.000000000,100316,312,100170,312,100339,312,100114,412,100346,100,100049,100,100378,100,99964,100,100449,100,99928,100,100476,100,99906,100,100928,100,99890,100,,,99871,100,,,99863,100,,,99716,100
2019-06-28 09:50:10.000000000,100316,312,100170,312,100339,312,100114,412,100346,100,100049,100,100378,100,99964,100,100449,100,99928,100,100476,100,99906,100,100928,100,99890,100,,,99871,100,,,99863,100,,,99716,100
2019-06-28 09:50:20.000000000,100316,206,100170,206,100339,206,100114,306,100346,206,100049,206,100378,206,99964,206,100449,100,99928,100,100476,100,99906,100,100928,100,99890,100,,,99871,100,,,99863,100,,,99716,100
2019-06-28 09:50:22.965283218,100316,106,100170,206,100339,206,100114,306,100346,206,100049,206,100378,206,99964,206,100449,100,99928,100,100476,100,99906,100,100928,100,99890,100,,,99871,100,,,99863,100,,,99716,100
2019-06-28 09:50:30.000000000,100339,206,100170,206,100346,206,100114,306,100378,206,100049,206,100449,206,99964,206,100476,100,99928,100,100928,100,99906,100,,,99890,100,,,99871,100,,,99863,100,,,99716,100
2019-06-28 09:50:30.620038121,100339,206,100280,100,100346,206,100170,206,100378,206,100114,306,100449,206,100049,206,100476,100,99964,206,100928,100,99928,100,,,99906,100,,,99890,100,,,99871,100,,,99863,100
2019-06-28 09:50:40.000000000,100339,312,100280,312,100346,312,100170,312,100378,100,100114,200,100449,100,100049,100,100476,100,99964,100,100928,100,99928,100,,,99906,100,,,99890,100,,,99871,100,,,99863,100
2019-06-28 09:50:44.222621873,100339,312,100280,312,100346,312,100234,100,100378,100,100170,312,100449,100,100114,200,100476,100,100049,100,100928,100,99964,100,,,99928,100,,,99906,100,,,99890,100,,,99871,100
2019-06-28 09:50:46.176540792,100339,312,100280,312,100346,312,100234,100,100378,100,100170,312,100449,100,100114,200,100476,100,100049,100,100546,100,99964,100,100928,100,99928,100,,,99906,100,,,99890,100,,,99871,100
2019-06-28 09:50:50.000000000,100339,206,100280,206,100346,206,100234,206,100378,206,100170,206,100449,206,100114,306,100476,100,100049,100,100546,100,99964,100,100928,100,99928,100,,,99906,100,,,99890,100,,,99871,100
2019-06-28 09:51:00.000000000,100339,244,100280,244,100346,240,100234,240,100378,240,100170,240,100449,100,100114,200,100476,100,100049,100,100546,100,99964,100,100928,100,99928,100,,,99906,100,,,99890,100,,,99871,100
2019-06-28 09:51:10.000000000,100339,524,100280,524,100346,100,100234,100,100378,100,100170,100,100449,100,100114,200,100476,100,100049,100,100546,100,99964,100,100928,100,99928,100,,,99906,100,,,99890,100,,,99871,100
2019-06-28 09:51:15.444697180,100339,524,100280,524,100346,100,100234,100,100378,100,100170,100,100449,100,100114,200,100476,100,100049,100,100546,100,99928,100,100928,100,99906,100,,,99890,100,,,99871,100,,,99863,100
2019-06-28 09:51:17.318899776,100339,524,100280,524,100346,100,100234,100,100378,100,100170,100,100449,100,100114,200,100476,100,100109,100,100546,100,100049,100,100928,100,99928,100,,,99906,100,,,99890,100,,,99871,100
2019-06-28 09:51:20.000000000,100339,244,100280,244,100346,240,100234,240,100378,240,100170,240,100449,100,100114,200,100476,100,100109,100,100546,100,100049,100,100928,100,99928,100,,,99906,100,,,99890,100,,,99871,100
2019-06-28 09:51:30.000000000,100339,244,100280,244,100346,240,100234,240,100378,240,100170,240,100449,100,100114,200,100476,100,100109,100,100546,100,100049,100,100928,100,99928,100,,,99906,100,,,99890,100,,,99871,100
2019-06-28 09:51:40.000000000,100339,206,100280,206,100346,206,100234,206,100378,206,100170,206,100449,206,100114,306,100476,100,100109,100,100546,100,100049,100,100928,100,99928,100,,,99906,100,,,99890,100,,,99871,100
2019-06-28 09:51:50.000000000,100339,206,100280,206,100346,206,100234,206,100378,206,100170,206,100449,206,100114,306,100476,100,100109,100,100546,100,100049,100,100928,100,99928,100,,,99906,100,,,99890,100,,,99871,100
2019-06-28 09:51:50.904805949,100339,206,100280,106,100346,206,100234,206,100378,206,100170,206,100449,206,100114,206,100476,100,100109,100,100546,100,100049,100,100928,100,99928,100,,,99906,100,,,99890,100,,,99871,100
2019-06-28 09:51:55.780209032,100339,206,100280,106,100346,206,100234,206,100378,206,100170,206,100449,206,100114,206,100476,100,100109,100,100546,100,99928,100,100928,100,99906,100,,,99890,100,,,99871,100,,,99863,100
2019-06-28 09:52:00.000000000,100339,206,100234,206,100346,206,100170,206,100378,206,100114,206,100449,206,100109,206,100476,100,99928,100,100546,100,99906,100,100928,100,99890,100,,,99871,100,,,99863,100,,,99716,100
2019-06-28 09:52:10.000000000,100339,524,100234,524,100346,100,100170,100,100378,100,100114,100,100449,100,100109,100,100476,100,99928,100,100546,100,99906,100,100928,100,99890,100,,,99871,100,,,99863,100,,,99716,100
2019-06-28 09:52:13.832411096,100339,524,100234,524,100346,100,100170,100,100378,100,100114,100,100449,100,100109,100,100476,100,99928,100,100546,100,99906,100,100928,100,99903,100,,,99890,100,,,99871,100,,,99863,100
2019-06-28 09:52:20.000000000,100339,524,100234,524,100346,100,100170,100,100378,100,100114,100,100449,100,100109,100,100476,100,99928,100,100546,100,99906,100,100928,100,99903,100,,,99890,100,,,99871,100,,,99863,100
2019-06-28 09:52:21.241052385,100339,524,100234,524,100346,100,100170,100,100378,100,100114,100,100449,100,100109,100,100476,100,99928,100,100546,100,99906,100,100928,100,99903,100,,,99890,100,,,99871,100,,,99863,100
2019-06-28 09:52:30.000000000,100339,185,100234,185,100346,185,100170,185,100378,185,100114,185,100449,185,100109,185,100476,185,99928,185,100546,100,99906,100,100928,100,99903,100,,,99890,100,,,99871,100,,,99863,100
2019-06-28 09:52:40.000000000,100339,206,100234,206,100346,206,100170,206,100378,206,100114,206,100449,206,100109,206,100476,100,99928,100,100546,100,99906,100,100928,100,99903,100,,,99890,100,,,99871,100,,,99863,100
2019-06-28 09:52:50.000000000,100339,185,100234,185,100346,185,100170,185,100378,185,100114,185,100449,185,100109,185,100476,185,99928,185,100546,100,99906,100,100928,100,99903,100,,,99890,100,,,99871,100,,,99863,100
2019-06-28 09:52:58.804587862,100339,185,100234,85,100346,185,100170,185,100378,85,100114,185,100449,185,100109,185,100476,185,99928,185,100546,100,99906,100,100928,100,99903,100,,,99890,100,,,99871,100,,,99863,100
2019-06-28 09:53:00.000000000,100339,206,100170,206,100346,206,100114,206,100449,206,100109,206,100476,206,99928,206,100546,100,99906,100,100928,100,99903,100,,,99890,100,,,99871,100,,,99863,100,,,99727,100
2019-06-28 09:53:10.000000000,100339,206,100170,206,100346,206,100114,206,100449,206,100109,206,100476,206,99928,206,100546,100,99906,100,100928,100,99903,100,,,99890,100,,,99871,100,,,99863,100,,,99727,100
2019-06-28 09:53:20.000000000,100339,312,100170,312,100346,312,100114,312,100449,100,100109,100,100476,100,99928,100,100546,100,99906,100,100928,100,99903,100,,,99890,100,,,99871,100,,,99863,100,,,99727,100
2019-06-28 09:53:30.000000000,100339,524,100170,524,100346,100,100114,100,100449,100,100109,100,100476,100,99928,100,100546,100,99906,100,100928,100,99903,100,,,99890,100,,,99871,100,,,99863,100,,,99727,100
2019-06-28 09:53:40.000000000,100339,244,100170,244,100346,240,100114,240,100449,240,100109,240,100476,100,99928,100,100546,100,99906,100,100928,100,99903,100,,,99890,100,,,99871,100,,,99863,100,,,99727,100
2019-06-28 09:53:50.000000000,100339,206,100170,206,100346,206,100114,206,100449,206,100109,206,100476,206,99928,206,100546,100,99906,100,100928,100,99903,100,,,99890,100,,,99871,100,,,99863,100,,,99727,100
2019-06-28 09:54:00.000000000,100339,244,100170,244,100346,240,100114,240,100449,240,100109,240,100476,100,99928,100,100546,100,99906,100,100928,100,99903,100,,,99890,100,,,99871,100,,,99863,100,,,99727,100
2019-06-28 09:54:04.525169892,100339,244,100170,144,100346,240,100114,240,100449,240,100109,240,100476,100,99928,100,100928,100,99906,100,,,99903,100,,,99890,100,,,99871,100,,,99863,100,,,99727,100
2019-06-28 09:54:06.434519021,100339,244,100170,144,100346,240,100114,240,100449,240,100109,240,100476,100,99928,100,100928,100,99906,100,,,99903,100,,,99890,100,,,99871,100,,,99863,100,,,99727,100
2019-06-28 09:54:06.833100169,100339,244,100170,44,100346,240,100114,240,100449,240,100109,240,100476,100,99928,100,100928,100,99906,100,,,99903,100,,,99890,100,,,99871,100,,,99863,100,,,99716,100
2019-06-28 09:54:10.000000000,100339,312,100114,312,100346,312,100109,312,100449,100,99928,100,100476,100,99906,100,100928,100,99903,100,,,99890,100,,,99871,100,,,99863,100,,,99716,100,,,99659,100
2019-06-28 09:54:20.000000000,100339,244,100114,244,100346,240,100109,240,100449,240,99928,240,100476,100,99906,100,100928,100,99903,100,,,99890,100,,,99871,100,,,99863,100,,,99716,100,,,99659,100
2019-06-28 09:54:30.000000000,100339,185,100114,185,100346,185,100109,185,100449,185,99928,185,100476,185,99906,185,100928,185,99903,185,,,99890,100,,,99871,100,,,99863,100,,,99716,100,,,99659,100
2019-06-28 09:54:34.199003870,100339,185,100114,185,100346,185,100109,185,100449,185,99928,185,100476,185,99906,185,100928,185,99903,185,,,99890,100,,,99871,100,,,99863,100,,,99716,100,,,99659,100
2019-06-28 09:54:38.336225263,100339,185,100114,185,100346,185,100109,185,100449,185,99928,185,100476,185,99906,185,100928,185,99903,185,,,99890,100,,,99871,100,,,99863,100,,,99716,100,,,99659,100
2019-06-28 09:54:40.000000000,100339,185,100114,185,100346,185,100109,185,100449,185,99928,185,100476,185,99906,185,100928,185,99903,185,,,99890,100,,,99871,100,,,99863,100,,,99716,100,,,99659,100
2019-06-28 09:54:50.000000000,100339,312,100114,312,100346,312,100109,312,100449,100,99928,100,100476,100,99906,100,100928,100,99903,100,,,99890,100,,,99871,100,,,99863,100,,,99716,100,,,99659,100
2019-06-28 09:54:51.122285799,100170,100,100114,312,100339,312,100109,312,100346,312,99928,100,100449,100,99906,100,100476,100,99903,100,100928,100,99890,100,,,99871,100,,,99863,100,,,99716,100,,,99659,100
2019-06-28 09:54:58.617387552,100170,100,100114,312,100339,312,100109,312,100346,312,99928,100,100449,100,99906,100,100476,100,99903,100,100928,100,99890,100,,,99871,100,,,99863,100,,,99716,100,,,99659,100
2019-06-28 09:55:00.000000000,100170,185,100114,185,100339,185,100109,185,100346,185,99928,185,100449,185,99906,185,100476,185,99903,185,100928,100,99890,100,,,99871,100,,,99863,100,,,99716,100,,,99659,100
2019-06-28 09:55:01.117437302,100170,185,100114,185,100339,185,100109,185,100346,185,99928,185,100449,185,99906,185,100476,185,99903,185,100928,100,99890,100,,,99871,100,,,99863,100,,,99716,100,,,99659,100
2019-06-28 09:55:10.000000000,100170,206,100114,206,100339,206,100109,206,100346,206,99928,206,100449,206,99906,206,100476,100,99903,100,100928,100,99890,100,,,99871,100,,,99863,100,,,99716,100,,,99659,100
2019-06-28 09:55:18.467997772,100170,206,100114,106,100339,206,100109,206,100346,206,99928,206,100449,206,99906,206,100476,100,99903,100,100928,100,99890,100,,,99871,100,,,99863,100,,,99716,100,,,99659,100
2019-06-28 09:55:18.710468861,100169,100,100114,106,100170,206,100109,206,100339,206,99928,206,100346,206,99906,206,100449,206,99903,100,100476,100,99890,100,100928,100,99871,100,,,99863,100,,,99716,100,,,99659,100
2019-06-28 09:55:20.000000000,100169,244,100109,244,100170,240,99928,240,100339,240,99906,240,100346,100,99903,100,100449,100,99890,100,100476,100,99871,100,100928,100,99863,100,,,99716,100,,,99659,100,,,99564,100
2019-06-28 09:55:23.966869261,100169,244,100109,144,100170,240,99928,240,100339,240,99906,240,100346,100,99903,100,100449,100,99890,100,100476,100,99871,100,100928,100,99863,100,,,99716,100,,,99659,100,,,99564,100
2019-06-28 09:55:28.095772276,100114,100,100109,144,100169,244,99928,240,100170,240,99906,240,100339,240,99903,100,100346,100,99890,100,100449,100,99871,100,100476,100,99863,100,100928,100,99716,100,,,99659,100,,,99564,100
2019-06-28 09:55:30.000000000,100114,244,99928,244,100169,240,99906,240,100170,240,99903,240,100339,100,99890,100,100346,100,99871,100,100449,100,99863,100,100476,100,99716,100,100928,100,99659,100,,,99564,100,,,99378,200
2019-06-28 09:55:35.942388763,100114,244,99928,144,100169,240,99906,240,100170,240,99903,240,100339,100,99890,100,100346,100,99871,100,100449,100,99863,100,100476,100,99716,100,100928,100,99659,100,,,99564,100,,,99378,200
2019-06-28 09:55:36.367754070,100114,244,99928,144,100169,240,99906,240,100170,240,99903,240,100339,100,99871,100,100346,100,99863,100,100449,100,99716,100,100476,100,99659,100,100928,100,99564,100,,,99378,200,,,99045,100
2019-06-28 09:55:40.000000000,100114,206,99906,206,100169,206,99903,206,100170,206,99871,206,100339,206,99863,206,100346,100,99716,100,100449,100,99659,100,100476,100,99564,100,100928,100,99378,200,,,99045,100,,,98864,100
2019-06-28 09:55:40.801587623,100109,100,99906,206,100114,106,99903,206,100169,206,99871,206,100170,206,99863,206,100339,206,99716,100,100346,100,99659,100,100449,100,99564,100,100476,100,99378,200,100928,100,99045,100,,,98864,100
2019-06-28 09:55:43.177301907,100109,100,99906,106,100114,106,99903,206,100169,206,99871,206,100170,206,99863,206,100339,206,99716,100,100346,100,99659,100,100449,100,99564,100,100476,100,99378,200,100928,100,99045,100,,,98864,100
2019-06-28 09:55:50.000000000,100109,185,99903,185,100169,185,99871,185,100170,185,99863,185,100339,185,99716,185,100346,185,99659,185,100449,100,99564,100,100476,100,99378,200,100928,100,99045,100,,,98864,100,,,98846,100
2019-06-28 09:55:55.197587425,100109,185,99903,185,100169,185,99871,185,100170,185,99863,185,100339,185,99716,185,100346,185,99659,185,100449,100,99564,100,100476,100,99378,200,100928,100,99045,100,,,98864,100,,,98846,100
2019-06-28 09:56:00.000000000,100109,524,99903,524,100169,100,99871,100,100170,100,99863,100,100339,100,99716,100,100346,100,99659,100,100449,100,99564,100,100476,100,99378,200,100928,100,99045,100,,,98864,100,,,98846,100
2019-06-28 09:56:10.000000000,100109,185,99903,185,100169,185,99871,185,100170,185,99863,185,100339,185,99716,185,100346,185,99659,185,100449,100,99564,100,100476,100,99378,200,100928,100,99045,100,,,98864,100,,,98846,100
2019-06-28 09:56:20.000000000,100109,244,99903,244,100169,240,99871,240,100170,240,99863,240,100339,100,99716,100,100346,100,99659,100,100449,100,99564,100,100476,100,99378,200,100928,100,99045,100,,,98864,100,,,98846,100
2019-06-28 09:56:28.521092418,100109,244,99903,144,100169,240,99871,240,100170,240,99863,240,100339,100,99716,100,100346,100,99659,100,100449,100,99564,100,100476,100,99378,200,100928,100,99045,100,,,98864,100,,,98846,100
2019-06-28 09:56:30.000000000,100109,524,99871,524,100169,100,99863,100,100170,100,99716,100,100339,100,99659,100,100346,100,99564,100,100449,100,99378,200,100476,100,99045,100,100928,100,98864,100,,,98846,100,,,98789,100
2019-06-28 09:56:40.000000000,100109,524,99871,524,100169,100,99863,100,100170,100,99716,100,100339,100,99659,100,100346,100,99564,100,100449,100,99378,200,100476,100,99045,100,100928,100,98864,100,,,98846,100,,,98789,100
2019-06-28 09:56:41.405651720,100109,524,99871,424,100169,100,99863,100,100170,100,99716,100,100339,100,99659,100,100346,100,99564,100,100449,100,99378,200,100476,100,99045,100,100928,100,98864,100,,,98846,100,,,98715,100
2019-06-28 09:56:50.000000000,100109,206,99863,206,100169,206,99716,206,100170,206,99659,206,100339,206,99564,206,100346,100,99378,200,100449,100,99045,100,100476,100,98864,100,100928,100,98846,100,,,98715,100,,,98707,100
2019-06-28 09:56:51.618493533,100109,206,99863,206,100169,206,99716,206,100170,206,99659,206,100339,206,99564,206,100346,100,99378,200,100449,100,99313,100,100476,100,99045,100,100928,100,98864,100,,,98846,100,,,98715,100
2019-06-28 09:57:00.000000000,100109,206,99863,206,100169,206,99716,206,100170,206,99659,206,100339,206,99564,206,100346,100,99378,200,100449,100,99313,100,100476,100,99045,100,100928,100,98864,100,,,98846,100,,,98715,100
2019-06-28 09:57:05.617579834,99903,100,99863,206,100109,206,99716,206,100169,206,99659,206,100170,206,99564,206,100339,206,99378,200,100346,100,99313,100,100449,100,99045,100,100476,100,98864,100,100928,100,98846,100,,,98715,100
2019-06-28 09:57:10.000000000,99903,206,99863,206,100109,206,99716,206,100169,206,99659,206,100170,206,99564,206,100339,100,99378,200,100346,100,99313,100,100449,100,99045,100,100476,100,98864,100,100928,100,98846,100,,,98715,100
2019-06-28 09:57:14.020793791,99903,206,99863,206,100109,206,99716,206,100169,206,99659,206,100170,206,99564,206,100339,100,99378,200,100346,100,99313,100,100449,100,99219,100,100476,100,99045,100,100928,100,98864,100,,,98846,100
2019-06-28 09:57:14.157775367,99903,306,99863,206,100109,206,99716,206,100169,206,99659,206,100170,206,99564,206,100339,100,99378,200,100346,100,99313,100,100449,100,99219,100,100476,100,99045,100,100928,100,98864,100,,,98846,100
2019-06-28 09:57:15.795566190,99903,406,99863,206,100109,206,99716,206,100169,206,99659,206,100170,206,99564,206,100339,100,99378,200,100346,100,99313,100,100449,100,99219,100,100476,100,99045,100,100928,100,98864,100,,,98846,100
2019-06-28 09:57:20.000000000,99903,512,99863,312,100109,312,99716,312,100169,100,99659,100,100170,100,99564,100,100339,100,99378,200,100346,100,99313,100,100449,100,99219,100,100476,100,99045,100,100928,100,98864,100,,,98846,100
2019-06-28 09:57:25.879858788,99903,612,99863,312,100109,312,99716,312,100169,100,99659,100,100170,100,99564,100,100339,100,99378,200,100346,100,99313,100,100449,100,99219,100,100476,100,99045,100,100928,100,98864,100,,,98846,100
2019-06-28 09:57:26.494083675,99903,612,99863,312,100109,312,99716,312,100169,100,99659,100,100170,100,99564,100,100339,100,99387,100,100346,100,99378,200,100449,100,99313,100,100476,100,99219,100,100928,100,98864,100,,,98846,100
2019-06-28 09:57:30.000000000,99903,485,99863,185,100109,185,99716,185,100169,185,99659,185,100170,185,99564,185,100339,185,99387,185,100346,100,99378,200,100449,100,99313,100,100476,100,99219,100,100928,100,98864,100,,,98846,100
2019-06-28 09:57:32.208949914,99903,485,99863,185,100109,185,99716,185,100169,185,99659,185,100170,185,99564,185,100339,185,99387,185,100346,100,99378,200,100449,100,99313,100,100476,100,99219,100,100928,100,99141,100,,,98864,100
2019-06-28 09:57:40.000000000,99903,824,99863,524,100109,100,99716,100,100169,100,99659,100,100170,100,99564,100,100339,100,99387,100,100346,100,99378,200,100449,100,99313,100,100476,100,99219,100,100928,100,99141,100,,,98864,100
2019-06-28 09:57:50.000000000,99903,506,99863,206,100109,206,99716,206,100169,206,99659,206,100170,206,99564,206,100339,100,99387,100,100346,100,99378,200,100449,100,99313,100,100476,100,99219,100,100928,100,99141,100,,,98864,100
2019-06-28 09:58:00.000000000,99903,506,99863,206,100109,206,99716,206,100169,206,99659,206,100170,206,99564,206,100339,100,99387,100,100346,100,99378,200,100449,100,99313,100,100476,100,99219,100,100928,100,99141,100,,,98864,100
2019-06-28 09:58:04.644951622,99903,506,99863,206,100109,206,99716,206,100169,206,99659,206,100170,206,99564,206,100339,100,99409,100,100346,100,99387,100,100476,100,99378,200,100928,100,99313,100,,,99219,100,,,99141,100
2019-06-28 09:58:06.551868948,99903,506,99863,206,100109,206,99716,206,100169,206,99659,206,100170,206,99564,206,100339,100,99541,100,100346,100,99387,100,100476,100,99378,200,100928,100,99313,100,,,99219,100,,,99141,100
2019-06-28 09:58:10.000000000,99903,544,99863,244,100109,240,99716,240,100169,240,99659,240,100170,100,99564,100,100339,100,99541,100,100346,100,99387,100,100476,100,99378,200,100928,100,99313,100,,,99219,100,,,99141,100
2019-06-28 09:58:20.000000000,99903,544,99863,244,100109,240,99716,240,100169,240,99659,240,100170,100,99564,100,100339,100,99541,100,100346,100,99387,100,100476,100,99378,200,100928,100,99313,100,,,99219,100,,,99141,100
2019-06-28 09:58:30.000000000,99903,544,99863,244,100109,240,99716,240,100169,240,99659,240,100170,100,99564,100,100339,100,99541,100,100346,100,99387,100,100476,100,99378,200,100928,100,99313,100,,,99219,100,,,99141,100
2019-06-28 09:58:35.303313596,99903,544,99863,244,100109,240,99716,240,100169,240,99659,240,100170,100,99564,100,100339,100,99541,100,100346,100,99392,100,100928,100,99387,100,,,99378,200,,,99313,100,,,99219,100
2019-06-28 09:58:40.000000000,99903,612,99863,312,100109,312,99716,312,100169,100,99659,100,100170,100,99564,100,100339,100,99541,100,100346,100,99392,100,100928,100,99387,100,,,99378,200,,,99313,100,,,99219,100
2019-06-28 09:58:50.000000000,99903,506,99863,206,100109,206,99716,206,100169,206,99659,206,100170,206,99564,206,100339,100,99541,100,100346,100,99392,100,100928,100,99387,100,,,99378,200,,,99313,100,,,99219,100
2019-06-28 09:58:54.790796329,99903,506,99863,106,100109,206,99716,206,100169,206,99659,206,100170,206,99564,206,100339,100,99392,100,100346,100,99387,100,100928,100,99378,200,,,99313,100,,,99219,100,,,99141,100
2019-06-28 09:59:00.000000000,99903,506,99716,206,100109,206,99659,206,100169,206,99564,206,100170,206,99392,206,100339,100,99387,100,100346,100,99378,200,100928,100,99313,100,,,99219,100,,,99141,100,,,98864,100
2019-06-28 09:59:10.000000000,99903,506,99716,206,100109,206,99659,206,100169,206,99564,206,100170,206,99392,206,100339,100,99387,100,100346,100,99378,200,100928,100,99313,100,,,99219,100,,,99141,100,,,98864,100
2019-06-28 09:59:17.826370176,99903,506,99716,106,100109,206,99659,206,100169,206,99564,206,100170,206,99392,206,100339,100,99387,100,100346,100,99378,200,100928,100,99313,100,,,99219,100,,,99141,100,,,98864,100
2019-06-28 09:59:20.000000000,99903,612,99659,312,100109,312,99564,312,100169,100,99392,100,100170,100,99387,100,100339,100,99378,200,100346,100,99313,100,100928,100,99219,100,,,99141,100,,,98864,100,,,98846,100
2019-06-28 09:59:21.029713801,99903,612,99659,312,100109,312,99564,312,100169,100,99432,100,100170,100,99392,100,100339,100,99387,100,100346,100,99378,200,100928,100,99313,100,,,99219,100,,,99141,100,,,98864,100
2019-06-28 09:59:23.474578196,99903,612,99659,212,100109,312,99564,312,100169,100,99432,100,100170,100,99392,100,100339,100,99387,100,100346,100,99378,200,100928,100,99313,100,,,99219,100,,,99141,100,,,98864,100
2019-06-28 09:59:30.000000000,99903,824,99564,524,100109,100,99432,100,100169,100,99392,100,100170,100,99387,100,100339,100,99378,200,100346,100,99313,100,100928,100,99219,100,,,99141,100,,,98864,100,,,98846,100
2019-06-28 09:59:40.000000000,99903,824,99564,524,100109,100,99432,100,100169,100,99392,100,100170,100,99387,100,100339,100,99378,200,100346,100,99313,100,100928,100,99219,100,,,99141,100,,,98864,100,,,98846,100
2019-06-28 09:59:50.000000000,99903,485,99564,185,100109,185,99432,185,100169,185,99392,185,100170,185,99387,185,100339,185,99378,285,100346,100,99313,100,100928,100,99219,100,,,99141,100,,,98864,100,,,98846,100
2019-06-28 10:00:00.000000000,99903,485,99564,185,100109,185,99432,185,100169,185,99392,185,100170,185,99387,185,100339,185,99378,285,100346,100,99313,100,100928,100,99219,100,,,99141,100,,,98864,100,,,98846,100
2019-06-28 10:00:10.000000000,99903,612,99564,312,100109,312,99432,312,100169,100,99392,100,100170,100,99387,100,100339,100,99378,200,100346,100,99313,100,100928,100,99219,100,,,99141,100,,,98864,100,,,98846,100
2019-06-28 10:00:10.074464540,99903,612,99564,312,100109,312,99432,312,100169,100,99392,100,100170,100,99387,100,100339,100,99378,200,100346,100,99330,100,100928,100,99313,100,,,99219,100,,,99141,100,,,98864,100
2019-06-28 10:00:11.685870920,99903,612,99564,212,100109,312,99432,312,100169,100,99392,100,100170,100,99387,100,100339,100,99378,200,100346,100,99330,100,100928,100,99313,100,,,99219,100,,,99141,100,,,98864,100
2019-06-28 10:00:20.000000000,99903,824,99432,524,100109,100,99392,100,100169,100,99387,100,100170,100,99378,200,100339,100,99330,100,100346,100,99313,100,100928,100,99219,100,,,99141,100,,,98864,100,,,98846,100
2019-06-28 10:00:30.000000000,99903,544,99432,244,100109,240,99392,240,100169,240,99387,240,100170,100,99378,200,100339,100,99330,100,100346,100,99313,100,100928,100,99219,100,,,99141,100,,,98864,100,,,98846,100
2019-06-28 10:00:35.219680850,99903,544,99432,244,100109,240,99399,100,100169,240,99392,240,100170,100,99387,240,100339,100,99378,200,100346,100,99330,100,100928,100,99313,100,,,99219,100,,,99141,100,,,98864,100
2019-06-28 10:00:36.402119026,99903,544,99432,244,100109,240,99399,100,100169,240,99392,240,100170,100,99387,240,100339,100,99378,200,100346,100,99330,100,100928,100,99317,100,,,99313,100,,,99219,100,,,99141,100
2019-06-28 10:00:40.000000000,99903,824,99432,524,100109,100,99399,100,100169,100,99392,100,100170,100,99387,100,100339,100,99378,200,100346,100,99330,100,100928,100,99317,100,,,99313,100,,,99219,100,,,99141,100
2019-06-28 10:00:44.325947414,99533,100,99432,524,99903,824,99399,100,100109,100,99392,100,100169,100,99387,100,100170,100,99378,200,100339,100,99330,100,100346,100,99317,100,100928,100,99313,100,,,99219,100,,,99141,100
2019-06-28 10:00:46.915596095,99533,100,99432,524,99663,100,99399,100,99903,824,99392,100,100109,100,99387,100,100169,100,99378,200,100170,100,99330,100,100346,100,99317,100,100928,100,99313,100,,,99219,100,,,99141,100
2019-06-28 10:00:50.000000000,99533,185,99432,185,99663,185,99399,185,99903,485,99392,185,100109,185,99387,185,100169,185,99378,285,100170,100,99330,100,100346,100,99317,100,100928,100,99313,100,,,99219,100,,,99141,100
2019-06-28 10:00:58.926393456,99533,185,99432,185,99663,185,99399,185,99903,485,99392,185,100109,85,99387,185,100169,185,99378,285,100170,100,99330,100,100346,100,99317,100,100928,100,99313,100,,,99219,100,,,99141,100
2019-06-28 10:01:00.000000000,99533,524,99432,524,99663,100,99399,100,99903,400,99392,100,100169,100,99387,100,100170,100,99378,200,100346,100,99330,100,100928,100,99317,100,,,99313,100,,,99219,100,,,99141,100
2019-06-28 10:01:01.341292335,99533,524,99432,524,99572,100,99399,100,99663,100,99392,100,99903,400,99387,100,100169,100,99378,200,100170,100,99330,100,100346,100,99317,100,100928,100,99313,100,,,99219,100,,,99141,100
2019-06-28 10:01:10.000000000,99533,185,99432,185,99572,185,99399,185,99663,185,99392,185,99903,485,99387,185,100169,185,99378,285,100170,100,99330,100,100346,100,99317,100,100928,100,99313,100,,,99219,100,,,99141,100
2019-06-28 10:01:17.916145088,99533,185,99432,85,99572,185,99399,185,99663,185,99392,185,99903,485,99387,185,100169,185,99378,185,100170,100,99330,100,100346,100,99317,100,100928,100,99313,100,,,99219,100,,,99141,100
2019-06-28 10:01:20.000000000,99533,312,99399,312,99572,312,99392,312,99663,100,99387,100,99903,400,99378,100,100169,100,99330,100,100170,100,99317,100,100346,100,99313,100,100928,100,99219,100,,,99141,100,,,98864,100
2019-06-28 10:01:25.478854250,99533,312,99399,212,99572,312,99392,312,99663,100,99387,100,99903,400,99378,100,100169,100,99330,100,100170,100,99317,100,100346,100,99313,100,100928,100,99219,100,,,99141,100,,,98864,100
2019-06-28 10:01:30.000000000,99533,185,99392,185,99572,185,99387,185,99663,185,99378,185,99903,485,99330,185,100169,185,99317,185,100170,100,99313,100,100346,100,99219,100,100928,100,99141,100,,,98864,100,,,98846,100
2019-06-28 10:01:40.000000000,99533,312,99392,312,99572,312,99387,312,99663,100,99378,100,99903,400,99330,100,100169,100,99317,100,100170,100,99313,100,100346,100,99219,100,100928,100,99141,100,,,98864,100,,,98846,100
2019-06-28 10:01:50.000000000,99533,244,99392,244,99572,240,99387,240,99663,240,99378,240,99903,400,99330,100,100169,100,99317,100,100170,100,99313,100,100346,100,99219,100,100928,100,99141,100,,,98864,100,,,98846,100
2019-06-28 10:01:52.800517890,99533,244,99392,144,99572,240,99387,240,99663,240,99378,240,99903,400,99330,100,100169,100,99317,100,100170,100,99313,100,100346,100,99219,100,100928,100,99141,100,,,98864,100,,,98846,100
2019-06-28 10:02:00.000000000,99533,206,99387,206,99572,206,99378,206,99663,206,99330,206,99903,506,99317,206,100169,100,99313,100,100170,100,99219,100,100346,100,99141,100,100928,100,98864,100,,,98846,100,,,98715,100
2019-06-28 10:02:09.092012764,99533,206,99387,106,99572,206,99378,206,99663,206,99330,206,99903,506,99317,206,100169,100,99313,100,100170,100,99219,100,100346,100,99141,100,100928,100,98864,100,,,98846,100,,,98715,100
2019-06-28 10:02:10.000000000,99533,206,99378,206,99572,206,99330,206,99663,206,99317,206,99903,506,99313,206,100169,100,99219,100,100170,100,99141,100,100346,100,98864,100,100928,100,98846,100,,,98715,100,,,98697,100
2019-06-28 10:02:20.000000000,99533,244,99378,244,99572,240,99330,240,99663,240,99317,240,99903,400,99313,100,100169,100,99219,100,100170,100,99141,100,100346,100,98864,100,100928,100,98846,100,,,98715,100,,,98697,100
2019-06-28 10:02:22.987576127,99533,244,99378,144,99572,240,99330,240,99663,240,99317,240,99903,400,99313,100,100169,100,99219,100,100170,100,99141,100,100346,100,98864,100,100928,100,98715,100,,,98697,100,,,98613,100
2019-06-28 10:02:28.197751628,99387,100,99378,144,99533,244,99330,240,99572,240,99317,240,99663,240,99313,100,99903,400,99219,100,100169,100,99141,100,100170,100,98864,100,100346,100,98715,100,100928,100,98697,100,,,98613,100
2019-06-28 10:02:30.000000000,99387,524,99330,524,99533,100,99317,100,99572,100,99313,100,99663,100,99219,100,99903,400,99141,100,100169,100,98864,100,100170,100,98715,100,100346,100,98697,100,100928,100,98613,100,,,98466,100
2019-06-28 10:02:35.885697146,99387,524,99330,524,99533,100,99317,100,99572,100,99313,100,99663,100,99219,100,99903,400,99141,100,100169,100,98906,100,100170,100,98864,100,100346,100,98715,100,100928,100,98697,100,,,98613,100
2019-06-28 10:02:40.000000000,99387,244,99330,244,99533,240,99317,240,99572,240,99313,240,99663,100,99219,100,99903,400,99141,100,100169,100,98906,100,100170,100,98864,100,100346,100,98715,100,100928,100,98697,100,,,98613,100
2019-06-28 10:02:50.000000000,99387,524,99330,524,99533,100,99317,100,99572,100,99313,100,99663,100,99219,100,99903,400,99141,100,100169,100,98906,100,100170,100,98864,100,100346,100,98715,100,100928,100,98697,100,,,98613,100
2019-06-28 10:03:00.000000000,99387,244,99330,244,99533,240,99317,240,99572,240,99313,240,99663,100,99219,100,99903,400,99141,100,100169,100,98906,100,100170,100,98864,100,100346,100,98715,100,100928,100,98697,100,,,98613,100
2019-06-28 10:03:10.000000000,99387,206,99330,206,99533,206,99317,206,99572,206,99313,206,99663,206,99219,206,99903,400,99141,100,100169,100,98906,100,100170,100,98864,100,100346,100,98715,100,100928,100,98697,100,,,98613,100
2019-06-28 10:03:10.239947795,99387,206,99330,206,99533,206,99317,206,99572,206,99313,206,99663,206,99219,206,99903,400,99141,100,100169,100,98906,100,100170,100,98864,100,100346,100,98715,100,100928,100,98697,100,,,98613,100
2019-06-28 10:03:20.000000000,99387,244,99330,244,99533,240,99317,240,99572,240,99313,240,99663,100,99219,100,99903,400,99141,100,100169,100,98906,100,100170,100,98864,100,100346,100,98715,100,100928,100,98697,100,,,98613,100
2019-06-28 10:03:30.000000000,99387,312,99330,312,99533,312,99317,312,99572,100,99313,100,99663,100,99219,100,99903,400,99141,100,100169,100,98906,100,100170,100,98864,100,100346,100,98715,100,100928,100,98697,100,,,98613,100
2019-06-28 10:03:31.954516144,99387,312,99330,212,99533,312,99317,312,99572,100,99313,100,99663,100,99219,100,99903,400,99141,100,100169,100,98864,100,100170,100,98715,100,100346,100,98697,100,100928,100,98613,100,,,98466,100
2019-06-28 10:03:32.776280681,99387,312,99330,212,99533,312,99317,312,99572,100,99313,100,99663,100,99219,100,99903,400,99141,100,100169,100,98864,100,100170,100,98759,100,100346,100,98715,100,100928,100,98697,100,,,98613,100
2019-06-28 10:03:40.000000000,99387,185,99317,185,99533,185,99313,185,99572,185,99219,185,99663,185,99141,185,99903,485,98864,185,100169,100,98759,100,100170,100,98715,100,100346,100,98697,100,100928,100,98613,100,,,98466,100
2019-06-28 10:03:43.863667828,99387,185,99317,85,99533,185,99313,185,99572,185,99219,185,99663,185,99141,185,99903,485,98864,185,100169,100,98759,100,100170,100,98715,100,100346,100,98697,100,,,98613,100,,,98466,100
2019-06-28 10:03:44.158237536,99387,185,99317,85,99533,185,99313,185,99572,185,99219,185,99663,185,99141,185,99903,485,98864,185,100169,100,98759,100,100170,100,98715,100,100346,100,98699,100,,,98697,100,,,98613,100
2019-06-28 10:03:50.000000000,99387,244,99313,244,99533,240,99219,240,99572,240,99141,240,99663,100,98864,100,99903,400,98759,100,100169,100,98715,100,100170,100,98699,100,100346,100,98697,100,,,98613,100,,,98466,100
2019-06-28 10:03:51.423873147,99387,244,99313,144,99533,240,99219,240,99572,240,99141,240,99663,100,98864,100,99903,400,98759,100,100169,100,98715,100,100170,100,98699,100,100346,100,98697,100,,,98613,100,,,98466,100
2019-06-28 10:03:54.143206582,99387,244,99313,144,99533,140,99219,240,99572,240,99141,240,99663,100,98867,100,99903,400,98864,100,100169,100,98759,100,100170,100,98715,100,100346,100,98699,100,,,98697,100,,,98613,100
2019-06-28 10:03:56.358234327,99317,100,99313,144,99387,244,99219,240,99533,140,99141,240,99572,240,98867,100,99663,100,98864,100,99903,400,98759,100,100169,100,98715,100,100170,100,98699,100,100346,100,98697,100,,,98613,100
2019-06-28 10:03:58.948478012,99317,100,99313,44,99387,244,99219,240,99533,140,99141,240,99572,240,98867,100,99663,100,98864,100,99903,400,98759,100,100169,100,98715,100,100170,100,98699,100,100346,100,98697,100,,,98613,100
2019-06-28 10:04:00.000000000,99317,244,99219,244,99387,240,99141,240,99572,240,98867,240,99663,100,98864,100,99903,400,98759,100,100169,100,98715,100,100170,100,98699,100,100346,100,98697,100,,,98613,100,,,98466,100
2019-06-28 10:04:01.930547721,99313,100,99219,244,99317,244,99141,240,99387,240,98867,240,99572,240,98864,100,99663,100,98759,100,99903,400,98715,100,100169,100,98699,100,100170,100,98697,100,100346,100,98613,100,,,98466,100
2019-06-28 10:04:06.186357837,99313,100,99219,144,99317,244,99141,240,99387,240,98867,240,99572,240,98864,100,99663,100,98759,100,99903,400,98715,100,100169,100,98699,100,100170,100,98697,100,100346,100,98613,100,,,98466,100
2019-06-28 10:04:10.000000000,99313,524,99141,524,99317,100,98867,100,99387,100,98864,100,99572,100,98759,100,99663,100,98715,100,99903,400,98699,100,100169,100,98697,100,100170,100,98613,100,100346,100,98466,100,,,98167,100
2019-06-28 10:04:20.000000000,99313,244,99141,244,99317,240,98867,240,99387,240,98864,240,99572,100,98759,100,99663,100,98715,100,99903,400,98699,100,100169,100,98697,100,100170,100,98613,100,100346,100,98466,100,,,98167,100
2019-06-28 10:04:29.843942904,99313,244,99141,244,99317,240,98867,240,99387,240,98864,240,99572,100,98759,100,99663,100,98715,100,99903,400,98699,100,100169,100,98697,100,100170,100,98678,100,100346,100,98613,100,,,98466,100
2019-06-28 10:04:30.000000000,99313,185,99141,185,99317,185,98867,185,99387,185,98864,185,99572,185,98759,185,99663,185,98715,185,99903,400,98699,100,100169,100,98697,100,100170,100,98678,100,100346,100,98613,100,,,98466,100
2019-06-28 10:04:30.393239623,99313,185,99141,185,99317,185,98867,185,99387,185,98864,185,99572,185,98759,185,99663,185,98715,185,99903,400,98699,100,100169,100,98697,100,100346,100,98678,100,,,98613,100,,,98466,100
2019-06-28 10:04:40.000000000,99313,312,99141,312,99317,312,98867,312,99387,100,98864,100,99572,100,98759,100,99663,100,98715,100,99903,400,98699,100,100169,100,98697,100,100346,100,98678,100,,,98613,100,,,98466,100
2019-06-28 10:04:44.883806401,99313,312,99141,212,99317,312,98867,312,99387,100,98864,100,99572,100,98759,100,99663,100,98715,100,99903,400,98699,100,100169,100,98697,100,100346,100,98678,100,,,98613,100,,,98466,100
2019-06-28 10:04:50.000000000,99313,244,98867,244,99317,240,98864,240,99387,240,98759,240,99572,100,98715,100,99663,100,98699,100,99903,400,98697,100,100169,100,98678,100,100346,100,98613,100,,,98466,100,,,98167,100
2019-06-28 10:05:00.000000000,99313,524,98867,524,99317,100,98864,100,99387,100,98759,100,99572,100,98715,100,99663,100,98699,100,99903,400,98697,100,100169,100,98678,100,100346,100,98613,100,,,98466,100,,,98167,100
2019-06-28 10:05:10.000000000,99313,524,98867,524,99317,100,98864,100,99387,100,98759,100,99572,100,98715,100,99663,100,98699,100,99903,400,98697,100,100169,100,98678,100,100346,100,98613,100,,,98466,100,,,98167,100
2019-06-28 10:05:20.000000000,99313,185,98867,185,99317,185,98864,185,99387,185,98759,185,99572,185,98715,185,99663,185,98699,185,99903,400,98697,100,100169,100,98678,100,100346,100,98613,100,,,98466,100,,,98167,100
2019-06-28 10:05:30.000000000,99313,312,98867,312,99317,312,98864,312,99387,100,98759,100,99572,100,98715,100,99663,100,98699,100,99903,400,98697,100,100169,100,98678,100,100346,100,98613,100,,,98466,100,,,98167,100
2019-06-28 10:05:40.000000000,99313,244,98867,244,99317,240,98864,240,99387,240,98759,240,99572,100,98715,100,99663,100,98699,100,99903,400,98697,100,100169,100,98678,100,100346,100,98613,100,,,98466,100,,,98167,100
2019-06-28 10:05:44.648379059,99313,244,98954,100,99317,240,98867,244,99387,240,98864,240,99572,100,98759,240,99663,100,98715,100,99903,400,98699,100,100169,100,98697,100,100346,100,98678,100,,,98613,100,,,98466,100
2019-06-28 10:05:50.000000000,99313,524,98954,524,99317,100,98867,100,99387,100,98864,100,99572,100,98759,100,99663,100,98715,100,99903,400,98699,100,100169,100,98697,100,100346,100,98678,100,,,98613,100,,,98466,100
2019-06-28 10:05:52.857714644,99313,524,98954,524,99317,100,98867,100,99387,100,98864,100,99525,100,98759,100,99572,100,98715,100,99663,100,98699,100,99903,400,98697,100,100169,100,98678,100,100346,100,98613,100,,,98466,100
2019-06-28 10:05:54.573098447,99313,524,99215,100,99317,100,98954,524,99387,100,98867,100,99525,100,98864,100,99572,100,98759,100,99663,100,98715,100,99903,400,98699,100,100169,100,98697,100,100346,100,98678,100,,,98613,100
2019-06-28 10:06:00.000000000,99313,244,99215,244,99317,240,98954,240,99387,240,98867,240,99525,100,98864,100,99572,100,98759,100,99663,100,98715,100,99903,400,98699,100,100169,100,98697,100,100346,100,98678,100,,,98613,100
2019-06-28 10:06:05.752056515,99313,144,99215,244,99317,240,98954,240,99387,240,98867,240,99525,100,98864,100,99572,100,98759,100,99663,100,98715,100,99903,400,98699,100,100169,100,98697,100,100346,100,98678,100,,,98613,100
2019-06-28 10:06:10.000000000,99317,185,99215,185,99387,185,98954,185,99525,185,98867,185,99572,185,98864,185,99663,185,98759,185,99903,400,98715,100,100169,100,98699,100,100346,100,98697,100,,,98678,100,,,98613,100
2019-06-28 10:06:20.000000000,99317,312,99215,312,99387,312,98954,312,99525,100,98867,100,99572,100,98864,100,99663,100,98759,100,99903,400,98715,100,100169,100,98699,100,100346,100,98697,100,,,98678,100,,,98613,100
2019-06-28 10:06:30.000000000,99317,312,99215,312,99387,312,98954,312,99525,100,98867,100,99572,100,98864,100,99663,100,98759,100,99903,400,98715,100,100169,100,98699,100,100346,100,98697,100,,,98678,100,,,98613,100
2019-06-28 10:06:35.313684214,99317,312,99215,312,99387,312,98954,312,99525,100,98867,100,99572,100,98864,100,99663,100,98759,100,99675,100,98715,100,99903,400,98699,100,100169,100,98697,100,100346,100,98678,100,,,98613,100
2019-06-28 10:06:40.000000000,99317,312,99215,312,99387,312,98954,312,99525,100,98867,100,99572,100,98864,100,99663,100,98759,100,99675,100,98715,100,99903,400,98699,100,100169,100,98697,100,100346,100,98678,100,,,98613,100
2019-06-28 10:06:50.000000000,99317,185,99215,185,99387,185,98954,185,99525,185,98867,185,99572,185,98864,185,99663,185,98759,185,99675,100,98715,100,99903,400,98699,100,100169,100,98697,100,100346,100,98678,100,,,98613,100
2019-06-28 10:06:54.715757069,99317,85,99215,185,99387,185,98954,185,99525,185,98867,185,99572,185,98864,185,99663,185,98759,185,99675,100,98715,100,99903,400,98699,100,100169,100,98697,100,100346,100,98678,100,,,98613,100
2019-06-28 10:07:00.000000000,99387,206,99215,206,99525,206,98954,206,99572,206,98867,206,99663,206,98864,206,99675,100,98759,100,99903,400,98715,100,100169,100,98699,100,100346,100,98697,100,,,98678,100,,,98613,100
2019-06-28 10:07:03.078564607,99387,106,99215,206,99525,206,98954,206,99572,206,98867,206,99663,206,98864,206,99675,100,98759,100,99903,400,98715,100,100169,100,98699,100,100346,100,98697,100,,,98678,100,,,98613,100
2019-06-28 10:07:07.367135579,99387,106,99215,206,99525,206,98954,206,99572,206,98867,206,99663,206,98864,206,99675,100,98759,100,99903,300,98715,100,100169,100,98699,100,100346,100,98697,100,,,98678,100,,,98613,100
2019-06-28 10:07:09.126182088,99387,6,99215,206,99525,206,98954,206,99572,206,98867,206,99663,206,98864,206,99675,100,98759,100,99903,300,98715,100,100169,100,98699,100,100346,100,98697,100,,,98678,100,,,98613,100
2019-06-28 10:07:10.000000000,99525,206,99215,206,99572,206,98954,206,99663,206,98867,206,99675,206,98864,206,99903,300,98759,100,100169,100,98715,100,100346,100,98699,100,,,98697,100,,,98678,100,,,98613,100
2019-06-28 10:07:20.000000000,99525,524,99215,524,99572,100,98954,100,99663,100,98867,100,99675,100,98864,100,99903,300,98759,100,100169,100,98715,100,100346,100,98699,100,,,98697,100,,,98678,100,,,98613,100
2019-06-28 10:07:22.741650608,99525,424,99215,524,99572,100,98954,100,99663,100,98867,100,99675,100,98864,100,99903,300,98759,100,100169,100,98715,100,100346,100,98699,100,,,98697,100,,,98678,100,,,98613,100
2019-06-28 10:07:29.137444745,99525,424,99387,100,99572,100,99215,524,99663,100,98954,100,99675,100,98867,100,99903,300,98864,100,100169,100,98759,100,100346,100,98715,100,,,98699,100,,,98697,100,,,98678,100
2019-06-28 10:07:30.000000000,99572,185,99387,185,99663,185,99215,185,99675,185,98954,185,99903,385,98867,185,100169,185,98864,185,100346,100,98759,100,,,98715,100,,,98699,100,,,98697,100,,,98678,100
