,ask_price_1,ask_size_1,bid_price_1,bid_size_1,ask_price_2,ask_size_2,bid_price_2,bid_size_2,ask_price_3,ask_size_3,bid_price_3,bid_size_3,ask_price_4,ask_size_4,bid_price_4,bid_size_4,ask_price_5,ask_size_5,bid_price_5,bid_size_5,ask_price_6,ask_size_6,bid_price_6,bid_size_6,ask_price_7,ask_size_7,bid_price_7,bid_size_7,ask_price_8,ask_size_8,bid_price_8,bid_size_8,ask_price_9,ask_size_9,bid_price_9,bid_size_9,ask_price_10,ask_size_10,bid_price_10,bid_size_10
2019-06-28 09:30:00.000000000,100061,100,,,,,,,,,,,,,,,,,,,,,,,,,,,,,,,,,,,,,,
2019-06-28 09:30:00.000000001,100061,100,99998,100,,,,,,,,,,,,,,,,,,,,,,,,,,,,,,,,,,,,
2019-06-28 09:30:00.000000002,100046,100,99998,100,100061,100,,,,,,,,,,,,,,,,,,,,,,,,,,,,,,,,,,
2019-06-28 09:30:00.000000004,100046,100,99998,100,100061,100,99870,100,100202,100,,,,,,,,,,,,,,,,,,,,,,,,,,,,,,
2019-06-28 09:30:00.000000007,100061,100,99998,100,100202,100,99870,100,,,,,,,,,,,,,,,,,,,,,,,,,,,,,,,,
2019-06-28 09:30:00.000000009,100061,100,99998,100,100167,100,99870,100,100202,100,,,,,,,,,,,,,,,,,,,,,,,,,,,,,,
2019-06-28 09:30:00.000000014,100061,100,99870,100,100167,100,,,100202,100,,,,,,,,,,,,,,,,,,,,,,,,,,,,,,
2019-06-28 09:30:00.000000015,100061,100,99870,100,100089,100,,,100120,100,,,100150,100,,,100167,100,,,100202,100,,,,,,,,,,,,,,,,,,
2019-06-28 09:30:00.000000019,100061,100,99916,100,100089,100,99870,100,100120,100,,,100150,100,,,100167,100,,,100202,100,,,,,,,,,,,,,,,,,,
2019-06-28 09:30:00.000000020,100061,100,99916,100,100089,100,99870,100,100120,100,,,100150,100,,,100167,100,,,100192,100,,,100202,100,,,,,,,,,,,,,,
2019-06-28 09:30:00.000000021,100061,100,99916,100,100078,100,99870,100,100089,100,,,100120,100,,,100150,100,,,100167,100,,,100192,100,,,100202,100,,,,,,,,,,
2019-06-28 09:30:00.000000023,100061,100,99916,200,100078,100,99870,100,100089,100,,,100120,100,,,100150,100,,,100167,100,,,100192,100,,,100202,100,,,,,,,,,,
2019-06-28 09:30:00.000000027,100012,100,99916,200,100061,100,99870,100,100078,100,,,100089,100,,,100120,100,,,100150,100,,,100167,100,,,100192,100,,,100202,100,,,,,,
2019-06-28 09:30:00.000000028,99968,100,99916,200,100012,100,99870,100,100061,100,,,100078,100,,,100089,100,,,100120,100,,,100150,100,,,100167,100,,,100192,100,,,100202,100,,
2019-06-28 09:30:00.000000029,99968,100,99916,200,100012,100,99879,100,100061,100,99870,100,100078,100,,,100089,100,,,100120,100,,,100150,100,,,100167,100,,,100192,100,,,100202,100,,
2019-06-28 09:30:00.000000031,99920,100,99916,200,99968,100,99879,100,100012,100,99870,100,100061,100,,,100078,100,,,100089,100,,,100120,100,,,100150,100,,,100167,100,,,100192,100,,
2019-06-28 09:30:00.000000033,99920,100,99916,200,99968,100,99879,100,100012,100,99870,100,100046,200,,,100061,100,,,100078,100,,,100089,100,,,100120,100,,,100150,100,,,100167,100,,
2019-06-28 09:30:00.000000036,99968,100,99916,200,100012,100,99879,100,100046,200,99870,100,100061,100,,,100078,100,,,100089,100,,,100120,100,,,100150,100,,,100167,100,,,100192,100,,
2019-06-28 09:30:00.000000038,100012,100,99916,200,100046,200,99879,100,100054,100,99870,100,100055,100,,,100061,100,,,100078,100,,,100089,100,,,100120,100,,,100150,100,,,100167,100,,
2019-06-28 09:30:00.000000041,99959,100,99920,200,100012,100,99916,200,100046,200,99879,100,100054,100,99870,100,100055,100,,,100061,100,,,100078,100,,,100089,100,,,100120,100,,,100150,100,,
2019-06-28 09:30:00.000000042,99959,100,99920,200,100012,100,99916,200,100016,100,99879,100,100046,200,99870,100,100054,100,,,100055,100,,,100061,100,,,100078,100,,,100089,100,,,100120,100,,
2019-06-28 09:30:00.000000044,100012,100,99920,200,100016,100,99916,200,100046,200,99879,100,100054,100,99870,100,100055,100,,,100061,100,,,100078,100,,,100089,100,,,100120,100,,,100150,100,,
2019-06-28 09:30:00.000000046,100012,100,99920,200,100016,100,99916,200,100046,200,99879,100,100054,100,99870,100,100055,100,,,100061,100,,,100078,100,,,100079,100,,,100089,100,,,100120,100,,
2019-06-28 09:30:00.000000051,100012,100,99920,200,100016,100,99916,200,100046,200,99879,100,100054,100,99871,100,100055,100,99870,100,100061,100,,,100078,100,,,100079,100,,,100089,100,,,100120,100,,
2019-06-28 09:30:00.000000053,100012,100,99959,100,100016,100,99920,200,100046,200,99916,200,100054,100,99879,100,100055,100,99871,100,100061,100,99870,100,100063,100,,,100078,100,,,100079,100,,,100089,100,,
2019-06-28 09:30:00.000000055,100012,100,99959,100,100016,100,99920,200,100046,200,99916,200,100054,100,99879,100,100055,100,99871,100,100061,100,99870,100,100063,100,,,100078,100,,,100079,100,,,100089,100,,
2019-06-28 09:30:00.000000056,100012,100,99959,100,100016,100,99920,200,100046,200,99916,200,100054,100,99879,100,100055,100,99871,100,100061,100,99870,100,100063,100,,,100078,100,,,100079,100,,,100089,100,,
2019-06-28 09:30:00.000000058,100012,100,99959,100,100016,100,99920,200,100046,200,99916,200,100054,100,99910,100,100055,100,99879,100,100061,100,99871,100,100063,100,99870,100,100078,100,,,100079,100,,,100089,100,,
2019-06-28 09:30:00.000000060,99997,100,99959,100,100012,100,99920,200,100016,100,99916,200,100046,200,99910,100,100054,100,99879,100,100055,100,99871,100,100061,100,99870,100,100063,100,,,100078,100,,,100079,100,,
2019-06-28 09:30:00.000000061,99997,100,99920,200,100012,100,99916,200,100016,100,99910,100,100046,200,99879,100,100054,100,99871,100,100055,100,99870,100,100061,100,,,100063,100,,,100078,100,,,100079,100,,
2019-06-28 09:30:00.000000063,99959,100,99920,200,99997,100,99916,200,100012,100,99910,100,100016,100,99879,100,100046,200,99871,100,100054,100,99870,100,100055,100,,,100061,100,,,100063,100,,,100078,100,,
2019-06-28 09:30:00.000000067,99997,100,99920,200,100012,100,99916,200,100016,100,99910,100,100046,200,99879,100,100054,100,99871,100,100055,100,99870,100,100061,100,,,100063,100,,,100078,100,,,100079,100,,
2019-06-28 09:30:00.000000069,99959,100,99920,200,99997,100,99916,200,100012,100,99910,100,100016,100,99879,100,100046,200,99871,100,100054,100,99870,100,100055,100,,,100061,100,,,100063,100,,,100078,100,,
2019-06-28 09:30:00.000000073,99959,100,99920,200,99997,100,99916,200,100012,100,99910,100,100016,100,99891,100,100034,100,99879,100,100046,200,99871,100,100054,100,99870,100,100055,100,,,100061,100,,,100063,100,,
2019-06-28 09:30:00.000000074,99997,100,99920,200,100012,100,99916,200,100016,100,99910,100,100034,100,99891,100,100046,200,99879,100,100054,100,99871,100,100055,100,99870,100,100061,100,,,100063,100,,,100078,100,,
2019-06-28 09:30:00.000000075,99997,100,99920,100,100012,100,99916,200,100016,100,99910,100,100034,100,99891,100,100046,200,99879,100,100054,100,99871,100,100055,100,99870,100,100061,100,,,100063,100,,,100078,100,,
2019-06-28 09:30:00.000000076,99997,100,99924,100,100012,100,99920,100,100016,100,99916,200,100034,100,99910,100,100046,200,99891,100,100054,100,99879,100,100055,100,99871,100,100061,100,99870,100,100063,100,,,100078,100,,
2019-06-28 09:30:00.000000083,99997,100,99924,100,100012,100,99920,100,100016,100,99916,200,100034,100,99910,100,100046,200,99891,100,100054,100,99879,100,100055,100,99871,100,100061,100,99870,100,100063,100,,,100078,100,,
2019-06-28 09:30:00.000000084,99997,100,99924,100,100012,100,99920,100,100016,100,99916,200,100034,100,99910,100,100046,200,99891,100,100049,100,99879,100,100054,100,99871,100,100055,100,99870,100,100061,100,,,100063,100,,
2019-06-28 09:30:00.000000086,100012,100,99924,100,100016,100,99920,100,100034,100,99916,200,100046,200,99910,100,100049,100,99891,100,100054,100,99879,100,100055,100,99871,100,100061,100,99870,100,100063,100,,,100078,100,,
2019-06-28 09:30:00.000000087,99997,100,99924,100,100012,200,99920,100,100016,100,99916,200,100022,100,99910,100,100034,100,99891,100,100046,200,99879,100,100049,100,99871,100,100054,100,99870,100,100055,100,,,100061,100,,
2019-06-28 09:30:00.000000089,99997,100,99924,100,100012,200,99920,100,100016,100,99916,200,100022,100,99910,100,100034,100,99897,100,100046,200,99891,100,100049,100,99879,100,100054,100,99871,100,100055,100,99870,100,100061,100,,
2019-06-28 09:30:00.000000090,99997,100,99975,100,100007,100,99924,100,100012,200,99920,100,100016,100,99916,200,100022,100,99910,100,100034,100,99897,100,100046,200,99891,100,100049,100,99879,100,100054,100,99871,100,100055,100,99870,100
2019-06-28 09:30:00.000000093,99997,200,99975,100,100007,100,99924,100,100012,200,99920,100,100016,100,99916,200,100022,100,99910,100,100034,100,99897,100,100046,200,99891,100,100049,100,99879,100,100054,100,99871,100,100055,100,99870,100
2019-06-28 09:30:00.000000094,99997,300,99975,100,100007,100,99974,100,100012,200,99924,100,100016,100,99920,100,100022,100,99916,200,100034,100,99910,100,100046,200,99897,100,100049,100,99891,100,100054,100,99879,100,100055,100,99871,100
2019-06-28 09:30:00.000000098,99980,100,99975,100,99997,300,99974,100,100007,100,99925,100,100012,200,99924,100,100016,100,99920,100,100022,100,99916,200,100034,100,99910,100,100046,200,99897,100,100049,100,99891,100,100054,100,99879,100
2019-06-28 09:30:01.445764969,99980,100,99975,100,99997,300,99974,100,100007,100,99925,200,100012,200,99924,100,100016,100,99920,100,100022,100,99916,200,100034,100,99910,100,100046,200,99897,100,100049,100,99891,100,100054,100,99879,100
2019-06-28 09:30:06.431866285,99980,100,99975,100,99997,400,99974,100,100007,100,99925,200,100012,200,99924,100,100016,100,99920,100,100022,100,99916,200,100034,100,99910,100,100046,100,99897,100,100049,100,99891,100,100054,100,99879,100
2019-06-28 09:30:09.958238183,99980,100,99975,100,99997,400,99974,100,100007,100,99925,300,100012,200,99924,100,100016,100,99920,100,100022,100,99916,200,100034,100,99910,100,100046,100,99897,100,100049,100,99891,100,100054,100,99879,100
2019-06-28 09:30:10.000000000,99980,199,99975,199,99997,499,99974,199,100007,199,99925,399,100012,299,99924,199,100016,199,99920,199,100022,100,99916,200,100034,100,99910,100,100046,100,99897,100,100049,100,99891,100,100054,100,99879,100
2019-06-28 09:30:20.000000000,99980,224,99975,224,99997,524,99974,224,100007,224,99925,424,100012,324,99924,224,100016,100,99920,100,100022,100,99916,200,100034,100,99910,100,100046,100,99897,100,100049,100,99891,100,100054,100,99879,100
2019-06-28 09:30:28.226889098,99980,224,99975,224,99997,524,99974,224,100007,224,99925,424,100012,324,99924,224,100016,100,99920,100,100022,100,99916,200,100034,100,99910,100,100046,100,99897,100,100049,100,99891,100,100054,100,99879,100
2019-06-28 09:30:30.000000000,99980,347,99975,347,99997,647,99974,347,100007,100,99925,300,100012,200,99924,100,100016,100,99920,100,100022,100,99916,200,100034,100,99910,100,100046,100,99897,100,100049,100,99891,100,100054,100,99879,100
2019-06-28 09:30:34.282339498,99980,347,99975,347,99997,647,99974,347,100007,100,99925,300,100012,200,99924,100,100016,100,99920,100,100022,100,99916,200,100034,100,99910,100,100046,100,99897,100,100049,100,99891,100,100054,100,99879,100
2019-06-28 09:30:40.000000000,99980,594,99975,594,99997,400,99974,100,100007,100,99925,300,100012,200,99924,100,100016,100,99920,100,100022,100,99916,200,100034,100,99910,100,100046,100,99897,100,100049,100,99891,100,100054,100,99879,100
2019-06-28 09:30:50.000000000,99980,268,99975,268,99997,563,99974,263,100007,263,99925,463,100012,200,99924,100,100016,100,99920,100,100022,100,99916,200,100034,100,99910,100,100046,100,99897,100,100049,100,99891,100,100054,100,99879,100
2019-06-28 09:30:59.953846668,99980,268,99975,168,99997,563,99974,263,100007,263,99925,463,100012,200,99924,100,100016,100,99920,100,100022,100,99916,200,100034,100,99910,100,100046,100,99897,100,100049,100,99891,100,100054,100,99879,100
2019-06-28 09:31:00.000000000,99980,268,99974,268,99997,563,99925,463,100007,263,99924,263,100012,200,99920,100,100016,100,99916,200,100022,100,99910,100,100034,100,99897,100,100046,100,99891,100,100049,100,99879,100,100054,100,99870,100
2019-06-28 09:31:10.000000000,99980,594,99974,594,99997,400,99925,300,100007,100,99924,100,100012,200,99920,100,100016,100,99916,200,100022,100,99910,100,100034,100,99897,100,100046,100,99891,100,100049,100,99879,100,100054,100,99870,100
2019-06-28 09:31:17.993987017,99980,594,99974,494,99997,400,99925,300,100007,100,99924,100,100012,200,99920,100,100016,100,99916,200,100022,100,99910,100,100034,100,99897,100,100046,100,99891,100,100049,100,99879,100,100054,100,99870,100
2019-06-28 09:31:20.000000000,99980,224,99925,424,99997,524,99924,224,100007,224,99920,224,100012,324,99916,324,100016,100,99910,100,100022,100,99897,100,100034,100,99891,100,100046,100,99879,100,100049,100,99870,100,100054,100,99604,100
2019-06-28 09:31:23.547073524,99980,224,99925,424,99997,524,99924,224,100007,224,99920,224,100012,324,99916,324,100016,100,99910,100,100022,100,99897,100,100034,100,99891,100,100046,100,99879,100,100049,100,99870,100,100054,100,99604,100
2019-06-28 09:31:27.444938982,99980,224,99925,324,99997,524,99924,224,100007,224,99920,224,100012,324,99916,324,100016,100,99910,100,100022,100,99897,100,100034,100,99891,100,100046,100,99879,100,100049,100,99870,100,100054,100,99604,100
2019-06-28 09:31:30.000000000,99980,347,99925,447,99997,647,99924,347,100007,100,99920,100,100012,200,99916,200,100016,100,99910,100,100022,100,99897,100,100034,100,99891,100,100046,100,99879,100,100049,100,99870,100,100054,100,99604,100
2019-06-28 09:31:40.000000000,99980,594,99925,694,99997,400,99924,100,100007,100,99920,100,100012,200,99916,200,100016,100,99910,100,100022,100,99897,100,100034,100,99891,100,100046,100,99879,100,100049,100,99870,100,100054,100,99604,100
2019-06-28 09:31:48.318376356,99980,594,99925,594,99997,400,99924,100,100007,100,99920,100,100012,200,99916,100,100016,100,99910,100,100022,100,99897,100,100034,100,99891,100,100046,100,99879,100,100049,100,99870,100,100054,100,99604,100
2019-06-28 09:31:50.000000000,99980,347,99925,347,99997,647,99924,347,100007,100,99920,100,100012,200,99916,100,100016,100,99910,100,100022,100,99897,100,100034,100,99891,100,100046,100,99879,100,100049,100,99870,100,100054,100,99604,100
2019-06-28 09:31:50.984581791,99980,347,99925,347,99997,647,99924,347,100007,100,99920,100,100012,200,99916,100,100016,100,99910,100,100022,100,99897,100,100034,100,99891,100,100046,100,99879,100,100049,100,99870,100,100054,100,99604,100
2019-06-28 09:32:00.000000000,99980,224,99925,224,99997,524,99924,224,100007,224,99920,224,100012,324,99916,224,100016,100,99910,100,100022,100,99897,100,100034,100,99891,100,100046,100,99879,100,100049,100,99870,100,100054,100,99604,100
2019-06-28 09:32:05.130337318,99980,224,99925,124,99997,524,99924,224,100007,224,99920,224,100012,324,99916,224,100016,100,99910,100,100022,100,99897,100,100034,100,99891,100,100046,100,99879,100,100049,100,99870,100,100054,100,99604,100
2019-06-28 09:32:10.000000000,99980,268,99924,268,99997,563,99920,263,100007,263,99916,263,100012,200,99910,100,100016,100,99897,100,100022,100,99891,100,100034,100,99879,100,100046,100,99870,100,100049,100,99604,100,100054,100,99480,100
2019-06-28 09:32:19.934018592,99980,268,99924,168,99997,563,99920,263,100007,263,99916,263,100012,200,99910,100,100016,100,99897,100,100022,100,99891,100,100034,100,99879,100,100046,100,99870,100,100049,100,99604,100,100054,100,99480,100
2019-06-28 09:32:20.000000000,99980,268,99920,268,99997,563,99916,263,100007,263,99910,263,100012,200,99897,100,100016,100,99891,100,100022,100,99879,100,100034,100,99870,100,100046,100,99604,100,100049,100,99480,100,100054,100,99058,100
2019-06-28 09:32:20.469122699,99980,168,99920,268,99997,563,99916,263,100007,263,99910,263,100012,200,99897,100,100016,100,99891,100,100022,100,99879,100,100034,100,99870,100,100046,100,99604,100,100049,100,99480,100,100054,100,99465,100
2019-06-28 09:32:21.656548161,99980,168,99920,268,99997,563,99916,263,100007,263,99910,263,100012,200,99897,100,100016,100,99891,100,100034,100,99879,100,100046,100,99870,100,100049,100,99604,100,100054,100,99480,100,100055,100,99465,100
2019-06-28 09:32:26.766123805,99980,168,99920,168,99997,563,99916,263,100007,263,99910,263,100012,200,99897,100,100016,100,99891,100,100034,100,99879,100,100046,100,99870,100,100049,100,99604,100,100054,100,99480,100,100055,100,99465,100
2019-06-28 09:32:28.065769951,99924,100,99920,168,99980,168,99916,263,99997,563,99910,263,100007,263,99897,100,100012,200,99891,100,100016,100,99879,100,100034,100,99870,100,100046,100,99604,100,100049,100,99480,100,100054,100,99465,100
2019-06-28 09:32:30.000000000,99924,268,99916,268,99997,563,99910,263,100007,263,99897,263,100012,200,99891,100,100016,100,99879,100,100034,100,99870,100,100046,100,99604,100,100049,100,99480,100,100054,100,99465,100,100055,100,99270,100
2019-06-28 09:32:37.488093443,99924,268,99916,268,99997,563,99910,263,100007,263,99897,263,100012,200,99891,100,100016,100,99879,100,100034,100,99870,100,100046,100,99604,100,100049,100,99480,100,100054,100,99465,100,100061,100,99348,100
2019-06-28 09:32:40.000000000,99924,347,99916,347,99997,647,99910,347,100007,100,99897,100,100012,200,99891,100,100016,100,99879,100,100034,100,99870,100,100046,100,99604,100,100049,100,99480,100,100054,100,99465,100,100061,100,99348,100
2019-06-28 09:32:41.463501382,99924,347,99916,347,99997,647,99910,347,100007,100,99897,100,100012,200,99891,100,100016,100,99879,100,100034,100,99870,100,100046,100,99604,100,100049,100,99480,100,100054,100,99465,100,100061,100,99348,100
2019-06-28 09:32:49.121590527,99924,347,99916,247,99997,647,99910,347,100007,100,99897,100,100012,200,99891,100,100016,100,99879,100,100034,100,99870,100,100046,100,99604,100,100049,100,99480,100,100054,100,99465,100,100061,100,99348,100
2019-06-28 09:32:50.000000000,99924,347,99910,347,99997,647,99897,347,100007,100,99891,100,100012,200,99879,100,100016,100,99870,100,100034,100,99604,100,100046,100,99480,100,100049,100,99465,100,100054,100,99348,100,100061,100,99270,100
2019-06-28 09:33:00.000000000,99924,268,99910,268,99997,563,99897,263,100007,263,99891,263,100012,200,99879,100,100016,100,99870,100,100034,100,99604,100,100046,100,99480,100,100049,100,99465,100,100054,100,99348,100,100061,100,99270,100
2019-06-28 09:33:05.230404166,99924,268,99910,268,99997,563,99897,263,100007,263,99891,263,100012,200,99879,100,100016,100,99870,100,100034,100,99604,100,100046,100,99498,100,100049,100,99480,100,100054,100,99465,100,100061,100,99348,100
2019-06-28 09:33:10.000000000,99924,594,99910,594,99997,400,99897,100,100007,100,99891,100,100012,200,99879,100,100016,100,99870,100,100034,100,99604,100,100046,100,99498,100,100049,100,99480,100,100054,100,99465,100,100061,100,99348,100
2019-06-28 09:33:13.661744151,99924,594,99910,494,99997,400,99897,100,100007,100,99891,100,100012,200,99879,100,100016,100,99870,100,100034,100,99604,100,100046,100,99498,100,100049,100,99480,100,100054,100,99348,100,100061,100,99270,100
2019-06-28 09:33:17.881403722,99924,594,99910,494,99997,400,99897,100,100007,100,99891,100,100012,200,99879,100,100016,100,99870,100,100034,100,99604,100,100046,100,99498,100,100049,100,99480,100,100054,100,99422,100,100061,100,99348,100
2019-06-28 09:33:20.000000000,99924,594,99897,594,99997,400,99891,100,100007,100,99879,100,100012,200,99870,100,100016,100,99604,100,100034,100,99498,100,100046,100,99480,100,100049,100,99422,100,100054,100,99348,100,100061,100,99270,100
2019-06-28 09:33:30.000000000,99924,268,99897,268,99997,563,99891,263,100007,263,99879,263,100012,200,99870,100,100016,100,99604,100,100034,100,99498,100,100046,100,99480,100,100049,100,99422,100,100054,100,99348,100,100061,100,99270,100
2019-06-28 09:33:40.000000000,99924,199,99897,199,99997,499,99891,199,100007,199,99879,199,100012,299,99870,199,100016,199,99604,199,100034,100,99498,100,100046,100,99480,100,100049,100,99422,100,100054,100,99348,100,100061,100,99270,100
2019-06-28 09:33:43.017959948,99924,199,99897,199,99997,499,99891,199,100007,199,99879,199,100012,299,99870,199,100016,199,99604,199,100034,100,99557,100,100046,100,99498,100,100049,100,99480,100,100054,100,99422,100,100061,100,99348,100
2019-06-28 09:33:50.000000000,99924,224,99897,224,99997,524,99891,224,100007,224,99879,224,100012,324,99870,224,100016,100,99604,100,100034,100,99557,100,100046,100,99498,100,100049,100,99480,100,100054,100,99422,100,100061,100,99348,100
2019-06-28 09:34:00.000000000,99924,199,99897,199,99997,499,99891,199,100007,199,99879,199,100012,299,99870,199,100016,199,99604,199,100034,100,99557,100,100046,100,99498,100,100049,100,99480,100,100054,100,99422,100,100061,100,99348,100
2019-06-28 09:34:05.368789019,99924,199,99897,99,99997,499,99891,199,100007,199,99879,199,100012,299,99870,199,100016,199,99604,199,100034,100,99557,100,100046,100,99498,100,100049,100,99480,100,100054,100,99422,100,100061,100,99348,100
2019-06-28 09:34:10.000000000,99924,347,99891,347,99997,647,99879,347,100007,100,99870,100,100012,200,99604,100,100016,100,99557,100,100034,100,99498,100,100046,100,99480,100,100049,100,99422,100,100054,100,99348,100,100061,100,99270,100
2019-06-28 09:34:20.000000000,99924,594,99891,594,99997,400,99879,100,100007,100,99870,100,100012,200,99604,100,100016,100,99557,100,100034,100,99498,100,100046,100,99480,100,100049,100,99422,100,100054,100,99348,100,100061,100,99270,100
2019-06-28 09:34:30.000000000,99924,199,99891,199,99997,499,99879,199,100007,199,99870,199,100012,299,99604,199,100016,199,99557,199,100034,100,99498,100,100046,100,99480,100,100049,100,99422,100,100054,100,99348,100,100061,100,99270,100
2019-06-28 09:34:30.074634945,99910,100,99891,199,99924,199,99879,199,99997,499,99870,199,100007,199,99604,199,100012,299,99557,199,100016,199,99498,100,100034,100,99480,100,100046,100,99422,100,100049,100,99348,100,100054,100,99270,100
2019-06-28 09:34:31.680933110,99910,100,99891,199,99924,199,99879,199,99997,499,99870,199,100007,199,99702,100,100012,299,99604,199,100016,199,99557,199,100034,100,99498,100,100046,100,99480,100,100049,100,99348,100,100054,100,99270,100
2019-06-28 09:34:34.868556617,99910,100,99891,199,99924,199,99879,199,99997,499,99870,199,100007,199,99702,100,100012,299,99669,100,100016,199,99604,199,100034,100,99557,199,100046,100,99498,100,100049,100,99480,100,100054,100,99348,100
2019-06-28 09:34:40.000000000,99910,199,99891,199,99924,199,99879,199,99997,499,99870,199,100007,199,99702,199,100012,299,99669,199,100016,100,99604,100,100034,100,99557,100,100046,100,99498,100,100049,100,99480,100,100054,100,99348,100
2019-06-28 09:34:50.000000000,99910,594,99891,594,99924,100,99879,100,99997,400,99870,100,100007,100,99702,100,100012,200,99669,100,100016,100,99604,100,100034,100,99557,100,100046,100,99498,100,100049,100,99480,100,100054,100,99348,100
2019-06-28 09:34:59.378071103,99910,594,99898,100,99924,100,99891,594,99997,300,99879,100,100007,100,99870,100,100012,200,99702,100,100016,100,99669,100,100034,100,99604,100,100046,100,99557,100,100049,100,99498,100,100054,100,99480,100
2019-06-28 09:35:00.000000000,99910,224,99898,224,99924,224,99891,224,99997,424,99879,224,100007,224,99870,224,100012,200,99702,100,100016,100,99669,100,100034,100,99604,100,100046,100,99557,100,100049,100,99498,100,100054,100,99480,100
2019-06-28 09:35:02.291379195,99910,224,99898,224,99924,224,99891,224,99989,100,99879,224,99997,424,99870,224,100007,224,99702,100,100012,200,99669,100,100016,100,99604,100,100034,100,99498,100,100046,100,99480,100,100049,100,99348,100
2019-06-28 09:35:10.000000000,99910,268,99898,268,99924,263,99891,263,99989,263,99879,263,99997,300,99870,100,100007,100,99702,100,100012,200,99669,100,100016,100,99604,100,100034,100,99498,100,100046,100,99480,100,100049,100,99348,100
2019-06-28 09:35:14.267565787,99910,168,99898,268,99924,263,99891,263,99989,263,99879,263,99997,200,99870,100,100007,100,99702,100,100012,200,99669,100,100016,100,99604,100,100034,100,99498,100,100046,100,99480,100,100049,100,99348,100
2019-06-28 09:35:20.000000000,99924,199,99898,199,99989,199,99891,199,99997,299,99879,199,100007,199,99870,199,100012,299,99702,199,100016,100,99669,100,100034,100,99604,100,100046,100,99498,100,100049,100,99480,100,100054,100,99348,100
2019-06-28 09:35:30.000000000,99924,594,99898,594,99989,100,99891,100,99997,200,99879,100,100007,100,99870,100,100012,200,99702,100,100016,100,99669,100,100034,100,99604,100,100046,100,99498,100,100049,100,99480,100,100054,100,99348,100
2019-06-28 09:35:40.000000000,99924,347,99898,347,99989,347,99891,347,99997,200,99879,100,100007,100,99870,100,100012,200,99702,100,100016,100,99669,100,100034,100,99604,100,100046,100,99498,100,100049,100,99480,100,100054,100,99348,100
2019-06-28 09:35:45.478056850,99924,347,99898,347,99989,347,99891,347,99997,200,99886,100,100007,100,99879,100,100012,200,99870,100,100016,100,99702,100,100034,100,99669,100,100046,100,99604,100,100049,100,99498,100,100054,100,99480,100
2019-06-28 09:35:47.715268380,99924,347,99902,100,99989,347,99898,347,99997,200,99891,347,100007,100,99886,100,100012,200,99879,100,100016,100,99870,100,100034,100,99702,100,100046,100,99669,100,100049,100,99604,100,100054,100,99498,100
2019-06-28 09:35:48.195934805,99924,347,99902,100,99989,347,99898,347,99997,200,99891,347,100007,100,99886,100,100012,200,99879,100,100016,100,99870,100,100034,100,99740,100,100046,100,99702,100,100049,100,99604,100,100054,100,99498,100
2019-06-28 09:35:50.000000000,99924,347,99902,347,99989,347,99898,347,99997,200,99891,100,100007,100,99886,100,100012,200,99879,100,100016,100,99870,100,100034,100,99740,100,100046,100,99702,100,100049,100,99604,100,100054,100,99498,100
2019-06-28 09:36:00.000000000,99924,268,99902,268,99989,263,99898,263,99997,363,99891,263,100007,100,99886,100,100012,200,99879,100,100016,100,99870,100,100034,100,99740,100,100046,100,99702,100,100049,100,99604,100,100054,100,99498,100
2019-06-28 09:36:01.276990917,99924,168,99902,268,99989,263,99898,263,99997,363,99891,263,100007,100,99886,100,100012,200,99879,100,100016,100,99870,100,100034,100,99740,100,100046,100,99702,100,100049,100,99604,100,100054,100,99498,100
2019-06-28 09:36:10.000000000,99989,347,99902,347,99997,447,99898,347,100007,100,99891,100,100012,200,99886,100,100016,100,99879,100,100034,100,99870,100,100046,100,99740,100,100049,100,99702,100,100054,100,99604,100,100061,100,99498,100
2019-06-28 09:36:20.000000000,99989,224,99902,224,99997,324,99898,224,100007,224,99891,224,100012,324,99886,224,100016,100,99879,100,100034,100,99870,100,100046,100,99740,100,100049,100,99702,100,100054,100,99604,100,100061,100,99498,100
2019-06-28 09:36:30.000000000,99989,268,99902,268,99997,363,99898,263,100007,263,99891,263,100012,200,99886,100,100016,100,99879,100,100034,100,99870,100,100046,100,99740,100,100049,100,99702,100,100054,100,99604,100,100061,100,99498,100
2019-06-28 09:36:40.000000000,99989,224,99902,224,99997,324,99898,224,100007,224,99891,224,100012,324,99886,224,100016,100,99879,100,100034,100,99870,100,100046,100,99740,100,100049,100,99702,100,100054,100,99604,100,100061,100,99498,100
2019-06-28 09:36:42.758928127,99989,224,99910,100,99997,324,99902,224,100007,224,99898,224,100012,324,99891,224,100016,100,99886,224,100034,100,99879,100,100046,100,99870,100,100049,100,99740,100,100054,100,99702,100,100061,100,99604,100
2019-06-28 09:36:50.000000000,99989,347,99910,347,99997,447,99902,347,100007,100,99898,100,100012,200,99891,100,100016,100,99886,100,100034,100,99879,100,100046,100,99870,100,100049,100,99740,100,100054,100,99702,100,100061,100,99604,100
2019-06-28 09:36:57.345290669,99989,347,99910,447,99997,447,99902,347,100007,100,99898,100,100012,200,99891,100,100016,100,99886,100,100034,100,99879,100,100046,100,99870,100,100049,100,99740,100,100054,100,99702,100,100061,100,99604,100
2019-06-28 09:37:00.000000000,99989,347,99910,447,99997,447,99902,347,100007,100,99898,100,100012,200,99891,100,100016,100,99886,100,100034,100,99879,100,100046,100,99870,100,100049,100,99740,100,100054,100,99702,100,100061,100,99604,100
2019-06-28 09:37:00.250408938,99989,347,99910,447,99997,447,99902,347,100007,100,99898,100,100012,200,99891,100,100016,100,99886,100,100034,100,99879,100,100046,100,99870,100,100049,100,99740,100,100054,100,99702,100,100061,100,99604,100
2019-06-28 09:37:01.842978396,99989,347,99910,447,99997,447,99902,347,100007,100,99898,100,100012,200,99891,100,100016,100,99886,100,100034,100,99879,100,100046,100,99870,100,100049,100,99740,100,100054,100,99702,100,100061,100,99604,100
2019-06-28 09:37:10.000000000,99989,268,99910,368,99997,363,99902,263,100007,263,99898,263,100012,200,99891,100,100016,100,99886,100,100034,100,99879,100,100046,100,99870,100,100049,100,99740,100,100054,100,99702,100,100061,100,99604,100
2019-06-28 09:37:20.000000000,99989,268,99910,368,99997,363,99902,263,100007,263,99898,263,100012,200,99891,100,100016,100,99886,100,100034,100,99879,100,100046,100,99870,100,100049,100,99740,100,100054,100,99702,100,100061,100,99604,100
2019-06-28 09:37:28.945271038,99989,268,99910,468,99997,363,99902,263,100007,263,99898,263,100012,200,99891,100,100016,100,99886,100,100034,100,99879,100,100046,100,99870,100,100049,100,99740,100,100054,100,99702,100,100061,100,99604,100
2019-06-28 09:37:30.000000000,99989,347,99910,547,99997,447,99902,347,100007,100,99898,100,100012,200,99891,100,100016,100,99886,100,100034,100,99879,100,100046,100,99870,100,100049,100,99740,100,100054,100,99702,100,100061,100,99604,100
2019-06-28 09:37:40.000000000,99989,594,99910,794,99997,200,99902,100,100007,100,99898,100,100012,200,99891,100,100016,100,99886,100,100034,100,99879,100,100046,100,99870,100,100049,100,99740,100,100054,100,99702,100,100061,100,99604,100
2019-06-28 09:37:49.434392115,99989,494,99910,794,99997,200,99902,100,100007,100,99898,100,100012,200,99891,100,100016,100,99886,100,100034,100,99870,100,100046,100,99740,100,100049,100,99702,100,100054,100,99604,100,100061,100,99498,100
2019-06-28 09:37:50.000000000,99997,324,99910,424,100007,224,99902,224,100012,324,99898,224,100016,224,99891,224,100034,100,99886,100,100046,100,99870,100,100049,100,99740,100,100054,100,99702,100,100061,100,99604,100,100063,100,99498,100
2019-06-28 09:37:51.106108689,99997,324,99910,424,100007,224,99902,224,100012,324,99898,224,100016,224,99891,224,100034,100,99886,100,100046,100,99870,100,100049,100,99740,100,100054,100,99702,100,100061,100,99498,100,100063,100,99480,100
2019-06-28 09:38:00.000000000,99997,299,99910,399,100007,199,99902,199,100012,299,99898,199,100016,199,99891,199,100034,199,99886,199,100046,100,99870,100,100049,100,99740,100,100054,100,99702,100,100061,100,99498,100,100063,100,99480,100
2019-06-28 09:38:05.558744530,99997,299,99910,399,100007,199,99902,199,100012,299,99898,199,100016,199,99891,199,100034,199,99886,199,100046,100,99870,100,100049,100,99740,100,100054,100,99702,100,100061,100,99498,100,100063,100,99480,100
2019-06-28 09:38:10.000000000,99997,447,99910,547,100007,347,99902,347,100012,200,99898,100,100016,100,99891,100,100034,100,99886,100,100046,100,99870,100,100049,100,99740,100,100054,100,99702,100,100061,100,99498,100,100063,100,99480,100
2019-06-28 09:38:14.173159566,99997,447,99910,547,100007,347,99902,347,100012,200,99898,100,100016,100,99891,100,100034,100,99886,100,100046,100,99870,100,100049,100,99740,100,100054,100,99702,100,100061,100,99498,100,100063,100,99480,100
2019-06-28 09:38:19.333745966,99997,447,99910,547,100007,347,99902,347,100012,200,99898,100,100016,100,99891,100,100034,100,99886,100,100046,100,99870,100,100049,100,99740,100,100054,100,99702,100,100061,100,99498,100,100063,100,99480,100
2019-06-28 09:38:20.000000000,99997,299,99910,399,100007,199,99902,199,100012,299,99898,199,100016,199,99891,199,100034,199,99886,199,100046,100,99870,100,100049,100,99740,100,100054,100,99702,100,100061,100,99498,100,100063,100,99480,100
2019-06-28 09:38:30.000000000,99997,324,99910,424,100007,224,99902,224,100012,324,99898,224,100016,224,99891,224,100034,100,99886,100,100046,100,99870,100,100049,100,99740,100,100054,100,99702,100,100061,100,99498,100,100063,100,99480,100
2019-06-28 09:38:36.195273546,99997,324,99910,424,100007,224,99902,224,100012,224,99898,224,100016,224,99891,224,100034,100,99886,100,100046,100,99870,100,100049,100,99740,100,100054,100,99702,100,100061,100,99498,100,100063,100,99480,100
2019-06-28 09:38:40.000000000,99997,324,99910,424,100007,224,99902,224,100012,224,99898,224,100016,224,99891,224,100034,100,99886,100,100046,100,99870,100,100049,100,99740,100,100054,100,99702,100,100061,100,99498,100,100063,100,99480,100
2019-06-28 09:38:50.000000000,99997,368,99910,468,100007,263,99902,263,100012,263,99898,263,100016,100,99891,100,100034,100,99886,100,100046,100,99870,100,100049,100,99740,100,100054,100,99702,100,100061,100,99498,100,100063,100,99480,100
2019-06-28 09:39:00.000000000,99997,694,99910,794,100007,100,99902,100,100012,100,99898,100,100016,100,99891,100,100034,100,99886,100,100046,100,99870,100,100049,100,99740,100,100054,100,99702,100,100061,100,99498,100,100063,100,99480,100
2019-06-28 09:39:10.000000000,99997,324,99910,424,100007,224,99902,224,100012,224,99898,224,100016,224,99891,224,100034,100,99886,100,100046,100,99870,100,100049,100,99740,100,100054,100,99702,100,100061,100,99498,100,100063,100,99480,100
2019-06-28 09:39:20.000000000,99997,368,99910,468,100007,263,99902,263,100012,263,99898,263,100016,100,99891,100,100034,100,99886,100,100046,100,99870,100,100049,100,99740,100,100054,100,99702,100,100061,100,99498,100,100063,100,99480,100
2019-06-28 09:39:21.158585299,99997,268,99910,468,100007,263,99902,263,100012,263,99898,263,100016,100,99891,100,100034,100,99886,100,100046,100,99870,100,100049,100,99740,100,100054,100,99702,100,100061,100,99498,100,100063,100,99480,100
2019-06-28 09:39:30.000000000,99997,594,99910,794,100007,100,99902,100,100012,100,99898,100,100016,100,99891,100,100034,100,99886,100,100046,100,99870,100,100049,100,99740,100,100054,100,99702,100,100061,100,99498,100,100063,100,99480,100
2019-06-28 09:39:33.466777664,99997,594,99989,100,100007,100,99910,794,100012,100,99902,100,100016,100,99891,100,100034,100,99886,100,100046,100,99870,100,100049,100,99740,100,100054,100,99702,100,100061,100,99498,100,100063,100,99480,100
2019-06-28 09:39:34.159870601,99997,594,99989,100,100007,100,99910,794,100012,100,99902,100,100016,100,99891,100,100034,100,99886,100,100046,100,99870,100,100049,100,99740,100,100054,100,99702,100,100061,100,99498,100,100063,100,99480,100
2019-06-28 09:39:40.000000000,99997,594,99989,594,100007,100,99910,300,100012,100,99902,100,100016,100,99891,100,100034,100,99886,100,100046,100,99870,100,100049,100,99740,100,100054,100,99702,100,100061,100,99498,100,100063,100,99480,100
2019-06-28 09:39:50.000000000,99997,347,99989,347,100007,347,99910,547,100012,100,99902,100,100016,100,99891,100,100034,100,99886,100,100046,100,99870,100,100049,100,99740,100,100054,100,99702,100,100061,100,99498,100,100063,100,99480,100
2019-06-28 09:40:00.000000000,99997,199,99989,199,100007,199,99910,399,100012,199,99902,199,100016,199,99891,199,100034,199,99886,199,100046,100,99870,100,100049,100,99740,100,100054,100,99702,100,100061,100,99498,100,100063,100,99480,100
2019-06-28 09:40:08.970651173,99997,199,99989,199,100007,199,99910,399,100012,199,99902,199,100016,199,99891,199,100034,199,99886,199,100046,100,99870,100,100049,100,99740,100,100054,100,99702,100,100061,100,99498,100,100063,100,99480,100
2019-06-28 09:40:10.000000000,99997,347,99989,347,100007,347,99910,547,100012,100,99902,100,100016,100,99891,100,100034,100,99886,100,100046,100,99870,100,100049,100,99740,100,100054,100,99702,100,100061,100,99498,100,100063,100,99480,100
2019-06-28 09:40:16.732200841,99997,347,99989,447,100007,347,99910,547,100012,100,99902,100,100016,100,99891,100,100034,100,99886,100,100046,100,99870,100,100049,100,99740,100,100054,100,99702,100,100061,100,99498,100,100063,100,99480,100
2019-06-28 09:40:20.000000000,99997,224,99989,324,100007,224,99910,424,100012,224,99902,224,100016,224,99891,224,100034,100,99886,100,100046,100,99870,100,100049,100,99740,100,100054,100,99702,100,100061,100,99498,100,100063,100,99480,100
2019-06-28 09:40:30.000000000,99997,199,99989,299,100007,199,99910,399,100012,199,99902,199,100016,199,99891,199,100034,199,99886,199,100046,100,99870,100,100049,100,99740,100,100054,100,99702,100,100061,100,99498,100,100063,100,99480,100
2019-06-28 09:40:32.637840913,99997,99,99989,299,100007,199,99910,399,100012,199,99902,199,100016,199,99891,199,100034,199,99886,199,100046,100,99870,100,100049,100,99740,100,100054,100,99702,100,100061,100,99498,100,100063,100,99480,100
2019-06-28 09:40:33.769727699,99997,99,99989,299,100007,199,99910,399,100012,199,99902,199,100016,199,99891,199,100034,199,99886,199,100046,100,99870,100,100049,100,99740,100,100054,100,99702,100,100061,100,99498,100,100063,100,99480,100
2019-06-28 09:40:40.000000000,100007,347,99989,447,100012,347,99910,547,100016,100,99902,100,100034,100,99891,100,100046,100,99886,100,100049,100,99870,100,100054,100,99740,100,100061,100,99702,100,100063,100,99498,100,100078,100,99480,100
2019-06-28 09:40:41.460027638,100007,247,99989,447,100012,347,99910,547,100016,100,99902,100,100034,100,99891,100,100046,100,99886,100,100049,100,99870,100,100054,100,99740,100,100061,100,99702,100,100063,100,99498,100,100078,100,99480,100
2019-06-28 09:40:50.000000000,100012,347,99989,447,100016,347,99910,547,100034,100,99902,100,100046,100,99891,100,100049,100,99886,100,100054,100,99870,100,100061,100,99740,100,100063,100,99702,100,100078,100,99498,100,100079,100,99480,100
2019-06-28 09:40:56.635212684,100012,347,99997,100,100016,347,99989,447,100034,100,99910,547,100046,100,99902,100,100049,100,99891,100,100054,100,99886,100,100061,100,99870,100,100063,100,99740,100,100078,100,99702,100,100079,100,99498,100
2019-06-28 09:41:00.000000000,100012,224,99997,224,100016,224,99989,324,100034,224,99910,424,100046,224,99902,224,100049,100,99891,100,100054,100,99886,100,100061,100,99870,100,100063,100,99740,100,100078,100,99702,100,100079,100,99498,100
2019-06-28 09:41:10.000000000,100012,268,99997,268,100016,263,99989,363,100034,263,99910,463,100046,100,99902,100,100049,100,99891,100,100054,100,99886,100,100061,100,99870,100,100063,100,99740,100,100078,100,99702,100,100079,100,99498,100
2019-06-28 09:41:13.367572486,100012,268,99997,268,100016,263,99989,363,100034,263,99910,463,100046,100,99902,100,100049,100,99891,100,100054,100,99886,100,100061,100,99870,100,100063,100,99740,100,100078,100,99702,100,100079,100,99498,100
2019-06-28 09:41:13.626758232,100012,268,99997,268,100016,263,99989,363,100034,163,99910,463,100046,100,99902,100,100049,100,99891,100,100054,100,99886,100,100061,100,99870,100,100063,100,99740,100,100078,100,99702,100,100079,100,99498,100
2019-06-28 09:41:14.471577403,100012,168,99997,268,100016,263,99989,363,100034,163,99910,463,100046,100,99902,100,100049,100,99891,100,100054,100,99886,100,100061,100,99870,100,100063,100,99740,100,100078,100,99702,100,100079,100,99498,100
2019-06-28 09:41:20.000000000,100016,224,99997,224,100046,224,99989,324,100049,224,99910,424,100054,224,99902,224,100061,100,99891,100,100063,100,99886,100,100078,100,99870,100,100079,100,99740,100,100092,100,99702,100,100120,100,99498,100
2019-06-28 09:41:30.000000000,100016,199,99997,199,100046,199,99989,299,100049,199,99910,399,100054,199,99902,199,100061,199,99891,199,100063,100,99886,100,100078,100,99870,100,100079,100,99740,100,100092,100,99702,100,100120,100,99498,100
2019-06-28 09:41:40.000000000,100016,268,99997,268,100046,263,99989,363,100049,263,99910,463,100054,100,99902,100,100061,100,99891,100,100063,100,99886,100,100078,100,99870,100,100079,100,99740,100,100092,100,99702,100,100120,100,99498,100
2019-06-28 09:41:50.000000000,100016,347,99997,347,100046,347,99989,447,100049,100,99910,300,100054,100,99902,100,100061,100,99891,100,100063,100,99886,100,100078,100,99870,100,100079,100,99740,100,100092,100,99702,100,100120,100,99498,100
2019-06-28 09:41:58.113104319,100016,347,99997,347,100046,347,99989,447,100049,100,99910,300,100054,100,99902,100,100061,100,99891,100,100063,100,99886,100,100078,100,99870,100,100079,100,99740,100,100092,100,99702,100,100120,100,99498,100
2019-06-28 09:42:00.000000000,100016,268,99997,268,100046,263,99989,363,100049,263,99910,463,100054,100,99902,100,100061,100,99891,100,100063,100,99886,100,100078,100,99870,100,100079,100,99740,100,100092,100,99702,100,100120,100,99498,100
2019-06-28 09:42:10.000000000,100016,199,99997,199,100046,199,99989,299,100049,199,99910,399,100054,199,99902,199,100061,199,99891,199,100063,100,99886,100,100078,100,99870,100,100079,100,99740,100,100092,100,99702,100,100120,100,99498,100
2019-06-28 09:42:20.000000000,100016,224,99997,224,100046,224,99989,324,100049,224,99910,424,100054,224,99902,224,100061,100,99891,100,100063,100,99886,100,100078,100,99870,100,100079,100,99740,100,100092,100,99702,100,100120,100,99498,100
2019-06-28 09:42:30.000000000,100016,224,99997,224,100046,224,99989,324,100049,224,99910,424,100054,224,99902,224,100061,100,99891,100,100063,100,99886,100,100078,100,99870,100,100079,100,99740,100,100092,100,99702,100,100120,100,99498,100
2019-06-28 09:42:40.000000000,100016,199,99997,199,100046,199,99989,299,100049,199,99910,399,100054,199,99902,199,100061,199,99891,199,100063,100,99886,100,100078,100,99870,100,100079,100,99740,100,100092,100,99702,100,100120,100,99498,100
2019-06-28 09:42:43.598107708,100016,199,99997,199,100046,199,99989,299,100049,199,99910,399,100054,199,99902,199,100061,199,99891,199,100063,100,99886,100,100078,100,99870,100,100079,100,99702,100,100092,100,99498,100,100120,100,99480,100
2019-06-28 09:42:44.602684946,100016,199,99997,199,100046,199,99989,299,100049,199,99910,399,100054,199,99902,99,100061,199,99891,199,100063,100,99886,100,100078,100,99870,100,100079,100,99702,100,100092,100,99498,100,100120,100,99480,100
2019-06-28 09:42:47.272746087,100016,99,99997,199,100046,199,99989,299,100049,199,99910,399,100054,199,99902,99,100061,199,99891,199,100063,100,99886,100,100078,100,99870,100,100079,100,99702,100,100092,100,99498,100,100120,100,99480,100
2019-06-28 09:42:50.000000000,100046,224,99997,224,100049,224,99989,324,100054,224,99910,424,100061,224,99891,224,100063,100,99886,100,100078,100,99870,100,100079,100,99702,100,100092,100,99498,100,100120,100,99480,100,100192,100,99348,100
2019-06-28 09:43:00.000000000,100046,199,99997,199,100049,199,99989,299,100054,199,99910,399,100061,199,99891,199,100063,199,99886,199,100078,100,99870,100,100079,100,99702,100,100092,100,99498,100,100120,100,99480,100,100192,100,99348,100
2019-06-28 09:43:09.912068951,100046,99,99997,199,100049,199,99989,299,100054,199,99910,399,100061,199,99891,199,100063,199,99886,199,100078,100,99870,100,100079,100,99702,100,100092,100,99498,100,100120,100,99480,100,100192,100,99348,100
2019-06-28 09:43:10.000000000,100049,594,99997,594,100054,100,99989,200,100061,100,99910,300,100063,100,99891,100,100078,100,99886,100,100079,100,99870,100,100092,100,99702,100,100120,100,99498,100,100192,100,99480,100,100202,100,99348,100
2019-06-28 09:43:13.354784641,100049,594,99997,594,100054,100,99989,200,100061,100,99910,300,100063,100,99891,100,100078,100,99886,100,100079,100,99870,100,100092,100,99702,100,100120,100,99498,100,100192,100,99480,100,100202,100,99348,100
2019-06-28 09:43:17.593464593,100049,594,99997,594,100054,100,99989,200,100061,100,99910,300,100078,100,99891,100,100079,100,99886,100,100092,100,99870,100,100120,100,99702,100,100192,100,99498,100,100202,100,99480,100,100261,100,99348,100
2019-06-28 09:43:20.000000000,100049,199,99997,199,100054,199,99989,299,100061,199,99910,399,100078,199,99891,199,100079,199,99886,199,100092,100,99870,100,100120,100,99702,100,100192,100,99498,100,100202,100,99480,100,100261,100,99348,100
2019-06-28 09:43:30.000000000,100049,347,99997,347,100054,347,99989,447,100061,100,99910,300,100078,100,99891,100,100079,100,99886,100,100092,100,99870,100,100120,100,99702,100,100192,100,99498,100,100202,100,99480,100,100261,100,99348,100
2019-06-28 09:43:40.000000000,100049,347,99997,347,100054,347,99989,447,100061,100,99910,300,100078,100,99891,100,100079,100,99886,100,100092,100,99870,100,100120,100,99702,100,100192,100,99498,100,100202,100,99480,100,100261,100,99348,100
2019-06-28 09:43:45.079435988,100049,347,99997,347,100054,347,99989,447,100061,100,99910,300,100078,100,99891,100,100079,100,99886,100,100092,100,99870,100,100120,100,99702,100,100192,100,99498,100,100202,100,99480,100,100261,100,99348,100
2019-06-28 09:43:50.000000000,100049,224,99997,224,100054,224,99989,324,100061,224,99910,424,100078,224,99891,224,100079,100,99886,100,100092,100,99870,100,100120,100,99702,100,100192,100,99498,100,100202,100,99480,100,100261,100,99348,100
2019-06-28 09:43:52.323142844,100049,224,100016,100,100054,224,99997,224,100061,224,99989,324,100078,224,99910,424,100079,100,99891,224,100092,100,99886,100,100120,100,99870,100,100192,100,99702,100,100202,100,99498,100,100261,100,99480,100
2019-06-28 09:44:00.000000000,100049,268,100016,268,100054,263,99997,263,100061,263,99989,363,100078,100,99910,300,100079,100,99891,100,100092,100,99886,100,100120,100,99870,100,100192,100,99702,100,100202,100,99498,100,100261,100,99480,100
2019-06-28 09:44:01.342314905,100049,268,100016,268,100054,263,99997,263,100061,263,99989,363,100078,100,99910,200,100079,100,99891,100,100092,100,99886,100,100120,100,99870,100,100192,100,99702,100,100202,100,99498,100,100261,100,99480,100
2019-06-28 09:44:10.000000000,100049,268,100016,268,100054,263,99997,263,100061,263,99989,363,100078,100,99910,200,100079,100,99891,100,100092,100,99886,100,100120,100,99870,100,100192,100,99702,100,100202,100,99498,100,100261,100,99480,100
2019-06-28 09:44:19.819506078,100049,268,100016,368,100054,263,99997,263,100061,263,99989,363,100078,100,99910,200,100079,100,99891,100,100092,100,99886,100,100120,100,99870,100,100192,100,99702,100,100202,100,99498,100,100261,100,99480,100
2019-06-28 09:44:20.000000000,100049,199,100016,299,100054,199,99997,199,100061,199,99989,299,100078,199,99910,299,100079,199,99891,199,100092,100,99886,100,100120,100,99870,100,100192,100,99702,100,100202,100,99498,100,100261,100,99480,100
2019-06-28 09:44:20.028075516,100054,199,100049,1,100061,199,100016,299,100078,199,99997,199,100079,199,99989,299,100092,100,99910,299,100120,100,99891,199,100192,100,99886,100,100202,100,99870,100,100261,100,99702,100,100602,100,99498,100
2019-06-28 09:44:24.070398151,100054,99,100049,1,100061,199,100016,299,100078,199,99997,199,100079,199,99989,299,100092,100,99910,299,100120,100,99891,199,100192,100,99886,100,100202,100,99870,100,100261,100,99702,100,100602,100,99498,100
2019-06-28 09:44:30.000000000,100061,224,100049,125,100078,224,100016,324,100079,224,99997,224,100092,224,99989,324,100120,100,99910,200,100192,100,99891,100,100202,100,99886,100,100261,100,99870,100,100602,100,99702,100,100643,100,99498,100
2019-06-28 09:44:40.000000000,100061,594,100049,495,100078,100,100016,200,100079,100,99997,100,100092,100,99989,200,100120,100,99910,200,100192,100,99891,100,100202,100,99886,100,100261,100,99870,100,100602,100,99702,100,100643,100,99498,100
2019-06-28 09:44:50.000000000,100061,199,100049,100,100078,199,100016,299,100079,199,99997,199,100092,199,99989,299,100120,199,99910,299,100192,100,99891,100,100202,100,99886,100,100261,100,99870,100,100602,100,99702,100,100643,100,99498,100
2019-06-28 09:45:00.000000000,100061,594,100049,495,100078,100,100016,200,100079,100,99997,100,100092,100,99989,200,100120,100,99910,200,100192,100,99891,100,100202,100,99886,100,100261,100,99870,100,100602,100,99702,100,100643,100,99498,100
2019-06-28 09:45:01.044635896,100061,594,100049,495,100078,100,100016,200,100079,100,99997,100,100092,100,99989,200,100120,100,99910,200,100192,100,99891,100,100202,100,99886,100,100261,100,99870,100,100414,100,99702,100,100602,100,99498,100
2019-06-28 09:45:03.870202504,100061,594,100049,495,100078,100,100016,200,100079,100,99997,100,100092,100,99989,200,100120,100,99910,100,100192,100,99891,100,100202,100,99886,100,100261,100,99870,100,100414,100,99702,100,100602,100,99498,100
2019-06-28 09:45:10.000000000,100061,594,100049,495,100078,100,100016,200,100079,100,99997,100,100092,100,99989,200,100120,100,99910,100,100192,100,99891,100,100202,100,99886,100,100261,100,99870,100,100414,100,99702,100,100602,100,99498,100
2019-06-28 09:45:15.787116348,100061,494,100049,495,100078,100,100016,200,100079,100,99997,100,100092,100,99989,200,100120,100,99910,100,100192,100,99891,100,100202,100,99886,100,100261,100,99870,100,100414,100,99702,100,100602,100,99498,100
2019-06-28 09:45:20.000000000,100078,268,100049,169,100079,263,100016,363,100092,263,99997,263,100120,100,99989,200,100192,100,99910,100,100202,100,99891,100,100261,100,99886,100,100414,100,99870,100,100602,100,99702,100,100643,100,99498,100
2019-06-28 09:45:24.840529076,100078,268,100054,100,100079,263,100049,169,100092,263,100016,363,100120,100,99997,263,100192,100,99989,200,100202,100,99910,100,100261,100,99891,100,100414,100,99886,100,100602,100,99870,100,100643,100,99702,100
2019-06-28 09:45:30.000000000,100078,347,100054,347,100079,347,100049,248,100092,100,100016,200,100120,100,99997,100,100192,100,99989,200,100202,100,99910,100,100261,100,99891,100,100414,100,99886,100,100602,100,99870,100,100643,100,99702,100
2019-06-28 09:45:40.000000000,100078,199,100054,199,100079,199,100049,100,100092,199,100016,299,100120,199,99997,199,100192,199,99989,299,100202,100,99910,100,100261,100,99891,100,100414,100,99886,100,100602,100,99870,100,100643,100,99702,100
2019-06-28 09:45:50.000000000,100078,268,100054,268,100079,263,100049,164,100092,263,100016,363,100120,100,99997,100,100192,100,99989,200,100202,100,99910,100,100261,100,99891,100,100414,100,99886,100,100602,100,99870,100,100643,100,99702,100
2019-06-28 09:46:00.000000000,100078,224,100054,224,100079,224,100049,125,100092,224,100016,324,100120,224,99997,224,100192,100,99989,200,100202,100,99910,100,100261,100,99891,100,100414,100,99886,100,100602,100,99870,100,100643,100,99702,100
2019-06-28 09:46:10.000000000,100078,199,100054,199,100079,199,100049,100,100092,199,100016,299,100120,199,99997,199,100192,199,99989,299,100202,100,99910,100,100261,100,99891,100,100414,100,99886,100,100602,100,99870,100,100643,100,99702,100
2019-06-28 09:46:17.864936272,100078,199,100054,199,100079,199,100049,100,100092,199,100016,299,100120,199,99997,199,100192,199,99989,299,100261,100,99910,100,100414,100,99891,100,100602,100,99886,100,100643,100,99870,100,100658,100,99774,100
2019-06-28 09:46:19.883485566,100078,199,100054,199,100079,199,100049,100,100092,199,100016,299,100120,199,99997,199,100192,199,99989,299,100261,100,99910,100,100414,100,99891,100,100602,100,99886,100,100643,100,99884,100,100658,100,99870,100
2019-06-28 09:46:20.000000000,100078,594,100054,594,100079,100,100049,1,100092,100,100016,200,100120,100,99997,100,100192,100,99989,200,100261,100,99910,100,100414,100,99891,100,100602,100,99886,100,100643,100,99884,100,100658,100,99870,100
2019-06-28 09:46:30.000000000,100078,199,100054,199,100079,199,100049,100,100092,199,100016,299,100120,199,99997,199,100192,199,99989,299,100261,100,99910,100,100414,100,99891,100,100602,100,99886,100,100643,100,99884,100,100658,100,99870,100
2019-06-28 09:46:33.552598373,100078,199,100054,199,100079,199,100049,100,100092,199,100016,299,100120,199,99997,199,100192,199,99989,299,100261,100,99910,100,100414,100,99891,100,100602,100,99886,100,100643,100,99884,100,100658,100,99870,100
2019-06-28 09:46:40.000000000,100078,594,100054,594,100079,100,100049,1,100092,100,100016,200,100120,100,99997,100,100192,100,99989,200,100261,100,99910,100,100414,100,99891,100,100602,100,99886,100,100643,100,99884,100,100658,100,99870,100
2019-06-28 09:46:49.837844170,100078,594,100054,594,100079,100,100049,1,100092,100,100016,200,100120,100,99997,100,100192,100,99989,200,100261,100,99910,100,100414,100,99891,100,100602,100,99886,100,100643,100,99884,100,100658,100,99870,100
2019-06-28 09:46:50.000000000,100078,347,100054,347,100079,347,100049,248,100092,100,100016,200,100120,100,99997,100,100192,100,99989,200,100261,100,99910,100,100414,100,99891,100,100602,100,99886,100,100643,100,99884,100,100658,100,99870,100
2019-06-28 09:47:00.000000000,100078,347,100054,347,100079,347,100049,248,100092,100,100016,200,100120,100,99997,100,100192,100,99989,200,100261,100,99910,100,100414,100,99891,100,100602,100,99886,100,100643,100,99884,100,100658,100,99870,100
2019-06-28 09:47:10.000000000,100078,199,100054,199,100079,199,100049,100,100092,199,100016,299,100120,199,99997,199,100192,199,99989,299,100261,100,99910,100,100414,100,99891,100,100602,100,99886,100,100643,100,99884,100,100658,100,99870,100
2019-06-28 09:47:20.000000000,100078,199,100054,199,100079,199,100049,100,100092,199,100016,299,100120,199,99997,199,100192,199,99989,299,100261,100,99910,100,100414,100,99891,100,100602,100,99886,100,100643,100,99884,100,100658,100,99870,100
2019-06-28 09:47:28.239829366,100078,199,100054,199,100079,199,100049,100,100092,199,100016,299,100120,199,99997,199,100192,199,99989,299,100261,100,99910,100,100414,100,99891,100,100602,100,99886,100,100643,100,99884,100,100658,100,99870,100
2019-06-28 09:47:29.105766108,100078,199,100054,199,100079,199,100049,100,100092,199,100016,299,100120,199,99997,199,100192,199,99989,299,100261,100,99910,100,100414,100,99891,100,100602,100,99886,100,100643,100,99884,100,100658,100,99870,100
2019-06-28 09:47:29.623417234,100078,199,100054,99,100079,199,100049,100,100092,199,100016,299,100120,199,99997,199,100192,199,99989,299,100261,100,99910,100,100414,100,99891,100,100602,100,99886,100,100643,100,99884,100,100658,100,99870,100
2019-06-28 09:47:30.000000000,100078,268,100049,169,100079,263,100016,363,100092,263,99997,263,100120,100,99989,200,100192,100,99910,100,100261,100,99891,100,100414,100,99886,100,100602,100,99884,100,100643,100,99870,100,100658,100,99774,100
2019-06-28 09:47:40.000000000,100078,224,100049,125,100079,224,100016,324,100092,224,99997,224,100120,224,99989,324,100192,100,99910,100,100261,100,99891,100,100414,100,99886,100,100602,100,99884,100,100643,100,99870,100,100658,100,99774,100
2019-06-28 09:47:50.000000000,100078,268,100049,169,100079,263,100016,363,100092,263,99997,263,100120,100,99989,200,100192,100,99910,100,100261,100,99891,100,100414,100,99886,100,100602,100,99884,100,100643,100,99870,100,100658,100,99774,100
2019-06-28 09:47:51.965943747,100060,100,100049,169,100078,268,100016,363,100079,263,99997,263,100092,263,99989,200,100120,100,99910,100,100192,100,99891,100,100261,100,99886,100,100414,100,99884,100,100602,100,99870,100,100643,100,99774,100
2019-06-28 09:48:00.000000000,100060,347,100049,248,100078,347,100016,447,100079,100,99997,100,100092,100,99989,200,100120,100,99910,100,100192,100,99891,100,100261,100,99886,100,100414,100,99884,100,100602,100,99870,100,100643,100,99774,100
2019-06-28 09:48:02.131402996,100060,447,100049,248,100078,347,100016,447,100079,100,99997,100,100092,100,99989,200,100120,100,99910,100,100192,100,99891,100,100261,100,99886,100,100414,100,99884,100,100602,100,99870,100,100643,100,99774,100
2019-06-28 09:48:10.000000000,100060,324,100049,125,100078,224,100016,324,100079,224,99997,224,100092,224,99989,324,100120,100,99910,100,100192,100,99891,100,100261,100,99886,100,100414,100,99884,100,100602,100,99870,100,100643,100,99774,100
2019-06-28 09:48:20.000000000,100060,368,100049,169,100078,263,100016,363,100079,263,99997,263,100092,100,99989,200,100120,100,99910,100,100192,100,99891,100,100261,100,99886,100,100414,100,99884,100,100602,100,99870,100,100643,100,99774,100
2019-06-28 09:48:30.000000000,100060,694,100049,495,100078,100,100016,200,100079,100,99997,100,100092,100,99989,200,100120,100,99910,100,100192,100,99891,100,100261,100,99886,100,100414,100,99884,100,100602,100,99870,100,100643,100,99774,100
2019-06-28 09:48:40.000000000,100060,447,100049,248,100078,347,100016,447,100079,100,99997,100,100092,100,99989,200,100120,100,99910,100,100192,100,99891,100,100261,100,99886,100,100414,100,99884,100,100602,100,99870,100,100643,100,99774,100
2019-06-28 09:48:50.000000000,100060,447,100049,248,100078,347,100016,447,100079,100,99997,100,100092,100,99989,200,100120,100,99910,100,100192,100,99891,100,100261,100,99886,100,100414,100,99884,100,100602,100,99870,100,100643,100,99774,100
2019-06-28 09:49:00.000000000,100060,447,100049,248,100078,347,100016,447,100079,100,99997,100,100092,100,99989,200,100120,100,99910,100,100192,100,99891,100,100261,100,99886,100,100414,100,99884,100,100602,100,99870,100,100643,100,99774,100
2019-06-28 09:49:10.000000000,100060,299,100049,100,100078,199,100016,299,100079,199,99997,199,100092,199,99989,299,100120,199,99910,199,100192,100,99891,100,100261,100,99886,100,100414,100,99884,100,100602,100,99870,100,100643,100,99774,100
2019-06-28 09:49:20.000000000,100060,324,100049,125,100078,224,100016,324,100079,224,99997,224,100092,224,99989,324,100120,100,99910,100,100192,100,99891,100,100261,100,99886,100,100414,100,99884,100,100602,100,99870,100,100643,100,99774,100
2019-06-28 09:49:27.970270290,100060,324,100049,25,100078,224,100016,324,100079,224,99997,224,100092,224,99989,324,100120,100,99910,100,100192,100,99891,100,100261,100,99886,100,100414,100,99870,100,100602,100,99774,100,100643,100,99701,100
2019-06-28 09:49:30.000000000,100060,299,100016,299,100078,199,99997,199,100079,199,99989,299,100092,199,99910,199,100120,199,99891,199,100192,100,99886,100,100261,100,99870,100,100414,100,99774,100,100602,100,99701,100,100643,100,99594,100
2019-06-28 09:49:30.472668315,100054,100,100016,299,100060,299,99997,199,100078,199,99989,299,100079,199,99910,99,100092,199,99891,199,100120,199,99886,100,100192,100,99870,100,100261,100,99774,100,100414,100,99701,100,100602,100,99594,100
2019-06-28 09:49:33.996663578,100054,100,100016,299,100060,299,99997,199,100078,199,99989,299,100079,199,99910,99,100092,199,99891,199,100120,199,99886,100,100192,100,99774,100,100261,100,99701,100,100414,100,99594,100,100602,100,99498,100
2019-06-28 09:49:40.000000000,100054,224,100016,324,100060,324,99997,224,100078,224,99989,324,100079,224,99891,224,100092,100,99886,100,100120,100,99774,100,100192,100,99701,100,100261,100,99594,100,100414,100,99498,100,100602,100,99480,100
2019-06-28 09:49:49.695214658,100054,324,100016,324,100060,324,99997,224,100078,224,99989,224,100079,224,99891,224,100092,100,99886,100,100120,100,99774,100,100192,100,99701,100,100261,100,99594,100,100414,100,99498,100,100602,100,99480,100
2019-06-28 09:49:50.000000000,100054,324,100016,324,100060,324,99997,224,100078,224,99989,224,100079,224,99891,224,100092,100,99886,100,100120,100,99774,100,100192,100,99701,100,100261,100,99594,100,100414,100,99498,100,100602,100,99480,100
2019-06-28 09:49:52.223527607,100054,324,100016,224,100060,324,99997,224,100078,224,99989,224,100079,224,99891,224,100092,100,99886,100,100120,100,99774,100,100192,100,99701,100,100261,100,99594,100,100414,100,99498,100,100602,100,99480,100
2019-06-28 09:49:56.822739222,100054,224,100016,224,100060,324,99997,224,100078,224,99989,224,100079,224,99891,224,100092,100,99886,100,100120,100,99774,100,100192,100,99701,100,100261,100,99594,100,100414,100,99498,100,100602,100,99480,100
2019-06-28 09:50:00.000000000,100054,224,100016,224,100060,324,99997,224,100078,224,99989,224,100079,224,99891,224,100092,100,99886,100,100120,100,99774,100,100192,100,99701,100,100261,100,99594,100,100414,100,99498,100,100602,100,99480,100
2019-06-28 09:50:02.641377795,100054,224,100016,124,100060,324,99997,224,100078,224,99989,224,100079,224,99891,224,100120,100,99886,100,100192,100,99774,100,100261,100,99701,100,100414,100,99594,100,100602,100,99498,100,100643,100,99480,100
2019-06-28 09:50:10.000000000,100054,199,99997,199,100060,299,99989,199,100078,199,99891,199,100079,199,99886,199,100120,199,99774,199,100192,100,99701,100,100261,100,99594,100,100414,100,99498,100,100602,100,99480,100,100643,100,99423,100
2019-06-28 09:50:12.595008083,100016,100,99997,199,100054,199,99989,199,100060,299,99891,199,100078,199,99886,199,100079,199,99774,199,100120,199,99701,100,100192,100,99594,100,100261,100,99498,100,100414,100,99480,100,100602,100,99423,100
2019-06-28 09:50:16.689783724,100016,100,99997,99,100054,199,99989,199,100060,299,99891,199,100078,199,99886,199,100079,99,99774,199,100120,199,99701,100,100192,100,99594,100,100261,100,99498,100,100414,100,99480,100,100602,100,99423,100
2019-06-28 09:50:16.756079336,100016,100,99997,99,100054,199,99989,199,100060,299,99891,199,100078,199,99886,199,100079,99,99774,199,100120,199,99701,100,100192,100,99594,100,100261,100,99498,100,100414,100,99480,100,100602,100,99423,100
2019-06-28 09:50:20.000000000,100016,224,99989,224,100054,224,99891,224,100060,324,99886,224,100078,224,99774,224,100120,100,99701,100,100192,100,99594,100,100261,100,99498,100,100414,100,99480,100,100602,100,99423,100,100643,100,99348,100
2019-06-28 09:50:22.761902602,100016,224,99989,224,100054,224,99891,224,100060,324,99886,224,100078,224,99774,224,100120,100,99701,100,100192,100,99594,100,100261,100,99498,100,100414,100,99480,100,100602,100,99423,100,100643,100,99348,100
2019-06-28 09:50:25.126338209,100016,224,99989,124,100054,224,99891,224,100060,324,99886,124,100078,224,99774,224,100120,100,99701,100,100192,100,99594,100,100261,100,99498,100,100414,100,99480,100,100602,100,99423,100,100643,100,99348,100
2019-06-28 09:50:30.000000000,100016,594,99891,594,100054,100,99774,100,100060,200,99701,100,100078,100,99594,100,100120,100,99498,100,100192,100,99480,100,100261,100,99423,100,100414,100,99348,100,100602,100,99346,100,100643,100,99251,100
2019-06-28 09:50:31.478303625,99997,100,99891,594,100016,594,99774,100,100054,100,99701,100,100060,200,99594,100,100078,100,99498,100,100120,100,99480,100,100192,100,99423,100,100261,100,99348,100,100414,100,99346,100,100602,100,99251,100
2019-06-28 09:50:39.386164615,99997,100,99891,494,100016,594,99774,100,100054,100,99594,100,100060,200,99498,100,100078,100,99480,100,100120,100,99423,100,100192,100,99348,100,100261,100,99346,100,100414,100,99251,100,100602,100,99058,100
2019-06-28 09:50:40.000000000,99997,224,99774,224,100016,224,99594,224,100054,224,99498,224,100060,324,99480,224,100078,100,99423,100,100120,100,99348,100,100192,100,99346,100,100261,100,99251,100,100414,100,99058,100,100602,100,99030,100
2019-06-28 09:50:50.000000000,99997,199,99774,199,100016,199,99594,199,100054,199,99498,199,100060,299,99480,199,100078,199,99423,199,100120,100,99348,100,100192,100,99346,100,100261,100,99251,100,100414,100,99058,100,100602,100,99030,100
2019-06-28 09:51:00.000000000,99997,268,99774,268,100016,263,99594,263,100054,263,99498,263,100060,200,99480,100,100078,100,99423,100,100120,100,99348,100,100192,100,99346,100,100261,100,99251,100,100414,100,99058,100,100602,100,99030,100
2019-06-28 09:51:10.000000000,99997,594,99774,594,100016,100,99594,100,100054,100,99498,100,100060,200,99480,100,100078,100,99423,100,100120,100,99348,100,100192,100,99346,100,100261,100,99251,100,100414,100,99058,100,100602,100,99030,100
2019-06-28 09:51:20.000000000,99997,224,99774,224,100016,224,99594,224,100054,224,99498,224,100060,324,99480,224,100078,100,99423,100,100120,100,99348,100,100192,100,99346,100,100261,100,99251,100,100414,100,99058,100,100602,100,99030,100
2019-06-28 09:51:30.000000000,99997,199,99774,199,100016,199,99594,199,100054,199,99498,199,100060,299,99480,199,100078,199,99423,199,100120,100,99348,100,100192,100,99346,100,100261,100,99251,100,100414,100,99058,100,100602,100,99030,100
2019-06-28 09:51:40.000000000,99997,347,99774,347,100016,347,99594,347,100054,100,99498,100,100060,200,99480,100,100078,100,99423,100,100120,100,99348,100,100192,100,99346,100,100261,100,99251,100,100414,100,99058,100,100602,100,99030,100
2019-06-28 09:51:50.000000000,99997,224,99774,224,100016,224,99594,224,100054,224,99498,224,100060,324,99480,224,100078,100,99423,100,100120,100,99348,100,100192,100,99346,100,100261,100,99251,100,100414,100,99058,100,100602,100,99030,100
2019-06-28 09:52:00.000000000,99997,268,99774,268,100016,263,99594,263,100054,263,99498,263,100060,200,99480,100,100078,100,99423,100,100120,100,99348,100,100192,100,99346,100,100261,100,99251,100,100414,100,99058,100,100602,100,99030,100
2019-06-28 09:52:10.000000000,99997,224,99774,224,100016,224,99594,224,100054,224,99498,224,100060,324,99480,224,100078,100,99423,100,100120,100,99348,100,100192,100,99346,100,100261,100,99251,100,100414,100,99058,100,100602,100,99030,100
2019-06-28 09:52:20.000000000,99997,224,99774,224,100016,224,99594,224,100054,224,99498,224,100060,324,99480,224,100078,100,99423,100,100120,100,99348,100,100192,100,99346,100,100261,100,99251,100,100414,100,99058,100,100602,100,99030,100
2019-06-28 09:52:20.780955136,99997,224,99774,224,100016,224,99594,224,100054,224,99498,224,100060,324,99480,224,100078,100,99423,100,100120,100,99348,100,100192,100,99346,100,100261,100,99251,100,100414,100,99058,100,100602,100,99030,100
2019-06-28 09:52:24.553384279,99989,100,99774,224,99997,224,99594,224,100016,224,99498,224,100054,224,99480,224,100060,324,99423,100,100078,100,99348,100,100120,100,99346,100,100192,100,99251,100,100261,100,99058,100,100414,100,99030,100
2019-06-28 09:52:30.000000000,99989,199,99774,199,99997,199,99594,199,100016,199,99498,199,100054,199,99480,199,100060,299,99423,199,100078,100,99348,100,100120,100,99346,100,100192,100,99251,100,100261,100,99058,100,100414,100,99030,100
2019-06-28 09:52:40.000000000,99989,199,99774,199,99997,199,99594,199,100016,199,99498,199,100054,199,99480,199,100060,299,99423,199,100078,100,99348,100,100120,100,99346,100,100192,100,99251,100,100261,100,99058,100,100414,100,99030,100
2019-06-28 09:52:50.000000000,99989,199,99774,199,99997,199,99594,199,100016,199,99498,199,100054,199,99480,199,100060,299,99423,199,100078,100,99348,100,100120,100,99346,100,100192,100,99251,100,100261,100,99058,100,100414,100,99030,100
2019-06-28 09:52:52.973753406,99989,199,99774,99,99997,199,99594,199,100016,199,99498,199,100054,199,99480,199,100060,299,99423,199,100078,100,99348,100,100120,100,99346,100,100192,100,99251,100,100261,100,99058,100,100414,100,99030,100
2019-06-28 09:52:58.972679013,99774,1,99594,199,99989,199,99498,199,99997,199,99480,199,100016,199,99423,199,100054,199,99348,100,100060,299,99346,100,100078,100,99058,100,100120,100,99030,100,100192,100,99005,100,100261,100,98917,100
2019-06-28 09:53:00.000000000,99774,125,99594,224,99989,224,99498,224,99997,224,99480,224,100016,224,99423,224,100054,100,99348,100,100060,200,99346,100,100078,100,99058,100,100120,100,99030,100,100192,100,99005,100,100261,100,98917,100
2019-06-28 09:53:02.375168519,99774,125,99594,224,99989,224,99498,224,99997,224,99480,224,100016,224,99423,224,100054,100,99348,100,100060,200,99346,100,100078,100,99058,100,100120,100,99037,100,100192,100,99030,100,100261,100,99005,100
2019-06-28 09:53:10.000000000,99774,248,99594,347,99989,347,99498,347,99997,100,99480,100,100016,100,99423,100,100054,100,99348,100,100060,200,99346,100,100078,100,99058,100,100120,100,99037,100,100192,100,99030,100,100261,100,99005,100
2019-06-28 09:53:20.000000000,99774,100,99594,199,99989,199,99498,199,99997,199,99480,199,100016,199,99423,199,100054,199,99348,199,100060,200,99346,100,100078,100,99058,100,100120,100,99037,100,100192,100,99030,100,100261,100,99005,100
2019-06-28 09:53:25.326389981,99774,100,99594,199,99989,199,99498,199,99997,199,99480,199,100016,199,99423,199,100054,199,99348,199,100060,200,99346,100,100078,100,99092,100,100120,100,99058,100,100192,100,99037,100,100261,100,99030,100
2019-06-28 09:53:30.000000000,99774,248,99594,347,99989,347,99498,347,99997,100,99480,100,100016,100,99423,100,100054,100,99348,100,100060,200,99346,100,100078,100,99092,100,100120,100,99058,100,100192,100,99037,100,100261,100,99030,100
2019-06-28 09:53:40.000000000,99774,125,99594,224,99989,224,99498,224,99997,224,99480,224,100016,224,99423,224,100054,100,99348,100,100060,200,99346,100,100078,100,99092,100,100120,100,99058,100,100192,100,99037,100,100261,100,99030,100
2019-06-28 09:53:41.647785092,99774,225,99594,224,99989,224,99498,224,99997,224,99480,224,100016,224,99423,224,100054,100,99348,100,100060,200,99346,100,100078,100,99092,100,100120,100,99058,100,100192,100,99037,100,100261,100,99030,100
2019-06-28 09:53:50.000000000,99774,225,99594,224,99989,224,99498,224,99997,224,99480,224,100016,224,99423,224,100054,100,99348,100,100060,200,99346,100,100078,100,99092,100,100120,100,99058,100,100192,100,99037,100,100261,100,99030,100
2019-06-28 09:54:00.000000000,99774,269,99594,268,99989,263,99498,263,99997,263,99480,263,100016,100,99423,100,100054,100,99348,100,100060,200,99346,100,100078,100,99092,100,100120,100,99058,100,100192,100,99037,100,100261,100,99030,100
2019-06-28 09:54:10.000000000,99774,269,99594,268,99989,263,99498,263,99997,263,99480,263,100016,100,99423,100,100054,100,99348,100,100060,200,99346,100,100078,100,99092,100,100120,100,99058,100,100192,100,99037,100,100261,100,99030,100
2019-06-28 09:54:18.548429172,99774,269,99594,268,99989,263,99498,263,99997,263,99480,263,100016,100,99423,100,100054,100,99348,100,100060,200,99346,100,100078,100,99136,100,100192,100,99092,100,100261,100,99058,100,100414,100,99037,100
2019-06-28 09:54:20.000000000,99774,595,99594,594,99989,100,99498,100,99997,100,99480,100,100016,100,99423,100,100054,100,99348,100,100060,200,99346,100,100078,100,99136,100,100192,100,99092,100,100261,100,99058,100,100414,100,99037,100
2019-06-28 09:54:30.000000000,99774,348,99594,347,99989,347,99498,347,99997,100,99480,100,100016,100,99423,100,100054,100,99348,100,100060,200,99346,100,100078,100,99136,100,100192,100,99092,100,100261,100,99058,100,100414,100,99037,100
2019-06-28 09:54:31.425465164,99774,348,99594,347,99989,347,99498,347,99997,100,99480,100,100016,100,99423,100,100054,100,99348,100,100060,200,99346,100,100078,100,99191,100,100192,100,99136,100,100261,100,99092,100,100414,100,99058,100
2019-06-28 09:54:40.000000000,99774,225,99594,224,99989,224,99498,224,99997,224,99480,224,100016,224,99423,224,100054,100,99348,100,100060,200,99346,100,100078,100,99191,100,100192,100,99136,100,100261,100,99092,100,100414,100,99058,100
2019-06-28 09:54:50.000000000,99774,595,99594,594,99989,100,99498,100,99997,100,99480,100,100016,100,99423,100,100054,100,99348,100,100060,200,99346,100,100078,100,99191,100,100192,100,99136,100,100261,100,99092,100,100414,100,99058,100
2019-06-28 09:54:53.951782624,99774,595,99594,494,99989,100,99498,100,99997,100,99480,100,100016,100,99423,100,100054,100,99348,100,100060,200,99346,100,100078,100,99191,100,100192,100,99136,100,100261,100,99092,100,100414,100,99058,100
2019-06-28 09:55:00.000000000,99774,269,99498,268,99989,263,99480,263,99997,263,99423,263,100016,100,99348,100,100054,100,99346,100,100060,200,99191,100,100078,100,99136,100,100192,100,99092,100,100261,100,99058,100,100414,100,99037,100
2019-06-28 09:55:10.000000000,99774,595,99498,594,99989,100,99480,100,99997,100,99423,100,100016,100,99348,100,100054,100,99346,100,100060,200,99191,100,100078,100,99136,100,100192,100,99092,100,100261,100,99058,100,100414,100,99037,100
2019-06-28 09:55:20.000000000,99774,595,99498,594,99989,100,99480,100,99997,100,99423,100,100016,100,99348,100,100054,100,99346,100,100060,200,99191,100,100078,100,99136,100,100192,100,99092,100,100261,100,99058,100,100414,100,99037,100
2019-06-28 09:55:22.584145707,99774,595,99498,594,99989,100,99480,100,99997,100,99423,100,100016,100,99348,100,100054,100,99346,100,100060,200,99191,100,100078,100,99187,100,100192,100,99136,100,100261,100,99092,100,100414,100,99058,100
2019-06-28 09:55:22.698017887,99773,100,99498,594,99774,595,99480,100,99989,100,99423,100,99997,100,99348,100,100016,100,99346,100,100054,100,99191,100,100060,200,99187,100,100078,100,99136,100,100192,100,99092,100,100261,100,99058,100
2019-06-28 09:55:30.000000000,99773,594,99498,594,99774,101,99480,100,99989,100,99423,100,99997,100,99348,100,100016,100,99346,100,100054,100,99191,100,100060,200,99187,100,100078,100,99136,100,100192,100,99092,100,100261,100,99058,100
2019-06-28 09:55:40.000000000,99773,224,99498,224,99774,225,99480,224,99989,224,99423,224,99997,224,99348,224,100016,100,99346,100,100054,100,99191,100,100060,200,99187,100,100078,100,99136,100,100192,100,99092,100,100261,100,99058,100
2019-06-28 09:55:44.631686537,99773,224,99498,224,99774,225,99480,224,99989,224,99423,224,99997,224,99348,224,100016,100,99346,100,100054,100,99191,100,100060,200,99187,100,100078,100,99136,100,100192,100,99098,100,100261,100,99092,100
2019-06-28 09:55:50.000000000,99773,199,99498,199,99774,200,99480,199,99989,199,99423,199,99997,199,99348,199,100016,199,99346,199,100054,100,99191,100,100060,200,99187,100,100078,100,99136,100,100192,100,99098,100,100261,100,99092,100
2019-06-28 09:56:00.000000000,99773,347,99498,347,99774,348,99480,347,99989,100,99423,100,99997,100,99348,100,100016,100,99346,100,100054,100,99191,100,100060,200,99187,100,100078,100,99136,100,100192,100,99098,100,100261,100,99092,100
2019-06-28 09:56:07.201269360,99773,347,99498,347,99774,348,99480,347,99989,100,99423,100,99997,100,99348,100,100016,100,99346,100,100054,100,99191,100,100060,200,99187,100,100078,100,99136,100,100192,100,99098,100,100261,100,99092,100
2019-06-28 09:56:10.000000000,99773,268,99498,268,99774,264,99480,263,99989,263,99423,263,99997,100,99348,100,100016,100,99346,100,100054,100,99191,100,100060,200,99187,100,100078,100,99136,100,100192,100,99098,100,100261,100,99092,100
2019-06-28 09:56:10.728264547,99773,268,99498,168,99774,264,99480,263,99989,263,99423,263,99997,100,99348,100,100016,100,99191,100,100054,100,99187,100,100060,200,99136,100,100078,100,99098,100,100192,100,99092,100,100261,100,99058,100
2019-06-28 09:56:19.677300628,99773,268,99498,168,99774,264,99480,263,99989,263,99423,263,99997,100,99348,100,100016,100,99191,100,100054,100,99187,100,100060,200,99144,100,100078,100,99136,100,100192,100,99098,100,100261,100,99092,100
2019-06-28 09:56:20.000000000,99773,199,99480,199,99774,200,99423,199,99989,199,99348,199,99997,199,99191,199,100016,199,99187,199,100054,100,99144,100,100060,200,99136,100,100078,100,99098,100,100192,100,99092,100,100261,100,99058,100
2019-06-28 09:56:30.000000000,99773,224,99480,224,99774,225,99423,224,99989,224,99348,224,99997,224,99191,224,100016,100,99187,100,100054,100,99144,100,100060,200,99136,100,100078,100,99098,100,100192,100,99092,100,100261,100,99058,100
2019-06-28 09:56:36.649070932,99773,224,99480,124,99774,225,99423,224,99989,224,99348,224,99997,224,99191,224,100016,100,99187,100,100054,100,99144,100,100060,200,99136,100,100078,100,99092,100,100192,100,99058,100,100261,100,99037,100
2019-06-28 09:56:40.000000000,99773,347,99423,347,99774,348,99348,347,99989,100,99191,100,99997,100,99187,100,100016,100,99144,100,100054,100,99136,100,100060,200,99092,100,100078,100,99058,100,100192,100,99037,100,100261,100,99030,100
2019-06-28 09:56:50.000000000,99773,199,99423,199,99774,200,99348,199,99989,199,99191,199,99997,199,99187,199,100016,199,99144,199,100054,100,99136,100,100060,200,99092,100,100078,100,99058,100,100192,100,99037,100,100261,100,99030,100
2019-06-28 09:57:00.000000000,99773,268,99423,268,99774,264,99348,263,99989,263,99191,263,99997,100,99187,100,100016,100,99144,100,100054,100,99136,100,100060,200,99092,100,100078,100,99058,100,100192,100,99037,100,100261,100,99030,100
2019-06-28 09:57:03.650852084,99773,268,99423,268,99774,264,99348,263,99989,263,99191,263,99997,100,99187,100,100016,100,99144,100,100054,100,99136,100,100060,200,99092,100,100078,100,99058,100,100192,100,99037,100,100261,100,99030,100
2019-06-28 09:57:09.576390781,99773,268,99423,168,99774,264,99348,263,99989,263,99191,263,99997,100,99187,100,100016,100,99144,100,100054,100,99136,100,100060,200,99092,100,100078,100,99058,100,100192,100,99037,100,100261,100,99030,100
2019-06-28 09:57:10.000000000,99773,594,99348,594,99774,101,99191,100,99989,100,99187,100,99997,100,99144,100,100016,100,99136,100,100054,100,99092,100,100060,200,99058,100,100078,100,99037,100,100192,100,99030,100,100261,100,99005,100
2019-06-28 09:57:13.222184854,99773,594,99348,494,99774,101,99191,100,99989,100,99187,100,99997,100,99144,100,100016,100,99136,100,100054,100,99092,100,100060,200,99058,100,100078,100,99037,100,100192,100,99030,100,100261,100,99005,100
2019-06-28 09:57:19.578450783,99773,594,99348,394,99774,101,99187,100,99989,100,99144,100,99997,100,99136,100,100016,100,99092,100,100054,100,99058,100,100060,200,99037,100,100078,100,99030,100,100192,100,99005,100,100261,100,98917,100
2019-06-28 09:57:20.000000000,99773,268,99187,268,99774,264,99144,263,99989,263,99136,263,99997,100,99092,100,100016,100,99058,100,100054,100,99037,100,100060,200,99030,100,100078,100,99005,100,100192,100,98917,100,100261,100,98715,100
2019-06-28 09:57:24.617514000,99773,268,99187,168,99774,264,99144,263,99989,263,99136,263,99997,100,99092,100,100016,100,99058,100,100054,100,99037,100,100060,200,99030,100,100078,100,99005,100,100192,100,98917,100,100261,100,98715,100
2019-06-28 09:57:30.000000000,99773,199,99144,199,99774,200,99136,199,99989,199,99092,199,99997,199,99058,199,100016,199,99037,199,100054,100,99030,100,100060,200,99005,100,100078,100,98917,100,100192,100,98715,100,100261,100,,
2019-06-28 09:57:36.037184475,99773,199,99144,99,99774,200,99136,199,99989,199,99092,199,99997,199,99058,199,100016,199,99037,199,100054,100,99030,100,100060,200,99005,100,100078,100,98917,100,100192,100,98715,100,100261,100,,
2019-06-28 09:57:40.000000000,99773,268,99136,268,99774,264,99092,263,99989,263,99058,263,99997,100,99037,100,100016,100,99030,100,100054,100,99005,100,100060,200,98917,100,100078,100,98715,100,100192,100,,,100261,100,,
2019-06-28 09:57:42.178611135,99773,268,99136,268,99774,264,99092,263,99989,263,99058,263,99997,100,99037,100,100016,100,99030,100,100054,100,99005,100,100060,200,98930,100,100078,100,98917,100,100192,100,98715,100,100261,100,,
2019-06-28 09:57:42.910115113,99187,100,99136,268,99773,268,99092,263,99774,264,99058,263,99989,263,99037,100,99997,100,99030,100,100016,100,99005,100,100054,100,98930,100,100060,100,98917,100,100078,100,98715,100,100192,100,,
2019-06-28 09:57:50.000000000,99187,268,99136,268,99773,263,99092,263,99774,264,99058,263,99989,100,99037,100,99997,100,99030,100,100016,100,99005,100,100054,100,98930,100,100060,100,98917,100,100078,100,98715,100,100192,100,,
2019-06-28 09:57:58.984578301,99187,268,99136,268,99773,263,99092,263,99774,264,99058,263,99989,100,99037,100,99997,100,99030,100,100016,100,99005,100,100054,100,98930,100,100060,100,98917,100,100078,100,98900,100,100192,100,98715,100
2019-06-28 09:58:00.000000000,99187,224,99136,224,99773,224,99092,224,99774,225,99058,224,99989,224,99037,224,99997,100,99030,100,100016,100,99005,100,100054,100,98930,100,100060,100,98917,100,100078,100,98900,100,100192,100,98715,100
2019-06-28 09:58:03.007968634,99187,224,99136,224,99773,224,99092,224,99774,225,99058,224,99989,224,99037,224,99997,100,99030,100,100016,100,99005,100,100054,100,98967,100,100060,100,98930,100,100078,100,98917,100,100192,100,98900,100
2019-06-28 09:58:10.000000000,99187,199,99136,199,99773,199,99092,199,99774,200,99058,199,99989,199,99037,199,99997,199,99030,199,100016,100,99005,100,100054,100,98967,100,100060,100,98930,100,100078,100,98917,100,100192,100,98900,100
2019-06-28 09:58:14.303955189,99187,299,99136,199,99773,199,99092,199,99774,200,99058,199,99989,199,99037,199,99997,199,99030,199,100016,100,99005,100,100054,100,98967,100,100060,100,98930,100,100078,100,98917,100,100192,100,98900,100
2019-06-28 09:58:16.676615491,99187,299,99136,99,99773,199,99092,199,99774,200,99058,199,99989,199,99037,199,99997,199,99030,199,100016,100,99005,100,100054,100,98967,100,100060,100,98930,100,100078,100,98917,100,100192,100,98900,100
2019-06-28 09:58:20.000000000,99187,324,99092,224,99773,224,99058,224,99774,225,99037,224,99989,224,99030,224,99997,100,99005,100,100016,100,98967,100,100054,100,98930,100,100060,100,98917,100,100078,100,98900,100,100192,100,98715,100
2019-06-28 09:58:28.337567793,99144,100,99092,224,99187,324,99058,224,99773,224,99037,224,99774,125,99030,224,99989,224,99005,100,99997,100,98967,100,100016,100,98930,100,100054,100,98917,100,100060,100,98900,100,100078,100,98715,100
2019-06-28 09:58:30.000000000,99144,268,99092,268,99187,363,99058,263,99773,263,99037,263,99774,1,99030,100,99989,100,99005,100,99997,100,98967,100,100016,100,98930,100,100054,100,98917,100,100060,100,98900,100,100078,100,98715,100
2019-06-28 09:58:32.404734156,99144,368,99092,268,99187,363,99058,263,99773,263,99037,263,99774,1,99030,100,99997,100,99005,100,100016,100,98967,100,100054,100,98930,100,100060,100,98917,100,100078,100,98900,100,100192,100,98715,100
2019-06-28 09:58:40.000000000,99144,324,99092,224,99187,324,99058,224,99773,224,99037,224,99774,125,99030,224,99997,100,99005,100,100016,100,98967,100,100054,100,98930,100,100060,100,98917,100,100078,100,98900,100,100192,100,98715,100
2019-06-28 09:58:50.000000000,99144,299,99092,199,99187,299,99058,199,99773,199,99037,199,99774,100,99030,199,99997,199,99005,199,100016,100,98967,100,100054,100,98930,100,100060,100,98917,100,100078,100,98900,100,100192,100,98715,100
2019-06-28 09:59:00.000000000,99144,324,99092,224,99187,324,99058,224,99773,224,99037,224,99774,125,99030,224,99997,100,99005,100,100016,100,98967,100,100054,100,98930,100,100060,100,98917,100,100078,100,98900,100,100192,100,98715,100
2019-06-28 09:59:10.000000000,99144,368,99092,268,99187,363,99058,263,99773,263,99037,263,99774,1,99030,100,99997,100,99005,100,100016,100,98967,100,100054,100,98930,100,100060,100,98917,100,100078,100,98900,100,100192,100,98715,100
2019-06-28 09:59:20.000000000,99144,299,99092,199,99187,299,99058,199,99773,199,99037,199,99774,100,99030,199,99997,199,99005,199,100016,100,98967,100,100054,100,98930,100,100060,100,98917,100,100078,100,98900,100,100192,100,98715,100
2019-06-28 09:59:30.000000000,99144,447,99092,347,99187,447,99058,347,99773,100,99037,100,99774,1,99030,100,99997,100,99005,100,100016,100,98967,100,100054,100,98930,100,100060,100,98917,100,100078,100,98900,100,100192,100,98715,100
2019-06-28 09:59:40.000000000,99144,324,99092,224,99187,324,99058,224,99773,224,99037,224,99774,125,99030,224,99997,100,99005,100,100016,100,98967,100,100054,100,98930,100,100060,100,98917,100,100078,100,98900,100,100192,100,98715,100
2019-06-28 09:59:50.000000000,99144,299,99092,199,99187,299,99058,199,99773,199,99037,199,99774,100,99030,199,99997,199,99005,199,100016,100,98967,100,100054,100,98930,100,100060,100,98917,100,100078,100,98900,100,100192,100,98715,100
2019-06-28 09:59:58.398705472,99144,199,99092,199,99187,299,99058,199,99773,199,99037,199,99774,100,99030,199,99997,199,99005,199,100016,100,98967,100,100054,100,98930,100,100060,100,98917,100,100078,100,98900,100,100192,100,98715,100
2019-06-28 10:00:00.000000000,99144,347,99092,347,99187,447,99058,347,99773,100,99037,100,99774,1,99030,100,99997,100,99005,100,100016,100,98967,100,100054,100,98930,100,100060,100,98917,100,100078,100,98900,100,100192,100,98715,100
2019-06-28 10:00:10.000000000,99144,224,99092,224,99187,324,99058,224,99773,224,99037,224,99774,125,99030,224,99997,100,99005,100,100016,100,98967,100,100054,100,98930,100,100060,100,98917,100,100078,100,98900,100,100192,100,98715,100
2019-06-28 10:00:20.000000000,99144,224,99092,224,99187,324,99058,224,99773,224,99037,224,99774,125,99030,224,99997,100,99005,100,100016,100,98967,100,100054,100,98930,100,100060,100,98917,100,100078,100,98900,100,100192,100,98715,100
2019-06-28 10:00:30.000000000,99144,347,99092,347,99187,447,99058,347,99773,100,99037,100,99774,1,99030,100,99997,100,99005,100,100016,100,98967,100,100054,100,98930,100,100060,100,98917,100,100078,100,98900,100,100192,100,98715,100
2019-06-28 10:00:35.643970834,99144,347,99092,347,99187,447,99058,347,99773,100,99037,100,99774,1,99030,100,99997,100,99005,100,100016,100,98967,100,100054,100,98930,100,100060,100,98917,100,100078,100,98900,100,100192,100,98740,100
2019-06-28 10:00:40.000000000,99144,347,99092,347,99187,447,99058,347,99773,100,99037,100,99774,1,99030,100,99997,100,99005,100,100016,100,98967,100,100054,100,98930,100,100060,100,98917,100,100078,100,98900,100,100192,100,98740,100
2019-06-28 10:00:48.105879434,99144,347,99092,247,99187,447,99058,347,99773,100,99030,100,99774,1,99005,100,99997,100,98967,100,100016,100,98930,100,100054,100,98917,100,100060,100,98900,100,100078,100,98740,100,100192,100,98715,100
2019-06-28 10:00:50.000000000,99144,347,99058,347,99187,447,99030,347,99773,100,99005,100,99774,1,98967,100,99997,100,98930,100,100016,100,98917,100,100054,100,98900,100,100060,100,98740,100,100078,100,98715,100,100192,100,,
2019-06-28 10:00:50.126150032,99144,347,99058,247,99187,447,99030,347,99773,100,99005,100,99774,1,98967,100,99997,100,98930,100,100016,100,98917,100,100054,100,98900,100,100060,100,98740,100,100078,100,98715,100,100192,100,,
2019-06-28 10:01:00.000000000,99144,268,99030,268,99187,363,99005,263,99773,263,98967,263,99774,1,98930,100,99997,100,98917,100,100016,100,98900,100,100054,100,98740,100,100060,100,98715,100,100078,100,,,100192,100,,
2019-06-28 10:01:06.656620883,99144,268,99030,268,99187,363,99015,100,99773,263,99005,263,99774,1,98967,263,99997,100,98930,100,100016,100,98917,100,100054,100,98900,100,100060,100,98740,100,100078,100,98715,100,100192,100,,
2019-06-28 10:01:10.000000000,99144,199,99030,199,99187,299,99015,199,99773,199,99005,199,99774,100,98967,199,99997,199,98930,199,100016,100,98917,100,100054,100,98900,100,100060,100,98740,100,100078,100,98715,100,100192,100,,
2019-06-28 10:01:15.367437031,99144,199,99045,100,99187,299,99030,199,99773,199,99015,199,99774,100,99005,199,99997,199,98967,199,100016,100,98930,199,100054,100,98917,100,100060,100,98900,100,100078,100,98740,100,100192,100,98715,100
2019-06-28 10:01:20.000000000,99144,224,99045,224,99187,324,99030,224,99773,224,99015,224,99774,125,99005,224,99997,100,98967,100,100016,100,98930,100,100054,100,98917,100,100060,100,98900,100,100078,100,98740,100,100192,100,98715,100
2019-06-28 10:01:22.925400967,99144,224,99093,100,99187,324,99045,224,99773,224,99030,224,99774,125,99015,224,99997,100,99005,224,100016,100,98967,100,100054,100,98930,100,100060,100,98917,100,100078,100,98900,100,100192,100,98740,100
2019-06-28 10:01:23.259461867,99144,224,99093,100,99187,324,99045,224,99556,100,99030,224,99773,224,99015,224,99774,125,99005,224,99997,100,98967,100,100016,100,98930,100,100054,100,98917,100,100060,100,98900,100,100078,100,98740,100
2019-06-28 10:01:30.000000000,99144,268,99093,268,99187,363,99045,263,99556,263,99030,263,99773,100,99015,100,99774,1,99005,100,99997,100,98967,100,100016,100,98930,100,100054,100,98917,100,100060,100,98900,100,100078,100,98740,100
2019-06-28 10:01:40.000000000,99144,347,99093,347,99187,447,99045,347,99556,100,99030,100,99773,100,99015,100,99774,1,99005,100,99997,100,98967,100,100016,100,98930,100,100054,100,98917,100,100060,100,98900,100,100078,100,98740,100
2019-06-28 10:01:50.000000000,99144,224,99093,224,99187,324,99045,224,99556,224,99030,224,99773,224,99015,224,99774,1,99005,100,99997,100,98967,100,100016,100,98930,100,100054,100,98917,100,100060,100,98900,100,100078,100,98740,100
2019-06-28 10:01:58.390284340,99144,224,99093,224,99187,324,99045,224,99556,224,99030,224,99773,224,99015,224,99774,1,99005,100,99997,100,98967,100,99998,100,98930,100,100016,100,98917,100,100054,100,98900,100,100060,100,98740,100
2019-06-28 10:02:00.000000000,99144,268,99093,268,99187,363,99045,263,99556,263,99030,263,99773,100,99015,100,99774,1,99005,100,99997,100,98967,100,99998,100,98930,100,100016,100,98917,100,100054,100,98900,100,100060,100,98740,100
2019-06-28 10:02:10.000000000,99144,224,99093,224,99187,324,99045,224,99556,224,99030,224,99773,224,99015,224,99774,1,99005,100,99997,100,98967,100,99998,100,98930,100,100016,100,98917,100,100054,100,98900,100,100060,100,98740,100
2019-06-28 10:02:12.531274663,99144,224,99093,224,99187,324,99045,224,99556,224,99030,224,99773,224,99015,224,99997,100,99005,100,99998,100,98967,100,100016,100,98930,100,100054,100,98917,100,100060,100,98900,100,100078,100,98740,100
2019-06-28 10:02:20.000000000,99144,199,99093,199,99187,299,99045,199,99556,199,99030,199,99773,199,99015,199,99997,199,99005,199,99998,100,98967,100,100016,100,98930,100,100054,100,98917,100,100060,100,98900,100,100078,100,98740,100
2019-06-28 10:02:26.599557179,99144,99,99093,199,99187,299,99045,199,99556,199,99030,199,99773,199,99015,199,99997,199,99005,199,100016,100,98967,100,100054,100,98930,100,100060,100,98917,100,100078,100,98900,100,100178,100,98740,100
2019-06-28 10:02:29.671167148,99187,299,99144,1,99556,199,99093,199,99773,199,99045,199,99997,199,99030,199,100016,100,99015,199,100054,100,99005,199,100060,100,98967,100,100078,100,98930,100,100178,100,98917,100,100192,100,98900,100
2019-06-28 10:02:30.000000000,99187,447,99144,248,99556,347,99093,347,99773,100,99045,100,99997,100,99030,100,100016,100,99015,100,100054,100,99005,100,100060,100,98967,100,100078,100,98930,100,100178,100,98917,100,100192,100,98900,100
2019-06-28 10:02:39.483635507,99187,347,99144,248,99556,347,99093,347,99773,100,99045,100,99997,100,99030,100,100016,100,99015,100,100054,100,99005,100,100060,100,98967,100,100078,100,98930,100,100178,100,98917,100,100192,100,98900,100
2019-06-28 10:02:40.000000000,99187,224,99144,125,99556,224,99093,224,99773,224,99045,224,99997,224,99030,224,100016,100,99015,100,100054,100,99005,100,100060,100,98967,100,100078,100,98930,100,100178,100,98917,100,100192,100,98900,100
2019-06-28 10:02:50.000000000,99187,594,99144,495,99556,100,99093,100,99773,100,99045,100,99997,100,99030,100,100016,100,99015,100,100054,100,99005,100,100060,100,98967,100,100078,100,98930,100,100178,100,98917,100,100192,100,98900,100
2019-06-28 10:02:56.598934388,99187,594,99144,495,99556,100,99093,100,99773,100,99045,100,99997,100,99030,100,100016,100,99015,100,100054,100,99005,100,100060,100,98967,100,100078,100,98930,100,100178,100,98917,100,100189,100,98740,100
2019-06-28 10:02:57.653023158,99187,494,99144,495,99556,100,99093,100,99773,100,99030,100,99997,100,99015,100,100016,100,99005,100,100054,100,98967,100,100060,100,98930,100,100078,100,98917,100,100178,100,98740,100,100189,100,98715,100
2019-06-28 10:03:00.000000000,99556,224,99144,125,99773,224,99093,224,99997,224,99030,224,100016,224,99015,224,100054,100,99005,100,100060,100,98967,100,100078,100,98930,100,100178,100,98917,100,100189,100,98740,100,100192,100,98715,100
2019-06-28 10:03:10.000000000,99556,594,99144,495,99773,100,99093,100,99997,100,99030,100,100016,100,99015,100,100054,100,99005,100,100060,100,98967,100,100078,100,98930,100,100178,100,98917,100,100189,100,98740,100,100192,100,98715,100
2019-06-28 10:03:20.000000000,99556,347,99144,248,99773,347,99093,347,99997,100,99030,100,100016,100,99015,100,100054,100,99005,100,100060,100,98967,100,100078,100,98930,100,100178,100,98917,100,100189,100,98740,100,100192,100,98715,100
2019-06-28 10:03:20.469330447,99556,347,99144,248,99773,347,99093,347,99997,100,99030,100,100016,100,99015,100,100054,100,99005,100,100060,100,98967,100,100078,100,98930,100,100178,100,98917,100,100189,100,98740,100,100192,100,98715,100
2019-06-28 10:03:30.000000000,99556,268,99144,169,99773,263,99093,263,99997,263,99030,263,100016,100,99015,100,100054,100,99005,100,100060,100,98967,100,100078,100,98930,100,100178,100,98917,100,100189,100,98740,100,100192,100,98715,100
2019-06-28 10:03:40.000000000,99556,594,99144,495,99773,100,99093,100,99997,100,99030,100,100016,100,99015,100,100054,100,99005,100,100060,100,98967,100,100078,100,98930,100,100178,100,98917,100,100189,100,98740,100,100192,100,98715,100
2019-06-28 10:03:48.789758550,99556,594,99187,100,99773,100,99144,495,99997,100,99093,100,100016,100,99030,100,100054,100,99015,100,100060,100,99005,100,100078,100,98967,100,100178,100,98930,100,100189,100,98917,100,100192,100,98740,100
2019-06-28 10:03:50.000000000,99556,199,99187,199,99773,199,99144,100,99997,199,99093,199,100016,199,99030,199,100054,199,99015,199,100060,100,99005,100,100078,100,98967,100,100178,100,98930,100,100189,100,98917,100,100192,100,98740,100
2019-06-28 10:04:00.000000000,99556,199,99187,199,99773,199,99144,100,99997,199,99093,199,100016,199,99030,199,100054,199,99015,199,100060,100,99005,100,100078,100,98967,100,100178,100,98930,100,100189,100,98917,100,100192,100,98740,100
2019-06-28 10:04:10.000000000,99556,224,99187,224,99773,224,99144,125,99997,224,99093,224,100016,224,99030,224,100054,100,99015,100,100060,100,99005,100,100078,100,98967,100,100178,100,98930,100,100189,100,98917,100,100192,100,98740,100
2019-06-28 10:04:20.000000000,99556,199,99187,199,99773,199,99144,100,99997,199,99093,199,100016,199,99030,199,100054,199,99015,199,100060,100,99005,100,100078,100,98967,100,100178,100,98930,100,100189,100,98917,100,100192,100,98740,100
2019-06-28 10:04:30.000000000,99556,224,99187,224,99773,224,99144,125,99997,224,99093,224,100016,224,99030,224,100054,100,99015,100,100060,100,99005,100,100078,100,98967,100,100178,100,98930,100,100189,100,98917,100,100192,100,98740,100
2019-06-28 10:04:32.103253438,99556,224,99187,224,99773,224,99144,125,99997,224,99093,224,100016,224,99030,224,100054,100,99015,100,100060,100,99005,100,100078,100,98967,100,100104,100,98930,100,100178,100,98917,100,100189,100,98740,100
2019-06-28 10:04:40.000000000,99556,594,99187,594,99773,100,99144,1,99997,100,99093,100,100016,100,99030,100,100054,100,99015,100,100060,100,99005,100,100078,100,98967,100,100104,100,98930,100,100178,100,98917,100,100189,100,98740,100
2019-06-28 10:04:42.517603639,99556,494,99187,594,99773,100,99144,1,99997,100,99093,100,100016,100,99030,100,100054,100,99015,100,100060,100,99005,100,100078,100,98967,100,100104,100,98930,100,100178,100,98917,100,100189,100,98740,100
2019-06-28 10:04:48.447739805,99556,494,99187,594,99773,100,99144,1,99997,100,99093,100,100016,100,99030,100,100054,100,99005,100,100060,100,98967,100,100078,100,98930,100,100104,100,98917,100,100137,100,98740,100,100178,100,98715,100
2019-06-28 10:04:50.000000000,99773,224,99187,224,99997,224,99144,125,100016,224,99093,224,100054,224,99030,224,100060,100,99005,100,100078,100,98967,100,100104,100,98930,100,100137,100,98917,100,100178,100,98740,100,100189,100,98715,100
2019-06-28 10:05:00.000000000,99773,199,99187,199,99997,199,99144,100,100016,199,99093,199,100054,199,99030,199,100060,199,99005,199,100078,100,98967,100,100104,100,98930,100,100137,100,98917,100,100178,100,98740,100,100189,100,98715,100
2019-06-28 10:05:02.885855131,99773,199,99187,199,99997,199,99144,100,100016,99,99093,199,100054,199,99030,199,100060,199,99005,199,100078,100,98967,100,100104,100,98930,100,100137,100,98917,100,100178,100,98740,100,100189,100,98715,100
2019-06-28 10:05:06.804804437,99773,199,99759,100,99997,199,99187,199,100016,99,99144,100,100054,199,99093,199,100060,199,99030,199,100078,100,99005,199,100104,100,98967,100,100137,100,98930,100,100178,100,98917,100,100189,100,98740,100
2019-06-28 10:05:10.000000000,99773,347,99759,347,99997,347,99187,347,100054,100,99144,1,100060,100,99093,100,100078,100,99030,100,100104,100,99005,100,100137,100,98967,100,100178,100,98930,100,100189,100,98917,100,100192,100,98740,100
2019-06-28 10:05:13.553270526,99773,247,99759,247,99997,347,99187,347,100054,100,99144,1,100060,100,99093,100,100078,100,99030,100,100104,100,99005,100,100137,100,98967,100,100178,100,98930,100,100189,100,98917,100,100192,100,98740,100
2019-06-28 10:05:14.698272355,99773,247,99759,247,99997,347,99556,100,100054,100,99187,347,100060,100,99144,1,100078,100,99093,100,100104,100,99030,100,100137,100,99005,100,100178,100,98967,100,100189,100,98930,100,100192,100,98917,100
2019-06-28 10:05:15.769187109,99773,147,99759,247,99997,347,99556,100,100054,100,99187,347,100060,100,99144,1,100078,100,99093,100,100104,100,99030,100,100137,100,99005,100,100178,100,98967,100,100189,100,98930,100,100192,100,98917,100
2019-06-28 10:05:20.000000000,99997,224,99556,224,100054,224,99187,224,100060,224,99144,125,100078,224,99093,224,100104,100,99030,100,100137,100,99005,100,100178,100,98967,100,100189,100,98930,100,100192,100,98917,100,100251,100,98740,100
2019-06-28 10:05:24.894499646,99997,224,99556,224,100054,224,99187,224,100060,224,99144,125,100078,224,99093,224,100104,100,99030,100,100137,100,99005,100,100178,100,98967,100,100189,100,98930,100,100192,100,98917,100,100247,100,98740,100
2019-06-28 10:05:30.000000000,99997,268,99556,268,100054,263,99187,263,100060,263,99144,164,100078,100,99093,100,100104,100,99030,100,100137,100,99005,100,100178,100,98967,100,100189,100,98930,100,100192,100,98917,100,100247,100,98740,100
2019-06-28 10:05:34.116069446,99997,268,99556,268,100054,263,99187,163,100060,263,99144,164,100078,100,99093,100,100104,100,99030,100,100137,100,99005,100,100178,100,98967,100,100189,100,98930,100,100192,100,98917,100,100247,100,98740,100
2019-06-28 10:05:40.000000000,99997,594,99556,594,100054,100,99144,1,100060,100,99093,100,100078,100,99030,100,100104,100,99005,100,100137,100,98967,100,100178,100,98930,100,100189,100,98917,100,100192,100,98740,100,100247,100,98715,100
2019-06-28 10:05:50.000000000,99997,224,99556,224,100054,224,99144,125,100060,224,99093,224,100078,224,99030,224,100104,100,99005,100,100137,100,98967,100,100178,100,98930,100,100189,100,98917,100,100192,100,98740,100,100247,100,98715,100
2019-06-28 10:05:52.379418482,99772,100,99556,224,99997,224,99144,125,100054,224,99093,224,100060,224,99030,224,100078,224,99005,100,100104,100,98967,100,100137,100,98930,100,100178,100,98917,100,100189,100,98740,100,100192,100,98715,100
2019-06-28 10:06:00.000000000,99772,347,99556,347,99997,347,99144,248,100054,100,99093,100,100060,100,99030,100,100078,100,99005,100,100104,100,98967,100,100137,100,98930,100,100178,100,98917,100,100189,100,98740,100,100192,100,98715,100
2019-06-28 10:06:10.000000000,99772,199,99556,199,99997,199,99144,100,100054,199,99093,199,100060,199,99030,199,100078,199,99005,199,100104,100,98967,100,100137,100,98930,100,100178,100,98917,100,100189,100,98740,100,100192,100,98715,100
2019-06-28 10:06:20.000000000,99772,268,99556,268,99997,263,99144,164,100054,263,99093,263,100060,100,99030,100,100078,100,99005,100,100104,100,98967,100,100137,100,98930,100,100178,100,98917,100,100189,100,98740,100,100192,100,98715,100
2019-06-28 10:06:30.000000000,99772,268,99556,268,99997,263,99144,164,100054,263,99093,263,100060,100,99030,100,100078,100,99005,100,100104,100,98967,100,100137,100,98930,100,100178,100,98917,100,100189,100,98740,100,100192,100,98715,100
2019-06-28 10:06:40.000000000,99772,199,99556,199,99997,199,99144,100,100054,199,99093,199,100060,199,99030,199,100078,199,99005,199,100104,100,98967,100,100137,100,98930,100,100178,100,98917,100,100189,100,98740,100,100192,100,98715,100
2019-06-28 10:06:50.000000000,99772,224,99556,224,99997,224,99144,125,100054,224,99093,224,100060,224,99030,224,100078,100,99005,100,100104,100,98967,100,100137,100,98930,100,100178,100,98917,100,100189,100,98740,100,100192,100,98715,100
2019-06-28 10:07:00.000000000,99772,268,99556,268,99997,263,99144,164,100054,263,99093,263,100060,100,99030,100,100078,100,99005,100,100104,100,98967,100,100137,100,98930,100,100178,100,98917,100,100189,100,98740,100,100192,100,98715,100
2019-06-28 10:07:10.000000000,99772,224,99556,224,99997,224,99144,125,100054,224,99093,224,100060,224,99030,224,100078,100,99005,100,100104,100,98967,100,100137,100,98930,100,100178,100,98917,100,100189,100,98740,100,100192,100,98715,100
2019-06-28 10:07:10.654817624,99772,224,99556,224,99997,224,99144,125,100054,224,99093,224,100060,224,99030,224,100078,100,99005,100,100104,100,98967,100,100137,100,98930,100,100178,100,98917,100,100189,100,98740,100,100192,100,98715,100
2019-06-28 10:07:11.483082364,99772,124,99556,224,99997,224,99144,125,100054,224,99093,224,100060,224,99030,224,100078,100,99005,100,100104,100,98967,100,100137,100,98930,100,100178,100,98917,100,100189,100,98740,100,100192,100,98715,100
