,ask_price_1,ask_size_1,bid_price_1,bid_size_1,ask_price_2,ask_size_2,bid_price_2,bid_size_2,ask_price_3,ask_size_3,bid_price_3,bid_size_3,ask_price_4,ask_size_4,bid_price_4,bid_size_4,ask_price_5,ask_size_5,bid_price_5,bid_size_5,ask_price_6,ask_size_6,bid_price_6,bid_size_6,ask_price_7,ask_size_7,bid_price_7,bid_size_7,ask_price_8,ask_size_8,bid_price_8,bid_size_8,ask_price_9,ask_size_9,bid_price_9,bid_size_9,ask_price_10,ask_size_10,bid_price_10,bid_size_10
2019-06-28 09:30:00.000000001,100035,100,,,100066,100,,,,,,,,,,,,,,,,,,,,,,,,,,,,,,,,,,
2019-06-28 09:30:00.000000003,100035,100,,,100066,100,,,100106,100,,,,,,,,,,,,,,,,,,,,,,,,,,,,,,
2019-06-28 09:30:00.000000004,99992,100,99805,100,100066,100,,,100106,100,,,100124,100,,,,,,,,,,,,,,,,,,,,,,,,,,
2019-06-28 09:30:00.000000005,99992,100,99963,100,100066,100,99931,100,100106,100,99805,100,100124,100,,,,,,,,,,,,,,,,,,,,,,,,,,
2019-06-28 09:30:00.000000014,99992,100,99963,100,100066,100,99950,100,100106,100,99931,100,100124,100,99805,100,,,,,,,,,,,,,,,,,,,,,,,,
2019-06-28 09:30:00.000000016,99992,100,99963,100,100066,100,99950,100,100106,100,99931,100,100124,100,99929,100,,,99805,100,,,,,,,,,,,,,,,,,,,,
2019-06-28 09:30:00.000000017,99992,100,99963,100,100042,100,99950,100,100066,100,99931,100,100106,100,99929,100,100124,100,99805,100,,,,,,,,,,,,,,,,,,,,
2019-06-28 09:30:00.000000019,99992,100,99963,100,100042,100,99950,100,100066,100,99931,100,100106,100,99929,100,100124,100,99805,100,100143,100,,,,,,,,,,,,,,,,,,
2019-06-28 09:30:00.000000021,99992,100,99963,100,100042,100,99950,100,100048,100,99931,100,100066,100,99929,100,100106,100,99805,100,100124,100,,,100143,100,,,,,,,,,,,,,,
2019-06-28 09:30:00.000000023,99992,100,99963,100,100042,100,99950,100,100048,100,99931,100,100066,100,99929,100,100106,100,99917,100,100124,100,99805,100,100143,100,,,,,,,,,,,,,,
2019-06-28 09:30:00.000000026,100042,100,99992,100,100044,100,99963,100,100048,100,99950,100,100066,100,99931,100,100106,100,99929,100,100124,100,99917,100,100143,100,99805,100,,,,,,,,,,,,
2019-06-28 09:30:00.000000027,100042,100,99992,200,100044,100,99963,100,100048,100,99950,100,100066,100,99931,100,100106,100,99929,100,100124,100,99917,100,100143,100,99805,100,,,,,,,,,,,,
2019-06-28 09:30:00.000000030,100042,100,99992,200,100044,100,99963,100,100048,100,99950,100,100066,100,99931,100,100106,100,99929,200,100124,100,99917,100,100143,100,99805,100,,,,,,,,,,,,
2019-06-28 09:30:00.000000040,100044,100,99992,200,100048,100,99963,100,100066,100,99950,100,100106,100,99931,100,100124,100,99929,200,100143,100,99917,100,,,99805,100,,,,,,,,,,,,
2019-06-28 09:30:00.000000041,100044,100,99992,200,100048,100,99963,100,100066,100,99950,100,100106,100,99931,100,100124,100,99929,200,100143,100,99917,100,,,99805,100,,,99779,100,,,,,,,,
2019-06-28 09:30:00.000000043,100044,100,99993,100,100048,100,99992,200,100066,100,99963,100,100106,100,99950,100,100124,100,99931,100,100143,100,99929,200,,,99917,100,,,99805,100,,,99779,100,,,,
2019-06-28 09:30:00.000000044,100026,100,99993,100,100044,100,99992,200,100048,100,99963,100,100066,100,99950,100,100106,100,99931,100,100124,100,99929,200,100143,100,99917,100,,,99805,100,,,99779,100,,,,
2019-06-28 09:30:00.000000045,100026,100,99993,100,100042,100,99992,200,100044,100,99963,100,100048,100,99950,100,100066,100,99931,100,100067,100,99929,200,100106,100,99917,100,100124,100,99805,100,100143,100,99779,100,,,,
2019-06-28 09:30:00.000000046,100026,100,99993,100,100042,100,99992,200,100044,100,99963,100,100048,100,99950,100,100066,100,99933,100,100067,100,99931,100,100106,100,99929,200,100124,100,99917,100,100143,100,99805,100,,,99779,100
2019-06-28 09:30:00.000000047,100005,100,99993,100,100026,100,99992,200,100042,100,99963,100,100044,100,99950,100,100048,100,99933,100,100066,100,99931,100,100067,100,99929,200,100106,100,99917,100,100124,100,99805,100,100143,100,99779,100
2019-06-28 09:30:00.000000049,100005,100,99992,200,100026,100,99963,100,100034,100,99950,100,100042,100,99933,100,100044,100,99931,100,100048,100,99929,200,100066,100,99917,100,100067,100,99805,100,100106,100,99779,100,100124,100,,
2019-06-28 09:30:00.000000050,100005,100,99992,200,100026,100,99963,100,100034,100,99950,100,100042,100,99933,100,100043,100,99931,100,100044,100,99929,200,100048,100,99917,100,100066,100,99805,100,100067,100,99779,100,100106,100,,
2019-06-28 09:30:00.000000051,100005,100,99992,200,100026,100,99963,100,100034,100,99950,100,100042,100,99933,100,100043,100,99931,100,100044,100,99929,200,100048,100,99917,100,100066,100,99897,100,100067,100,99805,100,100106,100,99779,100
2019-06-28 09:30:00.000000052,100005,100,99992,200,100026,100,99963,100,100034,100,99950,100,100042,200,99933,100,100043,100,99931,100,100044,100,99929,200,100048,100,99917,100,100066,100,99912,100,100067,100,99897,100,100106,100,99805,100
2019-06-28 09:30:00.000000055,100005,100,99992,200,100026,100,99963,100,100034,100,99950,100,100042,200,99933,100,100043,100,99931,100,100044,100,99929,200,100048,100,99917,100,100066,100,99912,100,100067,100,99897,100,100106,100,99819,100
2019-06-28 09:30:00.000000058,100005,100,99993,100,100026,100,99992,200,100034,100,99963,100,100042,200,99950,100,100043,100,99933,100,100044,100,99931,100,100048,100,99929,200,100066,100,99917,100,100067,200,99912,100,100068,100,99897,100
2019-06-28 09:30:00.000000059,100026,100,99993,100,100034,100,99992,200,100042,200,99963,100,100043,100,99950,100,100044,100,99933,100,100048,100,99931,100,100066,100,99929,200,100067,200,99917,100,100068,100,99912,100,100106,100,99897,100
2019-06-28 09:30:00.000000062,100026,100,99993,100,100034,100,99992,200,100042,200,99963,100,100043,100,99950,100,100044,100,99934,100,100048,100,99933,100,100066,100,99931,100,100067,200,99929,200,100068,100,99917,100,100106,100,99912,100
2019-06-28 09:30:00.000000065,100005,100,99993,100,100026,100,99992,200,100034,100,99963,100,100042,200,99950,100,100043,100,99934,100,100044,100,99933,100,100048,100,99931,100,100066,100,99929,200,100067,200,99917,100,100068,100,99912,100
2019-06-28 09:30:00.000000067,100005,100,99993,100,100026,100,99992,200,100034,100,99963,100,100042,200,99961,100,100043,100,99950,100,100044,100,99934,100,100048,100,99933,100,100066,100,99931,100,100067,200,99929,200,100068,100,99917,100
2019-06-28 09:30:00.000000068,100005,200,99994,100,100026,100,99993,100,100034,100,99992,200,100042,200,99963,100,100043,100,99961,100,100044,100,99950,100,100048,100,99934,100,100066,100,99933,100,100067,200,99931,100,100068,100,99929,200
2019-06-28 09:30:00.000000069,100001,100,99994,100,100005,200,99993,100,100026,100,99992,200,100034,100,99963,100,100042,200,99961,100,100043,100,99950,100,100044,100,99934,100,100048,100,99933,100,100066,100,99931,100,100067,200,99929,200
2019-06-28 09:30:00.000000074,100001,100,99994,100,100005,200,99993,100,100026,100,99992,200,100034,100,99963,100,100042,200,99961,100,100043,100,99950,100,100044,100,99934,100,100048,100,99933,100,100051,100,99931,100,100066,100,99929,200
2019-06-28 09:30:00.000000076,100001,100,99994,100,100005,200,99993,100,100022,100,99992,200,100026,100,99963,100,100034,100,99961,100,100042,200,99950,100,100043,100,99934,100,100044,100,99933,100,100048,100,99931,100,100051,100,99929,200
2019-06-28 09:30:00.000000080,100001,100,99994,100,100005,200,99993,100,100022,100,99992,200,100025,100,99963,100,100026,100,99961,100,100034,100,99950,100,100042,200,99934,100,100043,100,99933,100,100044,100,99931,100,100048,100,99929,200
2019-06-28 09:30:00.000000081,100001,100,99994,100,100005,200,99993,100,100022,100,99992,200,100025,100,99963,100,100026,100,99961,100,100034,100,99950,100,100042,200,99934,100,100043,100,99933,100,100044,100,99931,100,100048,100,99929,200
2019-06-28 09:30:00.000000085,100001,100,99994,100,100005,200,99993,100,100022,100,99992,200,100025,100,99963,100,100026,100,99961,100,100034,100,99950,100,100042,200,99934,100,100043,100,99933,100,100044,100,99931,100,100048,100,99929,200
2019-06-28 09:30:00.000000087,100001,100,99994,100,100005,300,99993,100,100022,100,99992,200,100025,100,99963,100,100026,100,99961,100,100034,100,99950,100,100042,200,99934,100,100043,100,99933,100,100044,100,99931,100,100048,100,99929,200
2019-06-28 09:30:00.000000088,100001,100,99994,100,100005,400,99993,100,100022,100,99992,200,100025,100,99963,100,100026,100,99961,100,100034,100,99950,100,100042,200,99934,100,100043,100,99933,100,100044,100,99931,100,100048,100,99929,200
2019-06-28 09:30:00.000000089,100001,100,99994,100,100005,400,99993,100,100022,100,99992,200,100025,100,99963,100,100026,100,99961,100,100034,100,99950,100,100042,200,99934,100,100043,100,99933,100,100044,100,99931,100,100048,100,99929,200
2019-06-28 09:30:00.000000090,100005,400,99994,100,100022,100,99993,100,100025,100,99992,200,100026,100,99963,100,100034,100,99961,100,100042,200,99950,100,100043,100,99934,100,100044,100,99933,100,100048,100,99931,100,100051,100,99929,200
2019-06-28 09:30:00.000000092,100005,400,99994,100,100022,100,99993,100,100025,100,99992,200,100026,100,99963,100,100034,100,99961,100,100042,200,99950,100,100043,100,99934,100,100044,100,99933,100,100048,100,99931,100,100051,100,99929,200
2019-06-28 09:30:00.000000094,100005,400,100001,100,100022,100,99994,100,100025,100,99993,100,100026,100,99992,200,100034,100,99963,100,100042,200,99961,100,100043,100,99950,100,100044,100,99934,100,100048,100,99933,100,100051,100,99931,100
2019-06-28 09:30:00.000000096,100005,400,100001,100,100022,100,99994,100,100025,100,99993,100,100026,100,99992,200,100034,100,99963,100,100042,200,99961,100,100043,100,99950,100,100044,100,99934,100,100048,100,99933,100,100051,100,99931,100
2019-06-28 09:30:00.000000097,100005,400,100001,100,100022,100,99994,100,100025,100,99993,100,100026,100,99992,200,100034,100,99963,100,100042,200,99961,100,100043,100,99950,100,100044,100,99934,100,100048,100,99933,100,100051,100,99931,100
2019-06-28 09:30:00.000000098,100005,400,100001,100,100022,100,99994,100,100025,100,99993,100,100026,100,99992,200,100034,100,99963,100,100042,200,99961,100,100043,100,99950,100,100044,100,99934,100,100048,100,99933,100,100051,100,99931,100
2019-06-28 09:30:00.000000099,100004,100,100001,100,100005,400,99994,100,100022,100,99993,100,100025,100,99992,200,100026,100,99986,100,100034,100,99963,100,100042,200,99961,100,100043,100,99950,100,100044,100,99934,100,100048,100,99933,100
2019-06-28 09:30:00.604008339,100004,100,100001,100,100005,400,99994,100,100022,100,99993,100,100025,100,99992,200,100026,100,99986,100,100034,100,99963,100,100042,200,99961,100,100043,100,99960,100,100044,100,99950,100,100048,100,99934,100
2019-06-28 09:30:05.998732869,100004,100,99994,100,100005,400,99993,100,100022,100,99992,200,100025,100,99986,100,100026,100,99963,100,100034,100,99961,100,100042,200,99960,100,100043,100,99950,100,100044,100,99934,100,100048,100,99931,100
2019-06-28 09:30:10.000000000,100004,354,99994,354,100005,400,99993,100,100022,100,99992,200,100025,100,99986,100,100026,100,99963,100,100034,100,99961,100,100042,200,99960,100,100043,100,99950,100,100044,100,99934,100,100048,100,99931,100
2019-06-28 09:30:20.000000000,100004,227,99994,227,100005,527,99993,227,100022,100,99992,200,100025,100,99986,100,100026,100,99963,100,100034,100,99961,100,100042,200,99960,100,100043,100,99950,100,100044,100,99934,100,100048,100,99931,100
2019-06-28 09:30:30.000000000,100004,354,99994,354,100005,400,99993,100,100022,100,99992,200,100025,100,99986,100,100026,100,99963,100,100034,100,99961,100,100042,200,99960,100,100043,100,99950,100,100044,100,99934,100,100048,100,99931,100
2019-06-28 09:30:37.661976346,100004,354,99994,354,100005,400,99993,100,100022,100,99992,200,100025,100,99986,100,100026,100,99963,100,100034,100,99960,100,100042,200,99950,100,100043,100,99934,100,100044,100,99931,100,100048,100,99929,200
2019-06-28 09:30:40.000000000,100004,227,99994,227,100005,527,99993,227,100022,100,99992,200,100025,100,99986,100,100026,100,99963,100,100034,100,99960,100,100042,200,99950,100,100043,100,99934,100,100044,100,99931,100,100048,100,99929,200
2019-06-28 09:30:50.000000000,100004,354,99994,354,100005,400,99993,100,100022,100,99992,200,100025,100,99986,100,100026,100,99963,100,100034,100,99960,100,100042,200,99950,100,100043,100,99934,100,100044,100,99931,100,100048,100,99929,200
2019-06-28 09:30:57.014027878,100004,354,100001,100,100005,400,99994,354,100022,100,99993,100,100025,100,99992,100,100026,100,99986,100,100034,100,99963,100,100042,200,99960,100,100043,100,99950,100,100044,100,99934,100,100048,100,99931,100
2019-06-28 09:31:00.000000000,100004,164,100001,164,100005,464,99994,164,100022,164,99993,164,100025,164,99992,164,100026,100,99986,100,100034,100,99963,100,100042,200,99960,100,100043,100,99950,100,100044,100,99934,100,100048,100,99931,100
2019-06-28 09:31:03.284241068,100004,164,100001,64,100005,464,99994,164,100022,164,99993,164,100025,164,99992,164,100026,100,99986,100,100034,100,99963,100,100042,200,99960,100,100043,100,99950,100,100044,100,99934,100,100048,100,99931,100
2019-06-28 09:31:10.000000000,100004,151,99994,151,100005,451,99993,151,100022,151,99992,151,100025,151,99986,151,100026,151,99963,151,100034,100,99960,100,100042,200,99950,100,100043,100,99934,100,100044,100,99931,100,100048,100,99929,200
2019-06-28 09:31:14.091113045,100004,151,99994,151,100005,351,99993,151,100022,151,99992,151,100025,151,99986,151,100026,151,99963,151,100034,100,99960,100,100042,200,99950,100,100043,100,99934,100,100044,100,99931,100,100048,100,99929,200
2019-06-28 09:31:20.000000000,100004,186,99994,186,100005,384,99993,184,100022,184,99992,184,100025,100,99986,100,100026,100,99963,100,100034,100,99960,100,100042,200,99950,100,100043,100,99934,100,100044,100,99931,100,100048,100,99929,200
2019-06-28 09:31:30.000000000,100004,354,99994,354,100005,300,99993,100,100022,100,99992,100,100025,100,99986,100,100026,100,99963,100,100034,100,99960,100,100042,200,99950,100,100043,100,99934,100,100044,100,99931,100,100048,100,99929,200
2019-06-28 09:31:32.122072514,100004,354,99994,354,100005,300,99993,100,100022,100,99992,100,100025,100,99986,100,100026,100,99963,100,100034,100,99960,100,100042,200,99950,100,100043,100,99934,100,100044,100,99931,100,100048,100,99929,200
2019-06-28 09:31:40.000000000,100004,186,99994,186,100005,384,99993,184,100022,184,99992,184,100025,100,99986,100,100026,100,99963,100,100034,100,99960,100,100042,200,99950,100,100043,100,99934,100,100044,100,99931,100,100048,100,99929,200
2019-06-28 09:31:43.283247969,100004,186,99994,186,100005,384,99993,184,100022,184,99992,184,100025,100,99986,100,100026,100,99960,100,100034,100,99950,100,100042,200,99934,100,100043,100,99931,100,100044,100,99929,200,100048,100,99924,100
2019-06-28 09:31:47.217010376,100004,186,99994,86,100005,384,99993,184,100022,184,99992,184,100025,100,99986,100,100026,100,99960,100,100034,100,99950,100,100042,200,99934,100,100043,100,99931,100,100044,100,99929,200,100048,100,99924,100
2019-06-28 09:31:50.000000000,100004,354,99993,354,100005,300,99992,100,100022,100,99986,100,100025,100,99960,100,100026,100,99950,100,100034,100,99934,100,100042,200,99931,100,100043,100,99929,200,100044,100,99924,100,100048,100,99917,100
2019-06-28 09:31:53.638981824,100001,100,99993,354,100004,354,99992,100,100005,300,99986,100,100022,100,99960,100,100025,100,99950,100,100026,100,99934,100,100034,100,99931,100,100042,100,99929,200,100043,100,99924,100,100044,100,99917,100
2019-06-28 09:32:00.000000000,100001,151,99993,151,100004,151,99992,151,100005,351,99986,151,100022,151,99960,151,100025,151,99950,151,100026,100,99934,100,100034,100,99931,100,100042,100,99929,200,100043,100,99924,100,100044,100,99917,100
2019-06-28 09:32:10.000000000,100001,151,99993,151,100004,151,99992,151,100005,351,99986,151,100022,151,99960,151,100025,151,99950,151,100026,100,99934,100,100034,100,99931,100,100042,100,99929,200,100043,100,99924,100,100044,100,99917,100
2019-06-28 09:32:20.000000000,100001,227,99993,227,100004,227,99992,227,100005,300,99986,100,100022,100,99960,100,100025,100,99950,100,100026,100,99934,100,100034,100,99931,100,100042,100,99929,200,100043,100,99924,100,100044,100,99917,100
2019-06-28 09:32:30.000000000,100001,354,99993,354,100004,100,99992,100,100005,300,99986,100,100022,100,99960,100,100025,100,99950,100,100026,100,99934,100,100034,100,99931,100,100042,100,99929,200,100043,100,99924,100,100044,100,99917,100
2019-06-28 09:32:30.463161320,100001,354,99993,254,100004,100,99992,100,100005,300,99986,100,100022,100,99960,100,100025,100,99950,100,100026,100,99934,100,100034,100,99931,100,100042,100,99929,200,100043,100,99924,100,100044,100,99917,100
2019-06-28 09:32:31.477518434,100001,354,99993,254,100004,100,99992,100,100005,300,99986,100,100022,100,99960,100,100025,100,99950,100,100026,100,99931,100,100034,100,99929,200,100042,100,99924,100,100043,100,99917,100,100044,100,99912,100
2019-06-28 09:32:40.000000000,100001,227,99992,227,100004,227,99986,227,100005,300,99960,100,100022,100,99950,100,100025,100,99931,100,100026,100,99929,200,100034,100,99924,100,100042,100,99917,100,100043,100,99912,100,100044,100,99897,100
2019-06-28 09:32:50.000000000,100001,186,99992,186,100004,184,99986,184,100005,384,99960,184,100022,100,99950,100,100025,100,99931,100,100026,100,99929,200,100034,100,99924,100,100042,100,99917,100,100043,100,99912,100,100044,100,99897,100
2019-06-28 09:32:51.632883276,100001,186,99992,186,100004,184,99986,184,100005,384,99960,184,100022,100,99950,100,100025,100,99931,100,100026,100,99929,200,100034,100,99924,100,100042,100,99917,100,100043,100,99912,100,100044,100,99897,100
2019-06-28 09:33:00.000000000,100001,354,99992,354,100004,100,99986,100,100005,300,99960,100,100022,100,99950,100,100025,100,99931,100,100026,100,99929,200,100034,100,99924,100,100042,100,99917,100,100043,100,99912,100,100044,100,99897,100
2019-06-28 09:33:10.000000000,100001,151,99992,151,100004,151,99986,151,100005,351,99960,151,100022,151,99950,151,100025,151,99931,151,100026,100,99929,200,100034,100,99924,100,100042,100,99917,100,100043,100,99912,100,100044,100,99897,100
2019-06-28 09:33:13.560537120,100001,151,99992,151,100004,151,99986,151,100005,351,99960,151,100022,151,99950,51,100025,151,99931,151,100026,100,99929,200,100034,100,99924,100,100042,100,99917,100,100043,100,99912,100,100044,100,99897,100
2019-06-28 09:33:20.000000000,100001,164,99992,164,100004,164,99986,164,100005,364,99960,164,100022,164,99931,164,100025,100,99929,200,100026,100,99924,100,100034,100,99917,100,100042,100,99912,100,100043,100,99897,100,100044,100,99829,100
2019-06-28 09:33:23.161957776,100001,164,99992,64,100004,164,99986,164,100005,364,99960,164,100022,164,99931,164,100025,100,99929,200,100026,100,99924,100,100034,100,99917,100,100042,100,99912,100,100043,100,99897,100,100044,100,99829,100
2019-06-28 09:33:30.000000000,100001,227,99986,227,100004,227,99960,227,100005,300,99931,100,100022,100,99929,200,100025,100,99924,100,100026,100,99917,100,100034,100,99912,100,100042,100,99897,100,100043,100,99829,100,100044,100,99825,100
2019-06-28 09:33:33.387026541,100001,227,99986,227,100004,227,99960,227,100005,300,99931,100,100022,100,99929,200,100025,100,99924,100,100026,100,99917,100,100042,100,99912,100,100043,100,99897,100,100044,100,99829,100,100048,100,99825,100
2019-06-28 09:33:34.071612385,100001,227,99986,227,100004,227,99960,227,100005,300,99931,100,100022,100,99929,200,100025,100,99924,100,100026,100,99917,100,100042,100,99912,100,100043,100,99897,100,100044,100,99829,100,100048,100,99825,100
2019-06-28 09:33:40.000000000,100001,164,99986,164,100004,164,99960,164,100005,364,99931,164,100022,164,99929,264,100025,100,99924,100,100026,100,99917,100,100042,100,99912,100,100043,100,99897,100,100044,100,99829,100,100048,100,99825,100
2019-06-28 09:33:41.064955227,100001,164,99986,164,100004,164,99960,164,100005,364,99931,164,100022,164,99929,264,100025,100,99924,100,100026,100,99917,100,100042,100,99912,100,100043,100,99897,100,100044,100,99829,100,100048,100,99825,100
2019-06-28 09:33:47.839353671,100001,164,99986,64,100004,164,99960,164,100005,364,99931,164,100022,164,99929,264,100025,100,99924,100,100026,100,99917,100,100042,100,99912,100,100043,100,99897,100,100044,100,99829,100,100048,100,99825,100
2019-06-28 09:33:50.000000000,100001,354,99960,354,100004,100,99931,100,100005,300,99929,200,100022,100,99924,100,100025,100,99917,100,100026,100,99912,100,100042,100,99897,100,100043,100,99829,100,100044,100,99825,100,100048,100,99819,100
2019-06-28 09:33:50.670976444,100001,354,99960,254,100004,100,99931,100,100005,300,99929,200,100022,100,99924,100,100025,100,99917,100,100026,100,99912,100,100042,100,99897,100,100043,100,99829,100,100044,100,99825,100,100048,100,99819,100
2019-06-28 09:33:59.006176077,100001,354,99960,154,100004,100,99931,100,100005,300,99929,200,100022,100,99924,100,100025,100,99917,100,100026,100,99912,100,100042,100,99897,100,100043,100,99829,100,100044,100,99825,100,100048,100,99819,100
2019-06-28 09:34:00.000000000,100001,164,99931,164,100004,164,99929,264,100005,364,99924,164,100022,164,99917,164,100025,100,99912,100,100026,100,99897,100,100042,100,99829,100,100043,100,99825,100,100044,100,99819,100,100048,100,99805,100
2019-06-28 09:34:10.000000000,100001,186,99931,186,100004,184,99929,284,100005,384,99924,184,100022,100,99917,100,100025,100,99912,100,100026,100,99897,100,100042,100,99829,100,100043,100,99825,100,100044,100,99819,100,100048,100,99805,100
2019-06-28 09:34:13.488928862,99960,100,99931,186,100001,186,99929,284,100004,184,99924,184,100005,384,99917,100,100022,100,99912,100,100025,100,99897,100,100026,100,99829,100,100042,100,99825,100,100043,100,99819,100,100044,100,99805,100
2019-06-28 09:34:20.000000000,99960,151,99931,151,100001,151,99929,251,100004,151,99924,151,100005,351,99917,151,100022,151,99912,151,100025,100,99897,100,100026,100,99829,100,100042,100,99825,100,100043,100,99819,100,100044,100,99805,100
2019-06-28 09:34:30.000000000,99960,354,99931,354,100001,100,99929,200,100004,100,99924,100,100005,300,99917,100,100022,100,99912,100,100025,100,99897,100,100026,100,99829,100,100042,100,99825,100,100043,100,99819,100,100044,100,99805,100
2019-06-28 09:34:40.000000000,99960,227,99931,227,100001,227,99929,327,100004,100,99924,100,100005,300,99917,100,100022,100,99912,100,100025,100,99897,100,100026,100,99829,100,100042,100,99825,100,100043,100,99819,100,100044,100,99805,100
2019-06-28 09:34:41.448153086,99960,327,99931,227,100001,227,99929,327,100004,100,99924,100,100005,300,99917,100,100022,100,99912,100,100025,100,99897,100,100026,100,99829,100,100042,100,99825,100,100043,100,99819,100,100044,100,99805,100
2019-06-28 09:34:49.680864436,99960,327,99931,227,100001,227,99929,327,100004,100,99924,100,100005,300,99917,100,100022,100,99912,100,100025,100,99897,100,100026,100,99829,100,100042,100,99825,100,100043,100,99819,100,100044,100,99805,100
2019-06-28 09:34:50.000000000,99960,264,99931,164,100001,164,99929,264,100004,164,99924,164,100005,364,99917,164,100022,100,99912,100,100025,100,99897,100,100026,100,99829,100,100042,100,99825,100,100043,100,99819,100,100044,100,99805,100
2019-06-28 09:35:00.000000000,99960,454,99931,354,100001,100,99929,200,100004,100,99924,100,100005,300,99917,100,100022,100,99912,100,100025,100,99897,100,100026,100,99829,100,100042,100,99825,100,100043,100,99819,100,100044,100,99805,100
2019-06-28 09:35:04.855413568,99960,454,99931,354,100001,100,99929,200,100004,100,99924,100,100005,300,99917,100,100022,100,99912,100,100025,100,99897,100,100026,100,99829,100,100042,100,99825,100,100043,100,99819,100,100044,100,99805,100
2019-06-28 09:35:10.000000000,99960,327,99931,227,100001,227,99929,327,100004,100,99924,100,100005,300,99917,100,100022,100,99912,100,100025,100,99897,100,100026,100,99829,100,100042,100,99825,100,100043,100,99819,100,100044,100,99805,100
2019-06-28 09:35:13.683288630,99960,327,99931,27,100001,227,99929,327,100004,100,99924,100,100005,300,99917,100,100022,100,99912,100,100025,100,99897,100,100026,100,99829,100,100042,100,99825,100,100043,100,99819,100,100044,100,99805,100
2019-06-28 09:35:13.764464652,99960,327,99931,27,100001,227,99929,327,100004,100,99924,100,100005,300,99917,100,100022,100,99912,100,100025,100,99897,100,100026,100,99829,100,100042,100,99825,100,100043,100,99819,100,100044,100,99805,100
2019-06-28 09:35:18.084013151,99960,327,99931,27,100001,227,99929,327,100004,100,99924,100,100005,300,99917,100,100022,100,99912,100,100025,100,99897,100,100026,100,99829,100,100042,100,99825,100,100043,100,99819,100,100044,100,99805,100
2019-06-28 09:35:18.480848271,99931,73,99929,327,99960,327,99924,100,100001,227,99917,100,100004,100,99912,100,100005,300,99897,100,100022,100,99829,100,100025,100,99825,100,100026,100,99819,100,100042,100,99805,100,100043,100,99779,100
2019-06-28 09:35:20.000000000,99931,200,99929,327,99960,327,99924,227,100001,100,99917,100,100004,100,99912,100,100005,300,99897,100,100022,100,99829,100,100025,100,99825,100,100026,100,99819,100,100042,100,99805,100,100043,100,99779,100
2019-06-28 09:35:30.000000000,99931,200,99929,327,99960,327,99924,227,100001,100,99917,100,100004,100,99912,100,100005,300,99897,100,100022,100,99829,100,100025,100,99825,100,100026,100,99819,100,100042,100,99805,100,100043,100,99779,100
2019-06-28 09:35:33.010451616,99931,200,99929,327,99960,327,99924,227,100001,100,99917,100,100004,100,99912,100,100005,300,99897,100,100022,100,99829,100,100025,100,99825,100,100026,100,99819,100,100042,100,99805,100,100043,100,99779,100
2019-06-28 09:35:38.711500244,99931,200,99929,327,99960,327,99924,227,100004,100,99917,100,100005,300,99912,100,100022,100,99897,100,100025,100,99829,100,100026,100,99825,100,100042,100,99819,100,100043,100,99805,100,100044,100,99779,100
2019-06-28 09:35:40.000000000,99931,327,99929,454,99960,200,99924,100,100004,100,99917,100,100005,300,99912,100,100022,100,99897,100,100025,100,99829,100,100026,100,99825,100,100042,100,99819,100,100043,100,99805,100,100044,100,99779,100
2019-06-28 09:35:41.737937099,99931,427,99929,454,99960,200,99924,100,100004,100,99917,100,100005,200,99912,100,100022,100,99897,100,100025,100,99829,100,100026,100,99825,100,100042,100,99819,100,100043,100,99805,100,100044,100,99779,100
2019-06-28 09:35:47.059204454,99931,527,99929,454,99960,200,99924,100,100005,200,99917,100,100022,100,99912,100,100025,100,99897,100,100026,100,99829,100,100042,100,99825,100,100043,100,99819,100,100044,100,99805,100,100048,100,99779,100
2019-06-28 09:35:50.000000000,99931,527,99929,454,99960,200,99924,100,100005,200,99917,100,100022,100,99912,100,100025,100,99897,100,100026,100,99829,100,100042,100,99825,100,100043,100,99819,100,100044,100,99805,100,100048,100,99779,100
2019-06-28 09:35:54.209226998,99931,427,99929,454,99960,200,99924,100,100005,200,99917,100,100022,100,99912,100,100025,100,99897,100,100026,100,99829,100,100042,100,99825,100,100043,100,99819,100,100044,100,99805,100,100048,100,99779,100
2019-06-28 09:35:54.567300177,99931,427,99929,354,99960,200,99924,100,100005,200,99917,100,100022,100,99912,100,100025,100,99897,100,100026,100,99829,100,100042,100,99825,100,100043,100,99819,100,100044,100,99805,100,100048,100,99779,100
2019-06-28 09:35:57.539671626,99931,427,99929,254,99960,200,99924,100,100005,200,99917,100,100022,100,99912,100,100025,100,99897,100,100026,100,99829,100,100042,100,99825,100,100043,100,99819,100,100044,100,99805,100,100048,100,99758,100
2019-06-28 09:36:00.000000000,99931,427,99924,354,99960,200,99917,100,100005,200,99912,100,100022,100,99897,100,100025,100,99829,100,100026,100,99825,100,100042,100,99819,100,100043,100,99805,100,100044,100,99758,100,100048,100,99537,100
2019-06-28 09:36:05.003712273,99929,100,99924,354,99931,327,99917,100,99960,200,99912,100,100005,200,99897,100,100022,100,99829,100,100025,100,99825,100,100026,100,99819,100,100042,100,99805,100,100043,100,99758,100,100044,100,99537,100
2019-06-28 09:36:10.000000000,99929,151,99924,151,99931,124,99917,151,99960,251,99912,151,100005,251,99897,151,100022,151,99829,151,100025,100,99825,100,100026,100,99819,100,100042,100,99805,100,100043,100,99758,100,100044,100,99537,100
2019-06-28 09:36:20.000000000,99929,227,99924,227,99931,200,99917,227,99960,200,99912,100,100005,200,99897,100,100022,100,99829,100,100025,100,99825,100,100026,100,99819,100,100042,100,99805,100,100043,100,99758,100,100044,100,99537,100
2019-06-28 09:36:30.000000000,99929,151,99924,151,99931,124,99917,151,99960,251,99912,151,100005,251,99897,151,100022,151,99829,151,100025,100,99825,100,100026,100,99819,100,100042,100,99805,100,100043,100,99758,100,100044,100,99537,100
2019-06-28 09:36:40.000000000,99929,354,99924,354,99931,73,99917,100,99960,200,99912,100,100005,200,99897,100,100022,100,99829,100,100025,100,99825,100,100026,100,99819,100,100042,100,99805,100,100043,100,99758,100,100044,100,99537,100
2019-06-28 09:36:50.000000000,99929,186,99924,186,99931,157,99917,184,99960,284,99912,184,100005,200,99897,100,100022,100,99829,100,100025,100,99825,100,100026,100,99819,100,100042,100,99805,100,100043,100,99758,100,100044,100,99537,100
2019-06-28 09:37:00.000000000,99929,354,99924,354,99931,73,99917,100,99960,200,99912,100,100005,200,99897,100,100022,100,99829,100,100025,100,99825,100,100026,100,99819,100,100042,100,99805,100,100043,100,99758,100,100044,100,99537,100
2019-06-28 09:37:10.000000000,99929,151,99924,151,99931,124,99917,151,99960,251,99912,151,100005,251,99897,151,100022,151,99829,151,100025,100,99825,100,100026,100,99819,100,100042,100,99805,100,100043,100,99758,100,100044,100,99537,100
2019-06-28 09:37:14.809280183,99929,151,99924,151,99931,124,99917,151,99940,100,99912,151,99960,251,99897,151,100005,251,99829,151,100022,151,99825,100,100025,100,99819,100,100026,100,99805,100,100042,100,99758,100,100043,100,99537,100
2019-06-28 09:37:20.000000000,99929,354,99924,354,99931,73,99917,100,99940,100,99912,100,99960,200,99897,100,100005,200,99829,100,100022,100,99825,100,100025,100,99819,100,100026,100,99805,100,100042,100,99758,100,100043,100,99537,100
2019-06-28 09:37:22.743469057,99929,354,99924,354,99931,73,99917,100,99940,100,99912,100,99960,200,99897,100,100005,200,99829,100,100022,100,99825,100,100025,100,99819,100,100026,100,99805,100,100042,100,99758,100,100044,100,99660,100
2019-06-28 09:37:30.000000000,99929,227,99924,227,99931,200,99917,227,99940,100,99912,100,99960,200,99897,100,100005,200,99829,100,100022,100,99825,100,100025,100,99819,100,100026,100,99805,100,100042,100,99758,100,100044,100,99660,100
2019-06-28 09:37:36.629582375,99929,227,99924,227,99931,200,99917,227,99940,100,99912,100,99960,100,99897,100,100005,200,99829,100,100022,100,99825,100,100025,100,99819,100,100026,100,99805,100,100042,100,99758,100,100044,100,99660,100
2019-06-28 09:37:40.000000000,99929,354,99924,354,99931,73,99917,100,99940,100,99912,100,99960,100,99897,100,100005,200,99829,100,100022,100,99825,100,100025,100,99819,100,100026,100,99805,100,100042,100,99758,100,100044,100,99660,100
2019-06-28 09:37:46.867494211,99929,354,99924,154,99931,73,99917,100,99940,100,99912,100,99960,100,99897,100,100005,200,99829,100,100022,100,99825,100,100025,100,99819,100,100026,100,99805,100,100042,100,99758,100,100044,100,99660,100
2019-06-28 09:37:50.000000000,99929,151,99917,151,99931,124,99912,151,99940,151,99897,151,99960,151,99829,151,100005,251,99825,151,100022,100,99819,100,100025,100,99805,100,100026,100,99758,100,100042,100,99660,100,100044,100,99537,100
2019-06-28 09:37:59.154721378,99929,151,99917,151,99931,124,99912,151,99940,151,99897,151,99941,100,99829,151,99960,151,99825,151,100005,251,99819,100,100022,100,99805,100,100025,100,99758,100,100026,100,99660,100,100042,100,99537,100
2019-06-28 09:38:00.000000000,99929,164,99917,164,99931,137,99912,164,99940,164,99897,164,99941,164,99829,164,99960,100,99825,100,100005,200,99819,100,100022,100,99805,100,100025,100,99758,100,100026,100,99660,100,100042,100,99537,100
2019-06-28 09:38:09.631051107,99929,164,99917,164,99931,137,99912,164,99940,164,99897,164,99941,164,99829,164,99960,100,99825,100,100005,200,99805,100,100022,100,99758,100,100025,100,99660,100,100026,100,99537,100,100027,100,99492,100
2019-06-28 09:38:10.000000000,99929,164,99917,164,99931,137,99912,164,99940,164,99897,164,99941,164,99829,164,99960,100,99825,100,100005,200,99805,100,100022,100,99758,100,100025,100,99660,100,100026,100,99537,100,100027,100,99492,100
2019-06-28 09:38:18.245371581,99929,164,99917,164,99931,64,99912,164,99940,164,99897,164,99941,164,99829,164,99960,100,99825,100,100005,200,99805,100,100022,100,99758,100,100025,100,99660,100,100026,100,99537,100,100027,100,99492,100
2019-06-28 09:38:20.000000000,99929,151,99917,151,99940,151,99912,151,99941,151,99897,151,99960,151,99829,151,100005,251,99825,151,100022,100,99805,100,100025,100,99758,100,100026,100,99660,100,100027,100,99537,100,100042,100,99492,100
2019-06-28 09:38:30.000000000,99929,354,99917,354,99940,100,99912,100,99941,100,99897,100,99960,100,99829,100,100005,200,99825,100,100022,100,99805,100,100025,100,99758,100,100026,100,99660,100,100027,100,99537,100,100042,100,99492,100
2019-06-28 09:38:34.126171431,99929,354,99917,354,99940,100,99912,100,99941,100,99829,100,99960,100,99825,100,100005,200,99805,100,100010,100,99758,100,100022,100,99660,100,100025,100,99537,100,100026,100,99492,100,100027,100,99442,100
2019-06-28 09:38:40.000000000,99929,164,99917,164,99940,164,99912,164,99941,164,99829,164,99960,164,99825,164,100005,200,99805,100,100010,100,99758,100,100022,100,99660,100,100025,100,99537,100,100026,100,99492,100,100027,100,99442,100
2019-06-28 09:38:40.011242185,99929,164,99925,100,99940,164,99917,164,99941,164,99912,164,99960,164,99829,164,100005,200,99825,164,100010,100,99805,100,100022,100,99758,100,100025,100,99660,100,100026,100,99537,100,100027,100,99492,100
2019-06-28 09:38:40.691134330,99929,164,99925,100,99940,164,99917,164,99941,164,99912,164,99960,164,99829,164,100005,200,99825,164,100010,100,99805,100,100022,100,99758,100,100025,100,99660,100,100026,100,99537,100,100027,100,99492,100
2019-06-28 09:38:43.389207014,99929,164,99917,164,99940,164,99912,164,99941,164,99829,164,99960,164,99825,164,100005,200,99805,100,100010,100,99758,100,100022,100,99660,100,100025,100,99537,100,100026,100,99492,100,100027,100,99442,100
2019-06-28 09:38:46.674271203,99929,64,99917,164,99940,164,99912,164,99941,164,99829,164,99960,164,99825,164,100005,200,99805,100,100010,100,99758,100,100022,100,99660,100,100025,100,99537,100,100026,100,99492,100,100027,100,99442,100
2019-06-28 09:38:50.000000000,99940,151,99917,151,99941,151,99912,151,99960,151,99829,151,100005,251,99825,151,100010,151,99805,151,100022,100,99758,100,100025,100,99660,100,100026,100,99537,100,100027,100,99492,100,100042,100,99442,100
2019-06-28 09:39:00.000000000,99940,151,99917,151,99941,151,99912,151,99960,151,99829,151,100005,251,99825,151,100010,151,99805,151,100022,100,99758,100,100025,100,99660,100,100026,100,99537,100,100027,100,99492,100,100042,100,99442,100
2019-06-28 09:39:03.270397950,99940,151,99917,151,99941,51,99912,151,99960,151,99829,151,100005,251,99825,151,100010,151,99805,151,100022,100,99758,100,100025,100,99660,100,100026,100,99537,100,100027,100,99492,100,100042,100,99442,100
2019-06-28 09:39:04.791651861,99940,51,99917,151,99941,51,99912,151,99960,151,99829,151,100005,251,99825,151,100010,151,99805,151,100022,100,99758,100,100025,100,99660,100,100026,100,99537,100,100027,100,99442,100,100042,100,99434,100
2019-06-28 09:39:10.000000000,99960,354,99917,354,100005,200,99912,100,100010,100,99829,100,100022,100,99825,100,100025,100,99805,100,100026,100,99758,100,100027,100,99660,100,100042,100,99537,100,100044,100,99442,100,100053,100,99434,100
2019-06-28 09:39:10.521745187,99960,354,99929,100,100005,200,99917,354,100010,100,99912,100,100022,100,99829,100,100025,100,99825,100,100026,100,99805,100,100027,100,99758,100,100042,100,99660,100,100044,100,99537,100,100053,100,99442,100
2019-06-28 09:39:20.000000000,99960,151,99929,151,100005,251,99917,151,100010,151,99912,151,100022,151,99829,151,100025,151,99825,151,100026,100,99805,100,100027,100,99758,100,100042,100,99660,100,100044,100,99537,100,100053,100,99442,100
2019-06-28 09:39:24.299725084,99960,151,99929,151,100005,251,99917,151,100010,151,99912,151,100022,151,99829,151,100025,151,99825,151,100026,100,99805,100,100027,100,99758,100,100042,100,99660,100,100044,100,99537,100,100053,100,99442,100
2019-06-28 09:39:25.848949285,99960,151,99929,151,100005,251,99917,151,100010,51,99912,151,100022,151,99829,151,100025,151,99825,151,100026,100,99805,100,100027,100,99758,100,100042,100,99660,100,100044,100,99537,100,100053,100,99442,100
2019-06-28 09:39:30.000000000,99960,186,99929,186,100005,284,99917,184,100022,184,99912,184,100025,100,99829,100,100026,100,99825,100,100027,100,99805,100,100042,100,99758,100,100044,100,99660,100,100053,100,99537,100,100067,200,99442,100
2019-06-28 09:39:33.453658999,99960,86,99929,186,100005,284,99917,184,100022,184,99912,184,100025,100,99829,100,100026,100,99825,100,100027,100,99805,100,100042,100,99758,100,100044,100,99660,100,100067,200,99537,100,100068,100,99442,100
2019-06-28 09:39:40.000000000,100005,454,99929,354,100022,100,99917,100,100025,100,99912,100,100026,100,99829,100,100027,100,99825,100,100042,100,99805,100,100044,100,99758,100,100067,200,99660,100,100068,100,99537,100,100080,100,99442,100
2019-06-28 09:39:42.385762051,100005,354,99929,354,100022,100,99917,100,100025,100,99912,100,100026,100,99829,100,100027,100,99825,100,100042,100,99805,100,100044,100,99758,100,100067,200,99660,100,100068,100,99537,100,100080,100,99442,100
2019-06-28 09:39:50.000000000,100005,354,99929,354,100022,100,99917,100,100025,100,99912,100,100026,100,99829,100,100027,100,99825,100,100042,100,99805,100,100044,100,99758,100,100067,200,99660,100,100068,100,99537,100,100080,100,99442,100
2019-06-28 09:39:51.615407957,100005,354,99960,100,100022,100,99929,354,100025,100,99917,100,100026,100,99912,100,100027,100,99829,100,100042,100,99825,100,100044,100,99805,100,100067,200,99758,100,100068,100,99660,100,100080,100,99537,100
2019-06-28 09:40:00.000000000,100005,354,99960,354,100022,100,99929,100,100025,100,99917,100,100026,100,99912,100,100027,100,99829,100,100042,100,99825,100,100044,100,99805,100,100067,200,99758,100,100068,100,99660,100,100080,100,99537,100
2019-06-28 09:40:10.000000000,100005,354,99960,354,100022,100,99929,100,100025,100,99917,100,100026,100,99912,100,100027,100,99829,100,100042,100,99825,100,100044,100,99805,100,100067,200,99758,100,100068,100,99660,100,100080,100,99537,100
2019-06-28 09:40:10.356656677,100005,254,99960,354,100022,100,99929,100,100025,100,99917,100,100026,100,99912,100,100027,100,99829,100,100042,100,99825,100,100044,100,99805,100,100067,200,99758,100,100068,100,99660,100,100080,100,99537,100
2019-06-28 09:40:19.106705331,100005,254,99960,354,100022,100,99917,100,100025,100,99912,100,100026,100,99829,100,100027,100,99825,100,100042,100,99805,100,100044,100,99758,100,100067,200,99660,100,100068,100,99537,100,100080,100,99442,100
2019-06-28 09:40:20.000000000,100022,164,99960,164,100025,164,99917,164,100026,164,99912,164,100027,164,99829,164,100042,100,99825,100,100044,100,99805,100,100067,200,99758,100,100068,100,99660,100,100080,100,99537,100,100107,100,99442,100
2019-06-28 09:40:20.274284183,100022,164,99960,164,100025,164,99917,164,100026,164,99912,164,100027,164,99829,164,100042,100,99825,100,100044,100,99805,100,100067,200,99758,100,100068,100,99660,100,100080,100,99537,100,100107,100,99442,100
2019-06-28 09:40:30.000000000,100022,164,99960,164,100025,164,99917,164,100026,164,99912,164,100027,164,99829,164,100042,100,99825,100,100044,100,99805,100,100067,200,99758,100,100068,100,99660,100,100080,100,99537,100,100107,100,99442,100
2019-06-28 09:40:30.703589979,100022,164,99960,164,100025,164,99921,100,100026,164,99917,164,100027,164,99912,164,100042,100,99829,164,100044,100,99825,100,100067,200,99805,100,100068,100,99758,100,100080,100,99660,100,100107,100,99537,100
2019-06-28 09:40:36.875516147,100022,164,99960,164,100025,164,99917,164,100026,164,99912,164,100027,164,99829,164,100042,100,99825,100,100044,100,99805,100,100053,100,99758,100,100067,200,99660,100,100068,100,99537,100,100080,100,99442,100
2019-06-28 09:40:40.000000000,100022,227,99960,227,100025,227,99917,227,100026,100,99912,100,100027,100,99829,100,100042,100,99825,100,100044,100,99805,100,100053,100,99758,100,100067,200,99660,100,100068,100,99537,100,100080,100,99442,100
2019-06-28 09:40:44.033351328,100022,227,99960,227,100025,227,99917,227,100026,100,99912,100,100027,100,99829,100,100042,100,99825,100,100044,100,99805,100,100053,100,99758,100,100067,200,99660,100,100068,100,99537,100,100080,100,99442,100
2019-06-28 09:40:48.065845309,100022,127,99960,227,100025,227,99917,227,100026,100,99912,100,100027,100,99829,100,100042,100,99825,100,100044,100,99805,100,100053,100,99758,100,100067,200,99537,100,100068,100,99442,100,100080,100,99434,100
2019-06-28 09:40:50.000000000,100025,354,99960,354,100026,100,99917,100,100027,100,99912,100,100042,100,99829,100,100044,100,99825,100,100053,100,99805,100,100067,200,99758,100,100068,100,99537,100,100080,100,99442,100,100110,100,99434,100
2019-06-28 09:41:00.000000000,100025,164,99960,164,100026,164,99917,164,100027,164,99912,164,100042,164,99829,164,100044,100,99825,100,100053,100,99805,100,100067,200,99758,100,100068,100,99537,100,100080,100,99442,100,100110,100,99434,100
2019-06-28 09:41:09.406407602,100025,164,100005,100,100026,164,99960,164,100027,164,99917,164,100042,164,99912,164,100044,100,99829,164,100053,100,99825,100,100067,200,99805,100,100068,100,99758,100,100080,100,99537,100,100110,100,99442,100
2019-06-28 09:41:10.000000000,100025,227,100005,227,100026,227,99960,227,100027,100,99917,100,100042,100,99912,100,100044,100,99829,100,100053,100,99825,100,100067,200,99805,100,100068,100,99758,100,100080,100,99537,100,100110,100,99442,100
2019-06-28 09:41:20.000000000,100025,164,100005,164,100026,164,99960,164,100027,164,99917,164,100042,164,99912,164,100044,100,99829,100,100053,100,99825,100,100067,200,99805,100,100068,100,99758,100,100080,100,99537,100,100110,100,99442,100
2019-06-28 09:41:27.545444018,100025,164,100005,264,100026,164,99960,164,100027,164,99917,164,100042,164,99912,164,100044,100,99829,100,100053,100,99825,100,100067,200,99805,100,100068,100,99758,100,100080,100,99537,100,100110,100,99442,100
2019-06-28 09:41:30.000000000,100025,227,100005,327,100026,227,99960,227,100027,100,99917,100,100042,100,99912,100,100044,100,99829,100,100053,100,99825,100,100067,200,99805,100,100068,100,99758,100,100080,100,99537,100,100110,100,99442,100
2019-06-28 09:41:40.000000000,100025,354,100005,454,100026,100,99960,100,100027,100,99917,100,100042,100,99912,100,100044,100,99829,100,100053,100,99825,100,100067,200,99805,100,100068,100,99758,100,100080,100,99537,100,100110,100,99442,100
2019-06-28 09:41:50.000000000,100025,186,100005,286,100026,184,99960,184,100027,184,99917,184,100042,100,99912,100,100044,100,99829,100,100053,100,99825,100,100067,200,99805,100,100068,100,99758,100,100080,100,99537,100,100110,100,99442,100
2019-06-28 09:41:58.535392652,100025,86,100005,286,100026,184,99960,184,100027,184,99917,184,100042,100,99912,100,100044,100,99829,100,100053,100,99825,100,100067,200,99805,100,100068,100,99758,100,100080,100,99537,100,100124,100,99442,100
2019-06-28 09:42:00.000000000,100026,354,100005,454,100027,100,99960,100,100042,100,99917,100,100044,100,99912,100,100053,100,99829,100,100067,200,99825,100,100068,100,99805,100,100080,100,99758,100,100124,100,99537,100,100135,100,99442,100
2019-06-28 09:42:10.000000000,100026,186,100005,286,100027,184,99960,184,100042,184,99917,184,100044,100,99912,100,100053,100,99829,100,100067,200,99825,100,100068,100,99805,100,100080,100,99758,100,100124,100,99537,100,100135,100,99442,100
2019-06-28 09:42:20.000000000,100026,354,100005,454,100027,100,99960,100,100042,100,99917,100,100044,100,99912,100,100053,100,99829,100,100067,200,99825,100,100068,100,99805,100,100080,100,99758,100,100124,100,99537,100,100135,100,99442,100
2019-06-28 09:42:29.142296762,100026,354,100005,354,100027,100,99960,100,100042,100,99917,100,100044,100,99912,100,100053,100,99829,100,100067,200,99825,100,100068,100,99805,100,100080,100,99758,100,100124,100,99537,100,100135,100,99442,100
2019-06-28 09:42:30.000000000,100026,151,100005,151,100027,151,99960,151,100042,151,99917,151,100044,151,99912,151,100053,151,99829,151,100067,200,99825,100,100068,100,99805,100,100080,100,99758,100,100124,100,99537,100,100135,100,99442,100
2019-06-28 09:42:31.975090310,100026,151,100005,151,100027,151,99960,151,100042,151,99917,151,100044,151,99912,151,100053,151,99829,151,100067,200,99825,100,100068,100,99805,100,100124,100,99758,100,100135,100,99537,100,100166,100,99442,100
2019-06-28 09:42:34.621191195,100026,51,100005,151,100027,151,99960,151,100042,151,99917,151,100044,151,99912,151,100053,151,99829,151,100067,200,99825,100,100068,100,99805,100,100124,100,99758,100,100135,100,99537,100,100166,100,99442,100
2019-06-28 09:42:40.000000000,100027,354,100005,354,100042,100,99960,100,100044,100,99917,100,100053,100,99912,100,100067,200,99829,100,100068,100,99825,100,100124,100,99805,100,100135,100,99758,100,100166,100,99537,100,100189,100,99442,100
2019-06-28 09:42:47.529432386,100027,254,100005,354,100042,100,99960,100,100044,100,99917,100,100053,100,99912,100,100067,200,99829,100,100068,100,99825,100,100124,100,99805,100,100135,100,99758,100,100166,100,99537,100,100189,100,99442,100
2019-06-28 09:42:50.000000000,100042,354,100005,354,100044,100,99960,100,100053,100,99917,100,100067,200,99912,100,100068,100,99829,100,100124,100,99825,100,100135,100,99805,100,100166,100,99758,100,100189,100,99537,100,100261,100,99442,100
2019-06-28 09:42:56.221490872,100042,354,100005,354,100044,100,99960,100,100053,100,99917,100,100060,100,99912,100,100067,200,99829,100,100068,100,99825,100,100124,100,99805,100,100135,100,99758,100,100166,100,99537,100,100189,100,99442,100
2019-06-28 09:43:00.000000000,100042,354,100005,354,100044,100,99960,100,100053,100,99917,100,100060,100,99912,100,100067,200,99829,100,100068,100,99825,100,100124,100,99805,100,100135,100,99758,100,100166,100,99537,100,100189,100,99442,100
2019-06-28 09:43:10.000000000,100042,354,100005,354,100044,100,99960,100,100053,100,99917,100,100060,100,99912,100,100067,200,99829,100,100068,100,99825,100,100124,100,99805,100,100135,100,99758,100,100166,100,99537,100,100189,100,99442,100
2019-06-28 09:43:20.000000000,100042,227,100005,227,100044,227,99960,227,100053,100,99917,100,100060,100,99912,100,100067,200,99829,100,100068,100,99825,100,100124,100,99805,100,100135,100,99758,100,100166,100,99537,100,100189,100,99442,100
2019-06-28 09:43:30.000000000,100042,151,100005,151,100044,151,99960,151,100053,151,99917,151,100060,151,99912,151,100067,251,99829,151,100068,100,99825,100,100124,100,99805,100,100135,100,99758,100,100166,100,99537,100,100189,100,99442,100
2019-06-28 09:43:32.834377206,100042,151,100005,51,100044,151,99960,151,100053,151,99917,151,100060,151,99912,151,100067,251,99829,151,100124,100,99825,100,100135,100,99805,100,100166,100,99758,100,100189,100,99537,100,100261,100,99442,100
2019-06-28 09:43:40.000000000,100042,164,99960,164,100044,164,99917,164,100053,164,99912,164,100060,164,99829,164,100067,200,99825,100,100124,100,99805,100,100135,100,99758,100,100166,100,99537,100,100189,100,99442,100,100261,100,99434,100
2019-06-28 09:43:50.000000000,100042,354,99960,354,100044,100,99917,100,100053,100,99912,100,100060,100,99829,100,100067,200,99825,100,100124,100,99805,100,100135,100,99758,100,100166,100,99537,100,100189,100,99442,100,100261,100,99434,100
2019-06-28 09:43:54.610506098,100042,354,100006,100,100044,100,99960,354,100053,100,99917,100,100060,100,99912,100,100067,200,99829,100,100124,100,99825,100,100135,100,99805,100,100166,100,99758,100,100189,100,99537,100,100261,100,99442,100
2019-06-28 09:44:00.000000000,100042,164,100006,164,100044,164,99960,164,100053,164,99917,164,100060,164,99912,164,100067,200,99829,100,100124,100,99825,100,100135,100,99805,100,100166,100,99758,100,100189,100,99537,100,100261,100,99442,100
2019-06-28 09:44:10.000000000,100042,151,100006,151,100044,151,99960,151,100053,151,99917,151,100060,151,99912,151,100067,251,99829,151,100124,100,99825,100,100135,100,99805,100,100166,100,99758,100,100189,100,99537,100,100261,100,99442,100
2019-06-28 09:44:12.012489418,100042,51,100006,151,100044,151,99960,151,100053,151,99917,151,100060,151,99912,151,100067,251,99829,151,100124,100,99825,100,100135,100,99805,100,100166,100,99758,100,100189,100,99537,100,100261,100,99442,100
2019-06-28 09:44:20.000000000,100044,164,100006,164,100053,164,99960,164,100060,164,99917,164,100067,264,99912,164,100124,100,99829,100,100135,100,99825,100,100166,100,99805,100,100189,100,99758,100,100261,100,99537,100,100330,100,99442,100
2019-06-28 09:44:24.853770994,100044,164,100006,164,100053,164,99960,164,100060,164,99917,164,100067,164,99912,164,100124,100,99829,100,100135,100,99825,100,100166,100,99805,100,100189,100,99758,100,100261,100,99537,100,100330,100,99442,100
2019-06-28 09:44:26.851725707,100044,164,100006,164,100053,164,99960,164,100060,164,99917,164,100067,164,99912,164,100124,100,99829,100,100135,100,99825,100,100166,100,99805,100,100189,100,99758,100,100261,100,99537,100,100330,100,99442,100
2019-06-28 09:44:29.259072081,100044,164,100006,164,100053,164,99960,164,100060,164,99917,164,100067,164,99912,64,100124,100,99829,100,100135,100,99825,100,100166,100,99805,100,100189,100,99758,100,100261,100,99537,100,100330,100,99442,100
2019-06-28 09:44:30.000000000,100044,354,100006,354,100053,100,99960,100,100060,100,99917,100,100067,100,99829,100,100124,100,99825,100,100135,100,99805,100,100166,100,99758,100,100189,100,99537,100,100261,100,99442,100,100330,100,99434,100
2019-06-28 09:44:40.000000000,100044,354,100006,354,100053,100,99960,100,100060,100,99917,100,100067,100,99829,100,100124,100,99825,100,100135,100,99805,100,100166,100,99758,100,100189,100,99537,100,100261,100,99442,100,100330,100,99434,100
2019-06-28 09:44:45.895067222,100044,254,100006,354,100053,100,99960,100,100060,100,99917,100,100067,100,99829,100,100124,100,99825,100,100135,100,99805,100,100166,100,99758,100,100261,100,99537,100,100330,100,99442,100,100365,100,99434,100
2019-06-28 09:44:50.000000000,100053,164,100006,164,100060,164,99960,164,100067,164,99917,164,100124,164,99829,164,100135,100,99825,100,100166,100,99805,100,100261,100,99758,100,100330,100,99537,100,100365,100,99442,100,100454,100,99434,100
2019-06-28 09:45:00.000000000,100053,227,100006,227,100060,227,99960,227,100067,100,99917,100,100124,100,99829,100,100135,100,99825,100,100166,100,99805,100,100261,100,99758,100,100330,100,99537,100,100365,100,99442,100,100454,100,99434,100
2019-06-28 09:45:10.000000000,100053,354,100006,354,100060,100,99960,100,100067,100,99917,100,100124,100,99829,100,100135,100,99825,100,100166,100,99805,100,100261,100,99758,100,100330,100,99537,100,100365,100,99442,100,100454,100,99434,100
2019-06-28 09:45:20.000000000,100053,186,100006,186,100060,184,99960,184,100067,184,99917,184,100124,100,99829,100,100135,100,99825,100,100166,100,99805,100,100261,100,99758,100,100330,100,99537,100,100365,100,99442,100,100454,100,99434,100
2019-06-28 09:45:30.000000000,100053,151,100006,151,100060,151,99960,151,100067,151,99917,151,100124,151,99829,151,100135,151,99825,151,100166,100,99805,100,100261,100,99758,100,100330,100,99537,100,100365,100,99442,100,100454,100,99434,100
2019-06-28 09:45:40.000000000,100053,227,100006,227,100060,227,99960,227,100067,100,99917,100,100124,100,99829,100,100135,100,99825,100,100166,100,99805,100,100261,100,99758,100,100330,100,99537,100,100365,100,99442,100,100454,100,99434,100
2019-06-28 09:45:43.349451536,100053,227,100006,227,100060,227,99960,227,100067,100,99917,100,100124,100,99829,100,100135,100,99825,100,100166,100,99805,100,100261,100,99758,100,100330,100,99537,100,100365,100,99442,100,100454,100,99434,100
2019-06-28 09:45:45.346058143,100053,127,100006,227,100060,227,99960,227,100067,100,99917,100,100124,100,99829,100,100135,100,99825,100,100166,100,99805,100,100261,100,99758,100,100330,100,99537,100,100365,100,99442,100,100454,100,99434,100
2019-06-28 09:45:49.655821904,100053,127,100006,227,100060,227,99960,227,100067,100,99917,100,100124,100,99829,100,100135,100,99825,100,100166,100,99805,100,100261,100,99758,100,100330,100,99537,100,100365,100,99442,100,100454,100,99434,100
2019-06-28 09:45:50.000000000,100060,164,100006,164,100067,164,99960,164,100124,164,99917,164,100135,164,99829,164,100166,100,99825,100,100261,100,99805,100,100330,100,99758,100,100365,100,99537,100,100454,100,99442,100,100476,100,99434,100
2019-06-28 09:45:55.749215395,100060,164,100006,164,100067,164,99960,164,100124,164,99917,164,100135,164,99829,164,100166,100,99825,100,100261,100,99805,100,100330,100,99758,100,100365,100,99537,100,100454,100,99442,100,100476,100,99434,100
2019-06-28 09:46:00.000000000,100060,186,100006,186,100067,184,99960,184,100124,184,99917,184,100135,100,99829,100,100166,100,99825,100,100261,100,99805,100,100330,100,99758,100,100365,100,99537,100,100454,100,99442,100,100476,100,99434,100
2019-06-28 09:46:10.000000000,100060,354,100006,354,100067,100,99960,100,100124,100,99917,100,100135,100,99829,100,100166,100,99825,100,100261,100,99805,100,100330,100,99758,100,100365,100,99537,100,100454,100,99442,100,100476,100,99434,100
2019-06-28 09:46:19.586678553,100060,354,100044,100,100067,100,100006,354,100124,100,99960,100,100135,100,99917,100,100166,100,99829,100,100261,100,99825,100,100330,100,99805,100,100365,100,99758,100,100454,100,99537,100,100476,100,99442,100
2019-06-28 09:46:20.000000000,100060,227,100044,227,100067,227,100006,227,100124,100,99960,100,100135,100,99917,100,100166,100,99829,100,100261,100,99825,100,100330,100,99805,100,100365,100,99758,100,100454,100,99537,100,100476,100,99442,100
2019-06-28 09:46:30.000000000,100060,354,100044,354,100067,100,100006,100,100124,100,99960,100,100135,100,99917,100,100166,100,99829,100,100261,100,99825,100,100330,100,99805,100,100365,100,99758,100,100454,100,99537,100,100476,100,99442,100
2019-06-28 09:46:36.695013945,100060,254,100044,354,100067,100,100006,100,100124,100,99960,100,100135,100,99917,100,100166,100,99829,100,100261,100,99825,100,100330,100,99805,100,100365,100,99758,100,100454,100,99537,100,100476,100,99442,100
2019-06-28 09:46:38.824348424,100060,254,100053,100,100067,100,100044,354,100124,100,100006,100,100135,100,99960,100,100166,100,99917,100,100261,100,99829,100,100330,100,99825,100,100365,100,99805,100,100454,100,99758,100,100476,100,99537,100
2019-06-28 09:46:40.000000000,100067,354,100053,354,100124,100,100044,100,100135,100,100006,100,100166,100,99960,100,100261,100,99917,100,100330,100,99829,100,100365,100,99825,100,100454,100,99805,100,100476,100,99758,100,100540,100,99537,100
2019-06-28 09:46:41.615152373,100067,354,100053,354,100124,100,100044,100,100135,100,100006,100,100166,100,99960,100,100261,100,99917,100,100330,100,99829,100,100365,100,99825,100,100454,100,99805,100,100476,100,99758,100,100540,100,99537,100
2019-06-28 09:46:50.000000000,100067,227,100053,227,100124,227,100044,227,100135,100,100006,100,100166,100,99960,100,100261,100,99917,100,100330,100,99829,100,100365,100,99825,100,100454,100,99805,100,100476,100,99758,100,100540,100,99537,100
2019-06-28 09:47:00.000000000,100067,227,100053,227,100124,227,100044,227,100135,100,100006,100,100166,100,99960,100,100261,100,99917,100,100330,100,99829,100,100365,100,99825,100,100454,100,99805,100,100476,100,99758,100,100540,100,99537,100
2019-06-28 09:47:10.000000000,100067,186,100053,186,100124,184,100044,184,100135,184,100006,184,100166,100,99960,100,100261,100,99917,100,100330,100,99829,100,100365,100,99825,100,100454,100,99805,100,100476,100,99758,100,100540,100,99537,100
2019-06-28 09:47:20.000000000,100067,354,100053,354,100124,100,100044,100,100135,100,100006,100,100166,100,99960,100,100261,100,99917,100,100330,100,99829,100,100365,100,99825,100,100454,100,99805,100,100476,100,99758,100,100540,100,99537,100
2019-06-28 09:47:28.242580583,100067,354,100053,454,100124,100,100044,100,100135,100,100006,100,100166,100,99960,100,100261,100,99917,100,100330,100,99829,100,100365,100,99825,100,100454,100,99805,100,100476,100,99758,100,100540,100,99537,100
2019-06-28 09:47:30.000000000,100067,227,100053,327,100124,227,100044,227,100135,100,100006,100,100166,100,99960,100,100261,100,99917,100,100330,100,99829,100,100365,100,99825,100,100454,100,99805,100,100476,100,99758,100,100540,100,99537,100
2019-06-28 09:47:40.000000000,100067,227,100053,327,100124,227,100044,227,100135,100,100006,100,100166,100,99960,100,100261,100,99917,100,100330,100,99829,100,100365,100,99825,100,100454,100,99805,100,100476,100,99758,100,100540,100,99537,100
2019-06-28 09:47:40.157917049,100067,127,100053,327,100124,227,100044,227,100135,100,100006,100,100166,100,99960,100,100261,100,99917,100,100330,100,99829,100,100365,100,99825,100,100454,100,99805,100,100476,100,99758,100,100540,100,99537,100
2019-06-28 09:47:50.000000000,100124,354,100053,454,100135,100,100044,100,100166,100,100006,100,100261,100,99960,100,100330,100,99917,100,100365,100,99829,100,100454,100,99825,100,100476,100,99805,100,100540,100,99758,100,101853,100,99537,100
2019-06-28 09:47:52.820753825,100124,354,100060,100,100135,100,100053,454,100166,100,100044,100,100261,100,100006,100,100330,100,99960,100,100365,100,99917,100,100454,100,99829,100,100476,100,99825,100,100540,100,99805,100,101853,100,99758,100
2019-06-28 09:48:00.000000000,100124,186,100060,186,100135,184,100053,284,100166,184,100044,184,100261,100,100006,100,100330,100,99960,100,100365,100,99917,100,100454,100,99829,100,100476,100,99825,100,100540,100,99805,100,101853,100,99758,100
2019-06-28 09:48:10.000000000,100124,354,100060,354,100135,100,100053,200,100166,100,100044,100,100261,100,100006,100,100330,100,99960,100,100365,100,99917,100,100454,100,99829,100,100476,100,99825,100,100540,100,99805,100,101853,100,99758,100
2019-06-28 09:48:12.255968890,100124,254,100060,354,100135,100,100053,200,100166,100,100044,100,100261,100,100006,100,100330,100,99960,100,100365,100,99917,100,100454,100,99829,100,100476,100,99825,100,100540,100,99805,100,101853,100,99758,100
2019-06-28 09:48:15.557552709,100124,154,100060,354,100135,100,100053,200,100166,100,100044,100,100261,100,100006,100,100330,100,99960,100,100365,100,99917,100,100454,100,99829,100,100476,100,99825,100,100540,100,99805,100,101853,100,99758,100
2019-06-28 09:48:20.000000000,100135,227,100060,227,100166,227,100053,327,100261,100,100044,100,100330,100,100006,100,100365,100,99960,100,100454,100,99917,100,100476,100,99829,100,100540,100,99825,100,101853,100,99805,100,101977,100,99758,100
2019-06-28 09:48:30.000000000,100135,151,100060,151,100166,151,100053,251,100261,151,100044,151,100330,151,100006,151,100365,151,99960,151,100454,100,99917,100,100476,100,99829,100,100540,100,99825,100,101853,100,99805,100,101977,100,99758,100
2019-06-28 09:48:40.000000000,100135,186,100060,186,100166,184,100053,284,100261,184,100044,184,100330,100,100006,100,100365,100,99960,100,100454,100,99917,100,100476,100,99829,100,100540,100,99825,100,101853,100,99805,100,101977,100,99758,100
2019-06-28 09:48:47.346828903,100135,186,100060,186,100166,184,100053,284,100261,184,100044,184,100330,100,100006,100,100365,100,99960,100,100454,100,99917,100,100476,100,99829,100,100517,100,99825,100,100540,100,99805,100,101853,100,99758,100
2019-06-28 09:48:50.000000000,100135,227,100060,227,100166,227,100053,327,100261,100,100044,100,100330,100,100006,100,100365,100,99960,100,100454,100,99917,100,100476,100,99829,100,100517,100,99825,100,100540,100,99805,100,101853,100,99758,100
2019-06-28 09:49:00.000000000,100135,227,100060,227,100166,227,100053,327,100261,100,100044,100,100330,100,100006,100,100365,100,99960,100,100454,100,99917,100,100476,100,99829,100,100517,100,99825,100,100540,100,99805,100,101853,100,99758,100
2019-06-28 09:49:10.000000000,100135,186,100060,186,100166,184,100053,284,100261,184,100044,184,100330,100,100006,100,100365,100,99960,100,100454,100,99917,100,100476,100,99829,100,100517,100,99825,100,100540,100,99805,100,101853,100,99758,100
2019-06-28 09:49:20.000000000,100135,164,100060,164,100166,164,100053,264,100261,164,100044,164,100330,164,100006,164,100365,100,99960,100,100454,100,99917,100,100476,100,99829,100,100517,100,99825,100,100540,100,99805,100,101853,100,99758,100
2019-06-28 09:49:30.000000000,100135,354,100060,354,100166,100,100053,200,100261,100,100044,100,100330,100,100006,100,100365,100,99960,100,100454,100,99917,100,100476,100,99829,100,100517,100,99825,100,100540,100,99805,100,101853,100,99758,100
2019-06-28 09:49:40.000000000,100135,151,100060,151,100166,151,100053,251,100261,151,100044,151,100330,151,100006,151,100365,151,99960,151,100454,100,99917,100,100476,100,99829,100,100517,100,99825,100,100540,100,99805,100,101853,100,99758,100
2019-06-28 09:49:49.925987477,100135,51,100060,151,100166,151,100053,251,100261,51,100044,151,100330,151,100006,151,100365,151,99960,151,100454,100,99917,100,100476,100,99829,100,100517,100,99825,100,100540,100,99805,100,101853,100,99758,100
2019-06-28 09:49:50.000000000,100166,227,100060,227,100330,227,100053,327,100365,100,100044,100,100454,100,100006,100,100476,100,99960,100,100517,100,99917,100,100540,100,99829,100,101853,100,99825,100,101977,100,99805,100,102110,100,99758,100
2019-06-28 09:49:58.914620518,100166,227,100124,100,100330,227,100060,227,100365,100,100053,327,100454,100,100044,100,100476,100,100006,100,100517,100,99960,100,100540,100,99917,100,101853,100,99829,100,101977,100,99825,100,102110,100,99805,100
2019-06-28 09:50:00.000000000,100166,186,100124,186,100330,184,100060,184,100365,184,100053,284,100454,100,100044,100,100476,100,100006,100,100517,100,99960,100,100540,100,99917,100,101853,100,99829,100,101977,100,99825,100,102110,100,99805,100
2019-06-28 09:50:08.390880107,100166,186,100124,286,100330,184,100060,84,100365,184,100053,284,100454,100,100044,100,100476,100,100006,100,100517,100,99960,100,100540,100,99917,100,101853,100,99829,100,101977,100,99825,100,102110,100,99805,100
2019-06-28 09:50:10.000000000,100166,164,100124,264,100330,164,100053,264,100365,164,100044,164,100454,164,100006,164,100476,100,99960,100,100517,100,99917,100,100540,100,99829,100,101853,100,99825,100,101977,100,99805,100,102110,100,99758,100
2019-06-28 09:50:11.321225932,100166,164,100124,264,100330,164,100053,264,100365,164,100044,164,100446,100,100006,164,100454,164,99960,100,100476,100,99917,100,100517,100,99829,100,100540,100,99825,100,101977,100,99805,100,102110,100,99758,100
2019-06-28 09:50:20.000000000,100166,354,100124,454,100330,100,100053,200,100365,100,100044,100,100446,100,100006,100,100454,100,99960,100,100476,100,99917,100,100517,100,99829,100,100540,100,99825,100,101977,100,99805,100,102110,100,99758,100
2019-06-28 09:50:20.882609381,100166,154,100124,454,100330,100,100053,200,100365,100,100044,100,100446,100,100006,100,100454,100,99960,100,100476,100,99917,100,100517,100,99829,100,100540,100,99825,100,101977,100,99805,100,102110,100,99758,100
2019-06-28 09:50:30.000000000,100330,227,100124,327,100365,227,100053,327,100446,100,100044,100,100454,100,100006,100,100476,100,99960,100,100517,100,99917,100,100540,100,99829,100,101977,100,99825,100,102110,100,99805,100,102131,100,99758,100
2019-06-28 09:50:39.294620519,100330,227,100124,327,100365,227,100053,327,100446,100,100044,100,100454,100,100006,100,100460,100,99960,100,100476,100,99917,100,100517,100,99829,100,100540,100,99825,100,102110,100,99805,100,102131,100,99758,100
2019-06-28 09:50:40.000000000,100330,164,100124,264,100365,164,100053,264,100446,164,100044,164,100454,164,100006,164,100460,100,99960,100,100476,100,99917,100,100517,100,99829,100,100540,100,99825,100,102110,100,99805,100,102131,100,99758,100
2019-06-28 09:50:40.027985073,100298,100,100124,264,100330,164,100053,264,100365,164,100044,164,100446,164,100006,164,100454,164,99960,100,100460,100,99917,100,100476,100,99829,100,100517,100,99825,100,100540,100,99805,100,102110,100,99758,100
2019-06-28 09:50:48.196070013,100298,100,100124,264,100330,164,100053,264,100365,164,100044,64,100446,164,100006,164,100454,164,99960,100,100460,100,99917,100,100476,100,99829,100,100517,100,99825,100,100540,100,99805,100,102110,100,99758,100
2019-06-28 09:50:48.565867518,100330,164,100124,264,100337,100,100053,264,100365,164,100044,64,100446,164,100006,164,100454,164,99960,100,100460,100,99917,100,100476,100,99829,100,100517,100,99825,100,100540,100,99805,100,102110,100,99758,100
2019-06-28 09:50:50.000000000,100330,227,100124,327,100337,227,100053,327,100365,100,100006,100,100446,100,99960,100,100454,100,99917,100,100460,100,99829,100,100476,100,99825,100,100517,100,99805,100,100540,100,99758,100,102110,100,99537,100
2019-06-28 09:50:55.938947574,100330,227,100124,327,100337,227,100072,100,100365,100,100053,327,100446,100,100006,100,100454,100,99960,100,100460,100,99917,100,100476,100,99829,100,100517,100,99825,100,100540,100,99758,100,102110,100,99537,100
2019-06-28 09:50:56.542489342,100330,227,100135,100,100337,227,100124,327,100365,100,100072,100,100446,100,100053,327,100454,100,100006,100,100460,100,99917,100,100476,100,99829,100,100517,100,99825,100,100540,100,99758,100,102110,100,99537,100
2019-06-28 09:51:00.000000000,100330,227,100135,227,100337,227,100124,327,100365,100,100072,100,100446,100,100053,200,100454,100,100006,100,100460,100,99917,100,100476,100,99829,100,100517,100,99825,100,100540,100,99758,100,102110,100,99537,100
2019-06-28 09:51:10.000000000,100330,227,100135,227,100337,227,100124,327,100365,100,100072,100,100446,100,100053,200,100454,100,100006,100,100460,100,99917,100,100476,100,99829,100,100517,100,99825,100,100540,100,99758,100,102110,100,99537,100
2019-06-28 09:51:20.000000000,100330,354,100135,354,100337,100,100124,200,100365,100,100072,100,100446,100,100053,200,100454,100,100006,100,100460,100,99917,100,100476,100,99829,100,100517,100,99825,100,100540,100,99758,100,102110,100,99537,100
2019-06-28 09:51:30.000000000,100330,227,100135,227,100337,227,100124,327,100365,100,100072,100,100446,100,100053,200,100454,100,100006,100,100460,100,99917,100,100476,100,99829,100,100517,100,99825,100,100540,100,99758,100,102110,100,99537,100
2019-06-28 09:51:31.024368567,100178,100,100135,227,100330,227,100124,327,100337,227,100072,100,100365,100,100053,200,100446,100,100006,100,100454,100,99917,100,100460,100,99829,100,100476,100,99825,100,100517,100,99758,100,100540,100,99442,100
2019-06-28 09:51:37.805602355,100178,100,100135,127,100330,227,100124,327,100337,227,100072,100,100365,100,100053,200,100446,100,100006,100,100454,100,99917,100,100460,100,99829,100,100476,100,99825,100,100517,100,99758,100,100540,100,99442,100
2019-06-28 09:51:40.000000000,100178,227,100124,327,100330,227,100072,227,100337,100,100053,200,100365,100,100006,100,100446,100,99917,100,100454,100,99829,100,100460,100,99825,100,100476,100,99758,100,100517,100,99442,100,100540,100,99434,100
2019-06-28 09:51:50.000000000,100178,151,100124,251,100330,151,100072,151,100337,151,100053,251,100365,151,100006,151,100446,151,99917,151,100454,100,99829,100,100460,100,99825,100,100476,100,99758,100,100517,100,99442,100,100540,100,99434,100
2019-06-28 09:51:55.616161735,100178,151,100124,251,100261,100,100072,151,100330,151,100053,251,100337,151,100006,151,100365,151,99917,151,100446,151,99829,100,100454,100,99825,100,100460,100,99758,100,100476,100,99442,100,100517,100,99434,100
2019-06-28 09:52:00.000000000,100178,227,100124,327,100261,227,100072,227,100330,100,100053,200,100337,100,100006,100,100365,100,99917,100,100446,100,99829,100,100454,100,99825,100,100460,100,99758,100,100476,100,99442,100,100517,100,99434,100
2019-06-28 09:52:01.223962387,100178,227,100136,100,100261,227,100124,227,100330,100,100072,227,100337,100,100053,200,100365,100,100006,100,100446,100,99917,100,100454,100,99829,100,100460,100,99825,100,100476,100,99758,100,100517,100,99442,100
2019-06-28 09:52:08.944798925,100178,227,100136,100,100261,227,100124,227,100330,100,100072,227,100337,100,100053,200,100365,100,100006,100,100446,100,99924,100,100460,100,99917,100,100476,100,99829,100,100517,100,99825,100,100540,100,99758,100
2019-06-28 09:52:10.000000000,100178,164,100136,164,100261,164,100124,164,100330,164,100072,164,100337,164,100053,264,100365,100,100006,100,100446,100,99924,100,100460,100,99917,100,100476,100,99829,100,100517,100,99825,100,100540,100,99758,100
2019-06-28 09:52:18.067490613,100165,100,100136,164,100178,164,100124,164,100261,164,100072,164,100330,164,100053,264,100337,164,100006,100,100365,100,99924,100,100446,100,99917,100,100460,100,99829,100,100476,100,99825,100,100517,100,99758,100
2019-06-28 09:52:20.000000000,100165,186,100136,186,100178,184,100124,184,100261,184,100072,184,100330,100,100053,200,100337,100,100006,100,100365,100,99924,100,100446,100,99917,100,100460,100,99829,100,100476,100,99825,100,100517,100,99758,100
2019-06-28 09:52:24.147307426,100165,86,100136,186,100178,184,100124,184,100261,184,100072,184,100330,100,100053,200,100337,100,100006,100,100365,100,99924,100,100446,100,99917,100,100460,100,99829,100,100476,100,99825,100,100517,100,99758,100
2019-06-28 09:52:30.000000000,100178,186,100136,186,100261,184,100124,184,100330,184,100072,184,100337,100,100053,200,100365,100,100006,100,100446,100,99924,100,100460,100,99917,100,100476,100,99829,100,100517,100,99825,100,100540,100,99758,100
2019-06-28 09:52:40.000000000,100178,186,100136,186,100261,184,100124,184,100330,184,100072,184,100337,100,100053,200,100365,100,100006,100,100446,100,99924,100,100460,100,99917,100,100476,100,99829,100,100517,100,99825,100,100540,100,99758,100
2019-06-28 09:52:41.510023903,100178,186,100150,100,100261,184,100136,186,100330,184,100124,184,100337,100,100072,184,100365,100,100053,200,100446,100,100006,100,100460,100,99924,100,100476,100,99917,100,100517,100,99829,100,100540,100,99825,100
2019-06-28 09:52:49.583815081,100178,86,100150,100,100261,184,100136,186,100330,184,100124,184,100337,100,100072,184,100365,100,100053,200,100446,100,100006,100,100460,100,99924,100,100476,100,99917,100,100517,100,99829,100,100540,100,99825,100
2019-06-28 09:52:50.000000000,100261,164,100150,164,100330,164,100136,164,100337,164,100124,164,100365,164,100072,164,100446,100,100053,200,100460,100,100006,100,100476,100,99924,100,100517,100,99917,100,100540,100,99829,100,102110,100,99825,100
2019-06-28 09:53:00.000000000,100261,227,100150,227,100330,227,100136,227,100337,100,100124,100,100365,100,100072,100,100446,100,100053,200,100460,100,100006,100,100476,100,99924,100,100517,100,99917,100,100540,100,99829,100,102110,100,99825,100
2019-06-28 09:53:00.194329962,100261,127,100150,227,100330,227,100136,227,100337,100,100124,100,100365,100,100072,100,100446,100,100053,200,100460,100,100006,100,100476,100,99924,100,100517,100,99917,100,100540,100,99829,100,102110,100,99825,100
2019-06-28 09:53:10.000000000,100330,354,100150,354,100337,100,100136,100,100365,100,100124,100,100446,100,100072,100,100460,100,100053,200,100476,100,100006,100,100517,100,99924,100,100540,100,99917,100,102110,100,99829,100,,,99825,100
2019-06-28 09:53:12.161934520,100330,354,100150,254,100337,100,100136,100,100365,100,100124,100,100446,100,100072,100,100460,100,100053,200,100476,100,100006,100,100517,100,99924,100,100540,100,99917,100,102110,100,99829,100,,,99825,100
2019-06-28 09:53:20.000000000,100330,186,100136,186,100337,184,100124,184,100365,184,100072,184,100446,100,100053,200,100460,100,100006,100,100476,100,99924,100,100517,100,99917,100,100540,100,99829,100,102110,100,99825,100,,,99758,100
2019-06-28 09:53:22.705028086,100330,186,100136,86,100337,184,100124,184,100365,184,100072,184,100446,100,100053,200,100460,100,100006,100,100476,100,99924,100,100517,100,99917,100,100540,100,99829,100,102110,100,99758,100,,,99434,100
2019-06-28 09:53:30.000000000,100330,227,100124,227,100337,227,100072,227,100365,100,100053,200,100446,100,100006,100,100460,100,99924,100,100476,100,99917,100,100517,100,99829,100,100540,100,99758,100,102110,100,99434,100,,,99366,100
2019-06-28 09:53:40.000000000,100330,151,100124,151,100337,151,100072,151,100365,151,100053,251,100446,151,100006,151,100460,151,99924,151,100476,100,99917,100,100517,100,99829,100,100540,100,99758,100,102110,100,99434,100,,,99366,100
2019-06-28 09:53:50.000000000,100330,354,100124,354,100337,100,100072,100,100365,100,100053,200,100446,100,100006,100,100460,100,99924,100,100476,100,99917,100,100517,100,99829,100,100540,100,99758,100,102110,100,99434,100,,,99366,100
2019-06-28 09:54:00.000000000,100330,151,100124,151,100337,151,100072,151,100365,151,100053,251,100446,151,100006,151,100460,151,99924,151,100476,100,99917,100,100517,100,99829,100,100540,100,99758,100,102110,100,99434,100,,,99366,100
2019-06-28 09:54:10.000000000,100330,227,100124,227,100337,227,100072,227,100365,100,100053,200,100446,100,100006,100,100460,100,99924,100,100476,100,99917,100,100517,100,99829,100,100540,100,99758,100,102110,100,99434,100,,,99366,100
2019-06-28 09:54:10.273164898,100240,100,100124,227,100330,227,100072,227,100337,227,100053,200,100365,100,100006,100,100446,100,99924,100,100460,100,99917,100,100476,100,99758,100,100517,100,99434,100,100540,100,99366,100,102110,100,99070,100
2019-06-28 09:54:20.000000000,100240,164,100124,164,100330,164,100072,164,100337,164,100053,264,100365,164,100006,164,100446,100,99924,100,100460,100,99917,100,100476,100,99758,100,100517,100,99434,100,100540,100,99366,100,102110,100,99070,100
2019-06-28 09:54:30.000000000,100240,186,100124,186,100330,184,100072,184,100337,184,100053,284,100365,100,100006,100,100446,100,99924,100,100460,100,99917,100,100476,100,99758,100,100517,100,99434,100,100540,100,99366,100,102110,100,99070,100
2019-06-28 09:54:30.860180948,100240,186,100206,100,100330,184,100124,186,100337,184,100072,184,100446,100,100053,284,100460,100,100006,100,100476,100,99924,100,100517,100,99917,100,100540,100,99758,100,102110,100,99434,100,,,99366,100
2019-06-28 09:54:33.013104016,100240,186,100124,186,100330,184,100072,184,100337,184,100053,284,100446,100,100006,100,100460,100,99924,100,100476,100,99917,100,100517,100,99758,100,100540,100,99434,100,102110,100,99366,100,,,99070,100
2019-06-28 09:54:40.000000000,100240,354,100124,354,100330,100,100072,100,100337,100,100053,200,100446,100,100006,100,100460,100,99924,100,100476,100,99917,100,100517,100,99758,100,100540,100,99434,100,102110,100,99366,100,,,99070,100
2019-06-28 09:54:44.597733605,100144,100,100124,354,100240,354,100072,100,100330,100,100053,200,100337,100,100006,100,100446,100,99924,100,100460,100,99917,100,100476,100,99758,100,100517,100,99434,100,100540,100,99366,100,102110,100,99070,100
2019-06-28 09:54:50.000000000,100144,354,100124,354,100240,100,100072,100,100330,100,100053,200,100337,100,100006,100,100446,100,99924,100,100460,100,99917,100,100476,100,99758,100,100517,100,99434,100,100540,100,99366,100,102110,100,99070,100
2019-06-28 09:55:00.000000000,100144,227,100124,227,100240,227,100072,227,100330,100,100053,200,100337,100,100006,100,100446,100,99924,100,100460,100,99917,100,100476,100,99758,100,100517,100,99434,100,100540,100,99366,100,102110,100,99070,100
2019-06-28 09:55:10.000000000,100144,186,100124,186,100240,184,100072,184,100330,184,100053,284,100337,100,100006,100,100446,100,99924,100,100460,100,99917,100,100476,100,99758,100,100517,100,99434,100,100540,100,99366,100,102110,100,99070,100
2019-06-28 09:55:20.000000000,100144,354,100124,354,100240,100,100072,100,100330,100,100053,200,100337,100,100006,100,100446,100,99924,100,100460,100,99917,100,100476,100,99758,100,100517,100,99434,100,100540,100,99366,100,102110,100,99070,100
2019-06-28 09:55:28.415599877,100144,354,100124,354,100240,100,100072,100,100330,100,100053,200,100337,100,100006,100,100384,100,99924,100,100446,100,99917,100,100460,100,99758,100,100476,100,99434,100,100517,100,99366,100,100540,100,99070,100
2019-06-28 09:55:30.000000000,100144,227,100124,227,100240,227,100072,227,100330,100,100053,200,100337,100,100006,100,100384,100,99924,100,100446,100,99917,100,100460,100,99758,100,100476,100,99434,100,100517,100,99366,100,100540,100,99070,100
2019-06-28 09:55:30.405841232,100144,227,100124,227,100240,227,100072,227,100330,100,100053,200,100337,100,100006,100,100384,100,99957,100,100446,100,99924,100,100460,100,99917,100,100476,100,99758,100,100517,100,99434,100,100540,100,99366,100
2019-06-28 09:55:40.000000000,100144,354,100124,354,100240,100,100072,100,100330,100,100053,200,100337,100,100006,100,100384,100,99957,100,100446,100,99924,100,100460,100,99917,100,100476,100,99758,100,100517,100,99434,100,100540,100,99366,100
2019-06-28 09:55:45.025382655,100144,354,100124,354,100240,100,100072,100,100268,100,100053,200,100330,100,100006,100,100337,100,99957,100,100384,100,99924,100,100446,100,99917,100,100460,100,99758,100,100476,100,99434,100,100517,100,99366,100
2019-06-28 09:55:50.000000000,100144,186,100124,186,100240,184,100072,184,100268,184,100053,284,100330,100,100006,100,100337,100,99957,100,100384,100,99924,100,100446,100,99917,100,100460,100,99758,100,100476,100,99434,100,100517,100,99366,100
2019-06-28 09:56:00.000000000,100144,227,100124,227,100240,227,100072,227,100268,100,100053,200,100330,100,100006,100,100337,100,99957,100,100384,100,99924,100,100446,100,99917,100,100460,100,99758,100,100476,100,99434,100,100517,100,99366,100
2019-06-28 09:56:10.000000000,100144,227,100124,227,100240,227,100072,227,100268,100,100053,200,100330,100,100006,100,100337,100,99957,100,100384,100,99924,100,100446,100,99917,100,100460,100,99758,100,100476,100,99434,100,100517,100,99366,100
2019-06-28 09:56:14.908561382,100144,227,100124,227,100240,227,100072,227,100268,100,100053,200,100330,100,100006,100,100337,100,99957,100,100384,100,99924,100,100446,100,99917,100,100460,100,99758,100,100476,100,99434,100,100517,100,99366,100
2019-06-28 09:56:20.000000000,100144,354,100124,354,100240,100,100072,100,100268,100,100053,200,100330,100,100006,100,100337,100,99957,100,100384,100,99924,100,100446,100,99917,100,100460,100,99758,100,100476,100,99434,100,100517,100,99366,100
2019-06-28 09:56:30.000000000,100144,151,100124,151,100240,151,100072,151,100268,151,100053,251,100330,151,100006,151,100337,151,99957,151,100384,100,99924,100,100446,100,99917,100,100460,100,99758,100,100476,100,99434,100,100517,100,99366,100
2019-06-28 09:56:40.000000000,100144,151,100124,151,100240,151,100072,151,100268,151,100053,251,100330,151,100006,151,100337,151,99957,151,100384,100,99924,100,100446,100,99917,100,100460,100,99758,100,100476,100,99434,100,100517,100,99366,100
2019-06-28 09:56:41.551299338,100144,151,100124,151,100240,151,100072,51,100268,151,100053,251,100330,151,100006,151,100337,151,100003,100,100384,100,99957,151,100446,100,99924,100,100460,100,99917,100,100476,100,99758,100,100517,100,99434,100
2019-06-28 09:56:50.000000000,100144,164,100124,164,100240,164,100053,264,100268,164,100006,164,100330,164,100003,164,100337,100,99957,100,100384,100,99924,100,100446,100,99917,100,100460,100,99758,100,100476,100,99434,100,100517,100,99366,100
2019-06-28 09:57:00.000000000,100144,227,100124,227,100240,227,100053,327,100268,100,100006,100,100330,100,100003,100,100337,100,99957,100,100384,100,99924,100,100446,100,99917,100,100460,100,99758,100,100476,100,99434,100,100517,100,99366,100
2019-06-28 09:57:10.000000000,100144,186,100124,186,100240,184,100053,284,100268,184,100006,184,100330,100,100003,100,100337,100,99957,100,100384,100,99924,100,100446,100,99917,100,100460,100,99758,100,100476,100,99434,100,100517,100,99366,100
2019-06-28 09:57:20.000000000,100144,186,100124,186,100240,184,100053,284,100268,184,100006,184,100330,100,100003,100,100337,100,99957,100,100384,100,99924,100,100446,100,99917,100,100460,100,99758,100,100476,100,99434,100,100517,100,99366,100
2019-06-28 09:57:21.363656188,100144,186,100124,186,100240,184,100053,284,100268,184,100006,84,100330,100,100003,100,100337,100,99957,100,100384,100,99924,100,100446,100,99917,100,100460,100,99758,100,100476,100,99434,100,100517,100,99366,100
2019-06-28 09:57:29.205510564,100144,86,100124,186,100240,184,100053,284,100268,184,100006,84,100330,100,100003,100,100337,100,99957,100,100384,100,99924,100,100446,100,99917,100,100460,100,99758,100,100476,100,99434,100,100517,100,99366,100
2019-06-28 09:57:30.000000000,100240,354,100124,354,100268,100,100053,200,100330,100,100003,100,100337,100,99957,100,100384,100,99924,100,100446,100,99917,100,100460,100,99758,100,100476,100,99434,100,100517,100,99366,100,100538,100,99070,100
2019-06-28 09:57:32.918529558,100240,354,100144,100,100268,100,100124,354,100330,100,100053,200,100337,100,100003,100,100384,100,99957,100,100446,100,99924,100,100460,100,99917,100,100476,100,99758,100,100517,100,99434,100,100538,100,99366,100
2019-06-28 09:57:40.000000000,100240,164,100144,164,100268,164,100124,164,100330,164,100053,264,100337,164,100003,164,100384,100,99957,100,100446,100,99924,100,100460,100,99917,100,100476,100,99758,100,100517,100,99434,100,100538,100,99366,100
2019-06-28 09:57:50.000000000,100240,186,100144,186,100268,184,100124,184,100330,184,100053,284,100337,100,100003,100,100384,100,99957,100,100446,100,99924,100,100460,100,99917,100,100476,100,99758,100,100517,100,99434,100,100538,100,99366,100
2019-06-28 09:57:51.336116562,100240,86,100144,186,100268,184,100124,184,100330,184,100053,284,100337,100,100003,100,100384,100,99957,100,100446,100,99924,100,100460,100,99917,100,100476,100,99758,100,100517,100,99434,100,100538,100,99366,100
2019-06-28 09:58:00.000000000,100268,354,100144,354,100330,100,100124,100,100337,100,100053,200,100384,100,100003,100,100446,100,99957,100,100460,100,99924,100,100476,100,99917,100,100517,100,99758,100,100538,100,99434,100,,,99366,100
2019-06-28 09:58:01.699281667,100268,354,100182,100,100330,100,100144,354,100337,100,100124,100,100384,100,100053,200,100446,100,100003,100,100460,100,99957,100,100476,100,99924,100,100517,100,99917,100,100538,100,99758,100,,,99434,100
2019-06-28 09:58:10.000000000,100268,151,100182,151,100330,151,100144,151,100337,151,100124,151,100384,151,100053,251,100446,151,100003,151,100460,100,99957,100,100476,100,99924,100,100517,100,99917,100,100538,100,99758,100,,,99434,100
2019-06-28 09:58:20.000000000,100268,164,100182,164,100330,164,100144,164,100337,164,100124,164,100384,164,100053,264,100446,100,100003,100,100460,100,99957,100,100476,100,99924,100,100517,100,99917,100,100538,100,99758,100,,,99434,100
2019-06-28 09:58:30.000000000,100268,164,100182,164,100330,164,100144,164,100337,164,100124,164,100384,164,100053,264,100446,100,100003,100,100460,100,99957,100,100476,100,99924,100,100517,100,99917,100,100538,100,99758,100,,,99434,100
2019-06-28 09:58:35.620252395,100268,164,100182,164,100330,164,100144,164,100337,164,100124,164,100384,164,100053,264,100446,100,100003,100,100460,100,99957,100,100476,100,99924,100,100538,100,99917,100,,,99863,100,,,99758,100
2019-06-28 09:58:40.000000000,100268,227,100182,227,100330,227,100144,227,100337,100,100124,100,100384,100,100053,200,100446,100,100003,100,100460,100,99957,100,100476,100,99924,100,100538,100,99917,100,,,99863,100,,,99758,100
2019-06-28 09:58:50.000000000,100268,186,100182,186,100330,184,100144,184,100337,184,100124,184,100384,100,100053,200,100446,100,100003,100,100460,100,99957,100,100476,100,99924,100,100538,100,99917,100,,,99863,100,,,99758,100
2019-06-28 09:58:54.126415483,100268,186,100182,86,100330,184,100144,184,100337,184,100124,184,100384,100,100053,200,100446,100,100003,100,100460,100,99957,100,100476,100,99924,100,100538,100,99917,100,,,99863,100,,,99758,100
2019-06-28 09:58:59.057408395,100268,186,100182,86,100330,184,100145,100,100337,184,100144,184,100384,100,100124,184,100446,100,100053,200,100460,100,100003,100,100476,100,99957,100,100538,100,99924,100,,,99917,100,,,99863,100
2019-06-28 09:59:00.000000000,100268,186,100145,186,100330,184,100144,184,100337,184,100124,184,100384,100,100053,200,100446,100,100003,100,100460,100,99957,100,100476,100,99924,100,100538,100,99917,100,,,99863,100,,,99758,100
2019-06-28 09:59:03.284548843,100268,186,100145,186,100330,184,100144,184,100337,184,100124,184,100384,100,100053,200,100446,100,100003,100,100460,100,99957,100,100476,100,99924,100,100538,100,99863,100,,,99758,100,,,99434,100
2019-06-28 09:59:10.000000000,100268,164,100145,164,100330,164,100144,164,100337,164,100124,164,100384,164,100053,264,100446,100,100003,100,100460,100,99957,100,100476,100,99924,100,100538,100,99863,100,,,99758,100,,,99434,100
2019-06-28 09:59:12.759395293,100268,164,100145,164,100330,164,100144,164,100337,64,100124,164,100384,164,100053,264,100446,100,100003,100,100460,100,99957,100,100476,100,99936,100,100538,100,99924,100,,,99863,100,,,99758,100
2019-06-28 09:59:20.000000000,100268,227,100145,227,100330,227,100144,227,100384,100,100124,100,100446,100,100053,200,100460,100,100003,100,100476,100,99957,100,100538,100,99936,100,,,99924,100,,,99863,100,,,99758,100
2019-06-28 09:59:30.000000000,100268,164,100145,164,100330,164,100144,164,100384,164,100124,164,100446,164,100053,264,100460,100,100003,100,100476,100,99957,100,100538,100,99936,100,,,99924,100,,,99863,100,,,99758,100
2019-06-28 09:59:40.000000000,100268,186,100145,186,100330,184,100144,184,100384,184,100124,184,100446,100,100053,200,100460,100,100003,100,100476,100,99957,100,100538,100,99936,100,,,99924,100,,,99863,100,,,99758,100
2019-06-28 09:59:43.083523063,100268,186,100145,86,100330,184,100144,184,100384,184,100124,184,100446,100,100053,200,100460,100,100003,100,100476,100,99957,100,100538,100,99936,100,,,99924,100,,,99863,100,,,99758,100
2019-06-28 09:59:44.309389339,100268,186,100145,86,100330,184,100144,184,100384,184,100124,184,100446,100,100053,200,100460,100,100003,100,100476,100,99957,100,100538,100,99936,100,,,99924,100,,,99863,100,,,99758,100
2019-06-28 09:59:50.000000000,100268,186,100144,186,100330,184,100124,184,100384,184,100053,284,100446,100,100003,100,100460,100,99957,100,100476,100,99936,100,100538,100,99924,100,,,99863,100,,,99758,100,,,99747,100
2019-06-28 09:59:54.047001195,100268,186,100144,186,100330,184,100124,184,100384,184,100053,284,100446,100,100003,100,100460,100,99957,100,100476,100,99936,100,100538,100,99924,100,,,99863,100,,,99758,100,,,99718,100
2019-06-28 10:00:00.000000000,100268,186,100144,186,100330,184,100124,184,100384,184,100053,284,100446,100,100003,100,100460,100,99957,100,100476,100,99936,100,100538,100,99924,100,,,99863,100,,,99758,100,,,99718,100
2019-06-28 10:00:10.000000000,100268,227,100144,227,100330,227,100124,227,100384,100,100053,200,100446,100,100003,100,100460,100,99957,100,100476,100,99936,100,100538,100,99924,100,,,99863,100,,,99758,100,,,99718,100
2019-06-28 10:00:20.000000000,100268,151,100144,151,100330,151,100124,151,100384,151,100053,251,100446,151,100003,151,100460,151,99957,151,100476,100,99936,100,100538,100,99924,100,,,99863,100,,,99758,100,,,99718,100
2019-06-28 10:00:30.000000000,100268,151,100144,151,100330,151,100124,151,100384,151,100053,251,100446,151,100003,151,100460,151,99957,151,100476,100,99936,100,100538,100,99924,100,,,99863,100,,,99758,100,,,99718,100
2019-06-28 10:00:40.000000000,100268,164,100144,164,100330,164,100124,164,100384,164,100053,264,100446,164,100003,164,100460,100,99957,100,100476,100,99936,100,100538,100,99924,100,,,99863,100,,,99758,100,,,99718,100
2019-06-28 10:00:50.000000000,100268,164,100144,164,100330,164,100124,164,100384,164,100053,264,100446,164,100003,164,100460,100,99957,100,100476,100,99936,100,100538,100,99924,100,,,99863,100,,,99758,100,,,99718,100
2019-06-28 10:01:00.000000000,100268,354,100144,354,100330,100,100124,100,100384,100,100053,200,100446,100,100003,100,100460,100,99957,100,100476,100,99936,100,100538,100,99924,100,,,99863,100,,,99758,100,,,99718,100
2019-06-28 10:01:10.000000000,100268,227,100144,227,100330,227,100124,227,100384,100,100053,200,100446,100,100003,100,100460,100,99957,100,100476,100,99936,100,100538,100,99924,100,,,99863,100,,,99758,100,,,99718,100
2019-06-28 10:01:20.000000000,100268,354,100144,354,100330,100,100124,100,100384,100,100053,200,100446,100,100003,100,100460,100,99957,100,100476,100,99936,100,100538,100,99924,100,,,99863,100,,,99758,100,,,99718,100
2019-06-28 10:01:30.000000000,100268,186,100144,186,100330,184,100124,184,100384,184,100053,284,100446,100,100003,100,100460,100,99957,100,100476,100,99936,100,100538,100,99924,100,,,99863,100,,,99758,100,,,99718,100
2019-06-28 10:01:40.000000000,100268,186,100144,186,100330,184,100124,184,100384,184,100053,284,100446,100,100003,100,100460,100,99957,100,100476,100,99936,100,100538,100,99924,100,,,99863,100,,,99758,100,,,99718,100
2019-06-28 10:01:50.000000000,100268,227,100144,227,100330,227,100124,227,100384,100,100053,200,100446,100,100003,100,100460,100,99957,100,100476,100,99936,100,100538,100,99924,100,,,99863,100,,,99758,100,,,99718,100
2019-06-28 10:01:51.835172642,100268,127,100144,227,100330,227,100124,227,100446,100,100053,200,100460,100,100003,100,100476,100,99957,100,100538,100,99936,100,,,99924,100,,,99863,100,,,99758,100,,,99718,100
2019-06-28 10:02:00.000000000,100330,164,100144,164,100446,164,100124,164,100460,164,100053,264,100476,164,100003,164,100538,100,99957,100,,,99936,100,,,99924,100,,,99863,100,,,99758,100,,,99718,100
2019-06-28 10:02:00.285111639,100330,164,100144,164,100446,164,100124,164,100460,164,100053,264,100476,164,100003,164,100538,100,99957,100,100898,100,99936,100,,,99924,100,,,99863,100,,,99758,100,,,99718,100
2019-06-28 10:02:04.655527884,100330,164,100144,164,100446,164,100124,164,100460,164,100053,264,100476,164,100003,164,100538,100,99957,100,100614,100,99936,100,100898,100,99924,100,,,99863,100,,,99758,100,,,99718,100
2019-06-28 10:02:07.189944360,100330,64,100144,164,100446,164,100124,164,100460,164,100053,264,100476,164,100003,164,100538,100,99957,100,100614,100,99936,100,100898,100,99924,100,,,99758,100,,,99718,100,,,99434,100
2019-06-28 10:02:09.147568050,100330,64,100144,164,100379,100,100124,164,100446,164,100053,264,100460,164,100003,164,100476,164,99957,100,100538,100,99936,100,100614,100,99924,100,100898,100,99758,100,,,99718,100,,,99434,100
2019-06-28 10:02:10.000000000,100379,164,100144,164,100446,164,100124,164,100460,164,100053,264,100476,164,100003,164,100538,100,99957,100,100614,100,99936,100,100898,100,99924,100,,,99758,100,,,99718,100,,,99434,100
2019-06-28 10:02:11.395107981,100379,164,100144,164,100446,164,100124,164,100460,164,100053,264,100476,164,100003,164,100538,100,99957,100,100614,100,99936,100,100679,100,99924,100,100898,100,99758,100,,,99718,100,,,99434,100
2019-06-28 10:02:20.000000000,100379,227,100144,227,100446,227,100124,227,100460,100,100053,200,100476,100,100003,100,100538,100,99957,100,100614,100,99936,100,100679,100,99924,100,100898,100,99758,100,,,99718,100,,,99434,100
2019-06-28 10:02:20.531639300,100379,127,100144,227,100446,227,100124,227,100460,100,100053,200,100476,100,100003,100,100538,100,99957,100,100614,100,99936,100,100679,100,99924,100,100898,100,99758,100,,,99718,100,,,99434,100
2019-06-28 10:02:30.000000000,100446,354,100144,354,100460,100,100124,100,100476,100,100053,200,100538,100,100003,100,100614,100,99957,100,100679,100,99936,100,100898,100,99924,100,,,99758,100,,,99718,100,,,99434,100
2019-06-28 10:02:40.000000000,100446,151,100144,151,100460,151,100124,151,100476,151,100053,251,100538,151,100003,151,100614,151,99957,151,100679,100,99936,100,100898,100,99924,100,,,99758,100,,,99718,100,,,99434,100
2019-06-28 10:02:43.794930563,100446,151,100330,100,100460,151,100144,151,100476,151,100124,151,100538,151,100053,251,100614,151,100003,151,100679,100,99957,151,100898,100,99936,100,,,99924,100,,,99758,100,,,99718,100
2019-06-28 10:02:50.000000000,100446,227,100330,227,100460,227,100144,227,100476,100,100124,100,100538,100,100053,200,100614,100,100003,100,100679,100,99957,100,100898,100,99936,100,,,99924,100,,,99758,100,,,99718,100
2019-06-28 10:03:00.000000000,100446,227,100330,227,100460,227,100144,227,100476,100,100124,100,100538,100,100053,200,100614,100,100003,100,100679,100,99957,100,100898,100,99936,100,,,99924,100,,,99758,100,,,99718,100
2019-06-28 10:03:10.000000000,100446,354,100330,354,100460,100,100144,100,100476,100,100124,100,100538,100,100053,200,100614,100,100003,100,100679,100,99957,100,100898,100,99936,100,,,99924,100,,,99758,100,,,99718,100
2019-06-28 10:03:13.929057024,100446,354,100330,354,100460,100,100144,100,100476,100,100124,100,100538,100,100053,200,100614,100,100003,100,100679,100,99957,100,100898,100,99936,100,101071,100,99924,100,,,99758,100,,,99718,100
2019-06-28 10:03:20.000000000,100446,151,100330,151,100460,151,100144,151,100476,151,100124,151,100538,151,100053,251,100614,151,100003,151,100679,100,99957,100,100898,100,99936,100,101071,100,99924,100,,,99758,100,,,99718,100
2019-06-28 10:03:24.876325793,100446,51,100330,151,100460,151,100144,151,100476,151,100124,151,100538,151,100053,251,100614,151,100003,151,100679,100,99957,100,100898,100,99936,100,101071,100,99924,100,,,99758,100,,,99718,100
2019-06-28 10:03:30.000000000,100460,354,100330,354,100476,100,100144,100,100538,100,100124,100,100614,100,100053,200,100679,100,100003,100,100898,100,99957,100,101071,100,99936,100,,,99924,100,,,99758,100,,,99718,100
2019-06-28 10:03:40.000000000,100460,354,100330,354,100476,100,100144,100,100538,100,100124,100,100614,100,100053,200,100679,100,100003,100,100898,100,99957,100,101071,100,99936,100,,,99924,100,,,99758,100,,,99718,100
2019-06-28 10:03:49.270407791,100460,254,100330,354,100476,100,100144,100,100538,100,100124,100,100614,100,100053,200,100679,100,100003,100,100898,100,99957,100,101071,100,99936,100,,,99924,100,,,99758,100,,,99718,100
2019-06-28 10:03:50.000000000,100476,164,100330,164,100538,164,100144,164,100614,164,100124,164,100679,164,100053,264,100898,100,100003,100,101071,100,99957,100,,,99936,100,,,99924,100,,,99758,100,,,99718,100
2019-06-28 10:04:00.000000000,100476,151,100330,151,100538,151,100144,151,100614,151,100124,151,100679,151,100053,251,100898,151,100003,151,101071,100,99957,100,,,99936,100,,,99924,100,,,99758,100,,,99718,100
2019-06-28 10:04:10.000000000,100476,186,100330,186,100538,184,100144,184,100614,184,100124,184,100679,100,100053,200,100898,100,100003,100,101071,100,99957,100,,,99936,100,,,99924,100,,,99758,100,,,99718,100
2019-06-28 10:04:10.112328044,100343,100,100330,186,100476,186,100144,184,100538,184,100124,184,100614,184,100053,200,100679,100,100003,100,100898,100,99936,100,101071,100,99924,100,,,99758,100,,,99718,100,,,99434,100
2019-06-28 10:04:20.000000000,100343,354,100330,354,100476,100,100144,100,100538,100,100124,100,100614,100,100053,200,100679,100,100003,100,100898,100,99936,100,101071,100,99924,100,,,99758,100,,,99718,100,,,99434,100
2019-06-28 10:04:25.520982271,100343,354,100330,354,100476,100,100249,100,100538,100,100144,100,100614,100,100124,100,100679,100,100053,200,100898,100,100003,100,101071,100,99936,100,,,99924,100,,,99758,100,,,99718,100
2019-06-28 10:04:28.447240408,100343,354,100330,354,100476,100,100249,100,100538,100,100245,100,100614,100,100144,100,100898,100,100124,100,101071,100,100053,200,,,100003,100,,,99936,100,,,99924,100,,,99758,100
2019-06-28 10:04:30.000000000,100343,354,100330,354,100476,100,100249,100,100538,100,100245,100,100614,100,100144,100,100898,100,100124,100,101071,100,100053,200,,,100003,100,,,99936,100,,,99924,100,,,99758,100
2019-06-28 10:04:33.734179961,100343,354,100330,354,100445,100,100249,100,100476,100,100245,100,100538,100,100144,100,100614,100,100124,100,100898,100,100053,200,101071,100,100003,100,,,99936,100,,,99924,100,,,99758,100
2019-06-28 10:04:40.000000000,100343,354,100330,354,100445,100,100249,100,100476,100,100245,100,100538,100,100144,100,100614,100,100124,100,100898,100,100053,200,101071,100,100003,100,,,99936,100,,,99924,100,,,99758,100
2019-06-28 10:04:50.000000000,100343,151,100330,151,100445,151,100249,151,100476,151,100245,151,100538,151,100144,151,100614,151,100124,151,100898,100,100053,200,101071,100,100003,100,,,99936,100,,,99924,100,,,99758,100
2019-06-28 10:04:56.118698459,100343,151,100330,51,100445,151,100249,151,100476,151,100245,151,100538,151,100144,151,100614,151,100124,151,100898,100,100053,200,101071,100,100003,100,,,99936,100,,,99924,100,,,99758,100
2019-06-28 10:05:00.000000000,100343,151,100249,151,100445,151,100245,151,100476,151,100144,151,100538,151,100124,151,100614,151,100053,251,100898,100,100003,100,101071,100,99936,100,,,99924,100,,,99758,100,,,99718,100
2019-06-28 10:05:08.536434549,100343,51,100249,51,100445,151,100245,151,100476,151,100144,151,100538,151,100124,151,100614,151,100053,251,100898,100,100003,100,101071,100,99936,100,,,99924,100,,,99758,100,,,99718,100
2019-06-28 10:05:10.000000000,100445,227,100245,227,100476,227,100144,227,100538,100,100124,100,100614,100,100053,200,100898,100,100003,100,101071,100,99936,100,,,99924,100,,,99758,100,,,99718,100,,,99434,100
2019-06-28 10:05:20.000000000,100445,151,100245,151,100476,151,100144,151,100538,151,100124,151,100614,151,100053,251,100898,151,100003,151,101071,100,99936,100,,,99924,100,,,99758,100,,,99718,100,,,99434,100
2019-06-28 10:05:20.765474688,100445,151,100245,151,100476,151,100144,151,100538,151,100124,151,100567,100,100053,251,100614,151,100003,151,100898,151,99936,100,101071,100,99924,100,,,99718,100,,,99434,100,,,99366,100
2019-06-28 10:05:26.088257814,100330,100,100245,151,100445,151,100144,151,100476,151,100124,151,100538,151,100053,151,100567,100,100003,151,100614,151,99936,100,100898,151,99924,100,101071,100,99718,100,,,99434,100,,,99366,100
2019-06-28 10:05:30.000000000,100330,227,100245,227,100445,227,100144,227,100476,100,100124,100,100538,100,100053,100,100567,100,100003,100,100614,100,99936,100,100898,100,99924,100,101071,100,99718,100,,,99434,100,,,99366,100
2019-06-28 10:05:30.639319008,100330,227,100245,227,100445,227,100144,227,100476,100,100053,100,100538,100,100003,100,100567,100,99936,100,100614,100,99924,100,100898,100,99718,100,101071,100,99434,100,,,99366,100,,,99070,100
2019-06-28 10:05:35.756165610,100330,227,100245,227,100445,227,100160,100,100476,100,100144,227,100538,100,100053,100,100567,100,100003,100,100614,100,99936,100,100898,100,99924,100,101071,100,99718,100,,,99434,100,,,99366,100
2019-06-28 10:05:37.334755578,100330,327,100245,227,100445,227,100160,100,100476,100,100144,227,100538,100,100053,100,100567,100,100003,100,100614,100,99936,100,100898,100,99924,100,101071,100,99718,100,,,99434,100,,,99366,100
2019-06-28 10:05:40.000000000,100330,264,100245,164,100445,164,100160,164,100476,164,100144,164,100538,164,100053,164,100567,100,100003,100,100614,100,99936,100,100898,100,99924,100,101071,100,99718,100,,,99434,100,,,99366,100
2019-06-28 10:05:50.000000000,100330,327,100245,227,100445,227,100160,227,100476,100,100144,100,100538,100,100053,100,100567,100,100003,100,100614,100,99936,100,100898,100,99924,100,101071,100,99718,100,,,99434,100,,,99366,100
2019-06-28 10:06:00.000000000,100330,251,100245,151,100445,151,100160,151,100476,151,100144,151,100538,151,100053,151,100567,151,100003,151,100614,100,99936,100,100898,100,99924,100,101071,100,99718,100,,,99434,100,,,99366,100
2019-06-28 10:06:01.489192900,100330,251,100250,100,100445,151,100245,151,100476,151,100160,151,100538,151,100144,151,100567,151,100053,151,100614,100,100003,151,100898,100,99936,100,101071,100,99924,100,,,99718,100,,,99434,100
2019-06-28 10:06:10.000000000,100330,286,100250,186,100445,184,100245,184,100476,184,100160,184,100538,100,100144,100,100567,100,100053,100,100614,100,100003,100,100898,100,99936,100,101071,100,99924,100,,,99718,100,,,99434,100
2019-06-28 10:06:12.715287001,100330,286,100250,186,100445,184,100245,184,100476,184,100160,184,100538,100,100148,100,100567,100,100144,100,100614,100,100053,100,100898,100,100003,100,101071,100,99936,100,,,99924,100,,,99718,100
