,ask_price_1,ask_size_1,bid_price_1,bid_size_1,ask_price_2,ask_size_2,bid_price_2,bid_size_2,ask_price_3,ask_size_3,bid_price_3,bid_size_3,ask_price_4,ask_size_4,bid_price_4,bid_size_4,ask_price_5,ask_size_5,bid_price_5,bid_size_5,ask_price_6,ask_size_6,bid_price_6,bid_size_6,ask_price_7,ask_size_7,bid_price_7,bid_size_7,ask_price_8,ask_size_8,bid_price_8,bid_size_8,ask_price_9,ask_size_9,bid_price_9,bid_size_9,ask_price_10,ask_size_10,bid_price_10,bid_size_10
2019-06-28 09:30:00.000000000,,,100040,100,,,100039,100,,,,,,,,,,,,,,,,,,,,,,,,,,,,,,,,
2019-06-28 09:30:00.000000002,,,100040,100,,,100039,100,,,99993,100,,,,,,,,,,,,,,,,,,,,,,,,,,,,
2019-06-28 09:30:00.000000006,,,100040,100,,,100039,100,,,99993,100,,,99816,100,,,,,,,,,,,,,,,,,,,,,,,,
2019-06-28 09:30:00.000000010,100058,100,100040,100,,,100039,100,,,99993,100,,,99897,100,,,99816,100,,,,,,,,,,,,,,,,,,,,
2019-06-28 09:30:00.000000013,100058,100,100045,100,,,100040,100,,,100039,100,,,99993,100,,,99897,100,,,99816,100,,,,,,,,,,,,,,,,
2019-06-28 09:30:00.000000014,100058,100,100045,100,,,100040,100,,,100039,100,,,99993,100,,,99897,100,,,99875,100,,,99816,100,,,,,,,,,,,,
2019-06-28 09:30:00.000000015,100058,100,100040,100,100150,100,100039,100,,,99993,100,,,99928,100,,,99897,100,,,99875,100,,,99816,100,,,,,,,,,,,,
2019-06-28 09:30:00.000000016,100058,100,100040,100,100150,100,100039,100,,,99993,100,,,99975,100,,,99928,100,,,99897,100,,,99875,100,,,99816,100,,,,,,,,
2019-06-28 09:30:00.000000017,100058,100,100040,100,100150,100,100039,100,,,100021,100,,,99993,100,,,99975,100,,,99928,100,,,99897,100,,,99875,100,,,99816,100,,,,
2019-06-28 09:30:00.000000018,100058,100,100040,100,100060,100,100039,100,100150,100,100021,100,,,99993,100,,,99975,100,,,99928,100,,,99897,100,,,99875,100,,,99816,100,,,,
2019-06-28 09:30:00.000000019,100052,100,100041,100,100058,100,100039,100,100060,100,100021,100,100150,100,99993,100,100165,100,99975,100,,,99928,100,,,99897,100,,,99875,100,,,99816,100,,,,
2019-06-28 09:30:00.000000020,100052,100,100041,100,100058,100,100039,200,100060,100,100021,100,100150,100,99993,100,100165,100,99975,100,,,99928,100,,,99897,100,,,99875,100,,,99816,100,,,,
2019-06-28 09:30:00.000000022,100052,100,100039,200,100058,100,100021,100,100060,100,99993,100,100150,100,99975,100,100165,100,99928,100,,,99897,100,,,99875,100,,,99871,100,,,99816,100,,,,
2019-06-28 09:30:00.000000023,100052,100,100039,200,100058,100,100021,100,100060,100,99993,100,100069,100,99975,100,100150,100,99928,100,100165,100,99897,100,,,99875,100,,,99871,100,,,99816,100,,,,
2019-06-28 09:30:00.000000025,100052,100,100039,200,100058,100,100021,100,100060,100,99993,100,100069,100,99975,100,100150,100,99942,100,100165,100,99928,100,,,99897,100,,,99875,100,,,99871,100,,,99816,100
2019-06-28 09:30:00.000000033,100041,100,100039,200,100052,100,100021,100,100058,100,99993,100,100060,100,99975,100,100069,100,99942,100,100150,100,99928,100,100165,100,99897,100,,,99875,100,,,99871,100,,,99816,100
2019-06-28 09:30:00.000000035,100041,100,100039,200,100052,100,100021,100,100058,100,99993,100,100060,200,99975,100,100069,100,99942,100,100150,100,99928,100,100165,100,99897,100,,,99875,100,,,99871,100,,,99816,100
2019-06-28 09:30:00.000000038,100041,100,100039,200,100052,100,100023,100,100058,100,100021,100,100060,200,99993,100,100069,100,99975,100,100150,100,99942,100,100165,100,99928,100,,,99897,100,,,99875,100,,,99871,100
2019-06-28 09:30:00.000000039,100041,100,100039,200,100052,100,100023,100,100058,100,100021,100,100060,200,99993,100,100069,100,99975,100,100150,100,99966,100,100165,100,99942,100,,,99928,100,,,99897,100,,,99875,100
2019-06-28 09:30:00.000000040,100041,100,100039,200,100052,100,100023,100,100058,100,100021,100,100060,200,99993,100,100069,100,99975,100,100141,100,99966,100,100150,100,99942,100,100165,100,99928,100,,,99897,100,,,99875,100
2019-06-28 09:30:00.000000046,100041,100,100039,100,100052,100,100023,100,100058,100,100021,100,100060,200,99993,100,100069,100,99975,100,100141,100,99966,100,100150,100,99942,100,100165,100,99928,100,,,99897,100,,,99875,100
2019-06-28 09:30:00.000000047,100041,100,100023,100,100052,100,100021,100,100058,100,99993,100,100060,200,99975,100,100069,100,99966,100,100141,100,99942,100,100150,100,99928,100,100165,100,99897,100,,,99875,100,,,99871,100
2019-06-28 09:30:00.000000050,100052,100,100023,100,100058,100,100021,100,100060,200,99993,100,100069,100,99975,100,100141,100,99966,100,100150,100,99942,100,100165,100,99928,100,,,99897,100,,,99875,100,,,99871,100
2019-06-28 09:30:00.000000055,100041,100,100023,100,100052,100,100021,100,100058,100,99993,100,100060,200,99975,100,100069,100,99966,100,100141,100,99942,100,100150,100,99928,100,100165,100,99897,100,,,99875,100,,,99871,100
2019-06-28 09:30:00.000000056,100041,100,100039,100,100052,100,100023,100,100058,100,100021,100,100060,200,99993,100,100069,100,99975,100,100141,100,99966,100,100150,100,99942,100,100165,100,99928,100,,,99897,100,,,99875,100
2019-06-28 09:30:00.000000058,100041,200,100039,100,100052,100,100023,100,100058,100,100021,100,100060,200,99993,100,100069,100,99975,100,100141,100,99966,100,100150,100,99942,100,100165,100,99928,100,,,99897,100,,,99875,100
2019-06-28 09:30:00.000000061,100041,200,100039,100,100052,100,100023,100,100058,100,100021,100,100060,200,99993,100,100069,100,99975,100,100141,100,99966,100,100150,100,99942,100,100165,100,99935,100,,,99928,100,,,99897,100
2019-06-28 09:30:00.000000064,100041,200,100039,100,100052,100,100023,100,100058,100,100021,100,100060,200,99993,100,100069,100,99975,100,100141,100,99966,100,100150,100,99942,100,100165,100,99935,100,,,99928,100,,,99902,100
2019-06-28 09:30:00.000000065,100041,200,100039,100,100043,100,100023,100,100052,100,100021,100,100058,100,99993,100,100060,200,99975,100,100069,100,99966,100,100141,100,99942,100,100150,100,99935,100,100165,100,99928,100,,,99902,100
2019-06-28 09:30:00.000000066,100041,200,100023,100,100043,100,100021,100,100052,100,99993,100,100058,100,99975,100,100060,200,99966,100,100069,100,99942,100,100141,100,99935,100,100150,100,99928,100,100165,100,99902,100,,,99897,200
2019-06-28 09:30:00.000000067,100040,100,100023,100,100041,200,100021,100,100043,100,99993,100,100052,100,99979,100,100058,100,99975,100,100060,200,99966,100,100069,100,99942,100,100076,100,99935,100,100141,100,99928,100,100150,100,99902,100
2019-06-28 09:30:00.000000070,100040,100,100023,100,100041,200,100021,100,100043,100,99993,100,100046,100,99979,100,100052,100,99975,100,100058,100,99966,100,100060,200,99942,100,100069,100,99935,100,100076,100,99928,100,100141,100,99902,100
2019-06-28 09:30:00.000000073,100040,100,100023,100,100041,200,100021,100,100043,100,99993,100,100046,100,99979,100,100052,100,99975,100,100058,100,99966,100,100060,200,99942,100,100061,100,99935,100,100069,100,99928,100,100076,100,99902,100
2019-06-28 09:30:00.000000075,100040,100,100023,100,100041,200,100021,100,100043,100,99993,100,100046,100,99979,100,100052,100,99975,100,100058,100,99968,100,100060,200,99966,100,100061,100,99942,100,100069,100,99935,100,100076,100,99928,100
2019-06-28 09:30:00.000000076,100041,200,100023,100,100043,100,100021,100,100046,100,99993,100,100052,100,99979,100,100058,100,99975,100,100060,200,99968,100,100061,100,99966,100,100069,100,99942,100,100076,100,99935,100,100141,100,99928,100
2019-06-28 09:30:00.000000077,100041,200,100021,100,100043,100,100009,100,100046,100,99993,100,100052,100,99979,100,100058,100,99975,100,100060,200,99968,100,100061,100,99966,100,100069,100,99942,100,100076,100,99935,100,100141,100,99928,100
2019-06-28 09:30:00.000000078,100041,200,100021,100,100043,100,100009,100,100046,100,99993,100,100052,100,99979,100,100058,100,99975,100,100060,200,99968,100,100061,100,99966,100,100069,100,99948,100,100076,100,99942,100,100141,100,99935,100
2019-06-28 09:30:00.000000081,100041,100,100021,100,100043,100,100009,100,100046,100,99993,100,100052,100,99979,100,100058,100,99975,100,100060,200,99968,100,100061,100,99966,100,100069,100,99948,100,100076,100,99942,100,100137,100,99935,100
2019-06-28 09:30:00.000000082,100041,100,100021,100,100043,100,100018,100,100046,100,100009,100,100052,100,100008,100,100058,100,99993,100,100060,200,99979,100,100061,100,99975,100,100069,100,99968,100,100076,100,99966,100,100137,100,99948,100
2019-06-28 09:30:00.000000084,100041,100,100021,100,100043,100,100018,100,100046,100,100009,100,100052,100,100008,100,100058,100,99993,100,100060,200,99979,100,100061,100,99975,100,100069,100,99968,100,100076,100,99966,100,100137,100,99948,100
2019-06-28 09:30:00.000000088,100041,100,100018,100,100043,100,100009,100,100046,100,100008,100,100052,100,99993,100,100058,100,99979,100,100060,200,99975,100,100061,100,99968,100,100069,100,99966,100,100076,100,99948,100,100137,100,99942,100
2019-06-28 09:30:00.000000089,100041,100,100018,100,100043,100,100009,100,100046,100,100008,100,100052,100,99993,100,100058,100,99979,100,100060,200,99975,100,100061,100,99968,100,100069,100,99966,100,100076,100,99948,100,100137,100,99942,100
2019-06-28 09:30:00.000000090,100041,100,100018,100,100043,100,100009,100,100046,100,100008,100,100052,100,99993,100,100058,100,99979,100,100060,200,99975,100,100061,100,99968,100,100069,100,99966,100,100076,100,99948,100,100137,100,99942,100
2019-06-28 09:30:00.000000093,100041,100,100009,100,100043,100,100008,100,100046,100,99993,100,100052,100,99979,100,100058,100,99975,100,100060,200,99968,100,100061,100,99966,100,100069,100,99948,100,100076,100,99942,100,100137,100,99935,100
2019-06-28 09:30:00.000000094,100041,100,100009,100,100043,100,100008,100,100046,100,99993,100,100052,100,99979,100,100058,100,99975,100,100060,200,99968,100,100061,100,99966,100,100069,100,99948,100,100076,100,99942,100,100137,100,99935,100
2019-06-28 09:30:00.000000097,100041,100,100008,100,100043,100,99993,100,100046,100,99979,100,100052,100,99975,100,100058,100,99968,100,100060,200,99966,100,100061,100,99948,100,100069,100,99942,100,100076,100,99935,100,100137,100,99928,100
2019-06-28 09:30:00.000000098,100041,100,100030,100,100043,100,100008,100,100046,100,99993,100,100052,100,99979,100,100058,100,99975,100,100060,200,99968,100,100061,100,99966,100,100069,100,99948,100,100076,100,99942,100,100137,100,99935,100
2019-06-28 09:30:10.000000000,100041,420,100030,420,100043,100,100008,100,100046,100,99993,100,100052,100,99979,100,100058,100,99975,100,100060,200,99968,100,100061,100,99966,100,100069,100,99948,100,100076,100,99942,100,100137,100,99935,100
2019-06-28 09:30:13.773143135,100041,420,100030,420,100043,100,100008,100,100046,100,99993,100,100052,100,99979,100,100058,100,99975,100,100060,200,99968,100,100061,100,99966,100,100069,100,99948,100,100076,100,99942,100,100141,100,99935,100
2019-06-28 09:30:17.429085606,100041,420,100030,420,100043,100,100008,100,100046,100,99993,100,100052,100,99979,100,100058,100,99975,100,100060,200,99968,100,100061,100,99966,100,100069,100,99948,100,100076,100,99942,100,100141,100,99935,100
2019-06-28 09:30:20.000000000,100041,180,100030,180,100043,180,100008,180,100046,180,99993,180,100052,180,99979,180,100058,100,99975,100,100060,200,99968,100,100061,100,99966,100,100069,100,99948,100,100076,100,99942,100,100141,100,99935,100
2019-06-28 09:30:30.000000000,100041,260,100030,260,100043,260,100008,260,100046,100,99993,100,100052,100,99979,100,100058,100,99975,100,100060,200,99968,100,100061,100,99966,100,100069,100,99948,100,100076,100,99942,100,100141,100,99935,100
2019-06-28 09:30:36.621546528,100041,260,100030,160,100043,260,100008,260,100046,100,99993,100,100052,100,99979,100,100058,100,99975,100,100060,200,99968,100,100061,100,99966,100,100069,100,99948,100,100076,100,99942,100,100141,100,99935,100
2019-06-28 09:30:40.000000000,100041,420,100008,420,100043,100,99993,100,100046,100,99979,100,100052,100,99975,100,100058,100,99968,100,100060,200,99966,100,100061,100,99948,100,100069,100,99942,100,100076,100,99935,100,100141,100,99928,100
2019-06-28 09:30:48.126365248,100041,420,100008,420,100043,100,99993,100,100046,100,99979,100,100052,100,99975,100,100060,200,99968,100,100061,100,99966,100,100069,100,99948,100,100076,100,99942,100,100141,100,99935,100,100150,100,99928,100
2019-06-28 09:30:50.000000000,100041,260,100008,260,100043,260,99993,260,100046,100,99979,100,100052,100,99975,100,100060,200,99968,100,100061,100,99966,100,100069,100,99948,100,100076,100,99942,100,100141,100,99935,100,100150,100,99928,100
2019-06-28 09:30:53.147015636,100041,260,100008,160,100043,260,99993,260,100046,100,99979,100,100060,200,99975,100,100061,100,99968,100,100069,100,99966,100,100076,100,99948,100,100141,100,99942,100,100150,100,99935,100,100238,100,99928,100
2019-06-28 09:31:00.000000000,100041,164,99993,164,100043,164,99979,164,100046,164,99975,164,100060,264,99968,164,100061,164,99966,164,100069,100,99948,100,100076,100,99942,100,100141,100,99935,100,100150,100,99928,100,100238,100,99916,100
2019-06-28 09:31:07.317384792,100022,100,99993,164,100041,164,99979,164,100043,164,99975,164,100046,164,99968,164,100060,264,99966,164,100061,164,99948,100,100069,100,99942,100,100076,100,99935,100,100141,100,99928,100,100150,100,99916,100
2019-06-28 09:31:10.000000000,100022,164,99993,164,100041,164,99979,164,100043,164,99975,164,100046,164,99968,164,100060,264,99966,164,100061,100,99948,100,100069,100,99942,100,100076,100,99935,100,100141,100,99928,100,100150,100,99916,100
2019-06-28 09:31:13.072749488,100022,164,99993,164,100041,164,99979,164,100043,164,99975,164,100046,164,99968,164,100060,264,99966,164,100061,100,99948,100,100069,100,99942,100,100076,100,99935,100,100141,100,99928,100,100150,100,99916,100
2019-06-28 09:31:17.217129888,100022,164,99993,64,100041,164,99979,64,100043,164,99975,164,100046,164,99968,164,100060,264,99966,164,100061,100,99948,100,100069,100,99942,100,100076,100,99935,100,100141,100,99928,100,100150,100,99916,100
2019-06-28 09:31:20.000000000,100022,180,99975,180,100041,180,99968,180,100043,180,99966,180,100046,180,99948,180,100060,200,99942,100,100061,100,99935,100,100069,100,99928,100,100076,100,99916,100,100141,100,99902,100,100150,100,99898,100
2019-06-28 09:31:23.637128206,100022,180,100009,100,100041,180,99975,180,100043,180,99968,180,100046,180,99966,180,100060,200,99948,180,100061,100,99942,100,100069,100,99935,100,100076,100,99928,100,100141,100,99916,100,100150,100,99902,100
2019-06-28 09:31:30.000000000,100022,260,100009,260,100041,260,99975,260,100043,100,99968,100,100046,100,99966,100,100060,200,99948,100,100061,100,99942,100,100069,100,99935,100,100076,100,99928,100,100141,100,99916,100,100150,100,99902,100
2019-06-28 09:31:37.456608761,100022,260,100009,260,100041,260,99975,260,100043,100,99968,100,100046,100,99966,100,100060,200,99948,100,100061,100,99942,100,100069,100,99935,100,100076,100,99928,100,100141,100,99916,100,100150,100,99902,100
2019-06-28 09:31:40.000000000,100022,180,100009,180,100041,180,99975,180,100043,180,99968,180,100046,180,99966,180,100060,200,99948,100,100061,100,99942,100,100069,100,99935,100,100076,100,99928,100,100141,100,99916,100,100150,100,99902,100
2019-06-28 09:31:42.458578880,100022,180,100009,80,100041,180,99975,180,100043,180,99968,180,100046,180,99966,180,100060,200,99948,100,100061,100,99942,100,100069,100,99935,100,100076,100,99928,100,100141,100,99916,100,100150,100,99902,100
2019-06-28 09:31:44.286356068,100009,20,99975,180,100022,180,99968,180,100041,180,99966,180,100043,180,99948,100,100046,180,99942,100,100060,200,99935,100,100061,100,99928,100,100069,100,99916,100,100076,100,99902,100,100141,100,99898,100
2019-06-28 09:31:50.000000000,100009,180,99975,260,100022,260,99968,260,100041,100,99966,100,100043,100,99948,100,100046,100,99942,100,100060,200,99935,100,100061,100,99928,100,100069,100,99916,100,100076,100,99902,100,100141,100,99898,100
2019-06-28 09:31:51.434414762,100009,180,99975,260,100022,260,99968,260,100041,100,99966,100,100043,100,99948,100,100046,100,99942,100,100060,200,99935,100,100061,100,99928,100,100069,100,99916,100,100076,100,99902,100,100141,100,99898,100
2019-06-28 09:32:00.000000000,100009,84,99975,164,100022,164,99968,164,100041,164,99966,164,100043,164,99948,164,100046,164,99942,164,100060,200,99935,100,100061,100,99928,100,100069,100,99916,100,100076,100,99902,100,100141,100,99898,100
2019-06-28 09:32:03.459127060,99994,100,99975,164,100009,84,99968,164,100022,164,99966,164,100041,164,99948,164,100043,164,99942,164,100046,164,99935,100,100060,200,99928,100,100061,100,99916,100,100069,100,99902,100,100076,100,99898,100
2019-06-28 09:32:10.000000000,99994,260,99975,260,100009,180,99968,260,100022,100,99966,100,100041,100,99948,100,100043,100,99942,100,100046,100,99935,100,100060,200,99928,100,100061,100,99916,100,100069,100,99902,100,100076,100,99898,100
2019-06-28 09:32:14.871230899,99994,260,99975,260,100009,180,99968,260,100022,100,99966,100,100033,100,99948,100,100041,100,99942,100,100043,100,99935,100,100046,100,99928,100,100060,200,99916,100,100061,100,99902,100,100069,100,99898,100
2019-06-28 09:32:20.000000000,99994,180,99975,180,100009,100,99968,180,100022,180,99966,180,100033,180,99948,180,100041,100,99942,100,100043,100,99935,100,100046,100,99928,100,100060,200,99916,100,100061,100,99902,100,100069,100,99898,100
2019-06-28 09:32:25.136006639,99994,80,99975,180,100009,100,99968,180,100022,180,99966,180,100033,180,99948,180,100041,100,99942,100,100043,100,99935,100,100046,100,99928,100,100060,200,99916,100,100069,100,99902,100,100076,100,99898,100
2019-06-28 09:32:29.017492394,100009,100,99994,20,100022,180,99975,180,100033,180,99968,180,100041,100,99966,180,100043,100,99948,180,100046,100,99935,100,100060,200,99928,100,100069,100,99916,100,100076,100,99902,100,100141,100,99898,100
2019-06-28 09:32:30.000000000,100009,340,99994,340,100022,100,99975,100,100033,100,99968,100,100041,100,99966,100,100043,100,99948,100,100046,100,99935,100,100060,200,99928,100,100069,100,99916,100,100076,100,99902,100,100141,100,99898,100
2019-06-28 09:32:40.000000000,100009,129,99994,129,100022,206,99975,206,100033,206,99968,206,100041,100,99966,100,100043,100,99948,100,100046,100,99935,100,100060,200,99928,100,100069,100,99916,100,100076,100,99902,100,100141,100,99898,100
2019-06-28 09:32:41.426034136,100009,129,99994,9,100022,206,99975,206,100033,206,99968,206,100041,100,99966,100,100043,100,99948,100,100046,100,99935,100,100060,200,99928,100,100069,100,99916,100,100076,100,99902,100,100141,100,99898,100
2019-06-28 09:32:50.000000000,100009,84,99975,164,100022,164,99968,164,100033,164,99966,164,100041,164,99948,164,100043,164,99935,164,100046,100,99928,100,100060,200,99916,100,100069,100,99902,100,100076,100,99898,100,100141,100,99897,200
2019-06-28 09:33:00.000000000,100009,129,99975,209,100022,206,99968,206,100033,206,99966,206,100041,100,99948,100,100043,100,99935,100,100046,100,99928,100,100060,200,99916,100,100069,100,99902,100,100076,100,99898,100,100141,100,99897,200
2019-06-28 09:33:05.686396516,100009,129,99975,209,100022,206,99968,206,100033,206,99966,206,100041,100,99948,100,100043,100,99935,100,100046,100,99928,100,100060,200,99916,100,100069,100,99902,100,100076,100,99898,100,100141,100,99897,200
2019-06-28 09:33:10.000000000,100009,340,99975,420,100022,100,99968,100,100033,100,99966,100,100041,100,99948,100,100043,100,99935,100,100046,100,99928,100,100060,200,99916,100,100069,100,99902,100,100076,100,99898,100,100141,100,99897,200
2019-06-28 09:33:19.870010461,100009,340,99975,420,100022,100,99968,100,100033,100,99966,100,100041,100,99959,100,100043,100,99948,100,100046,100,99935,100,100060,200,99928,100,100069,100,99916,100,100076,100,99902,100,100141,100,99898,100
2019-06-28 09:33:20.000000000,100009,100,99975,180,100022,180,99968,180,100033,180,99966,180,100041,180,99959,180,100043,100,99948,100,100046,100,99935,100,100060,200,99928,100,100069,100,99916,100,100076,100,99902,100,100141,100,99898,100
2019-06-28 09:33:23.491393263,100022,180,99975,180,100033,180,99968,180,100041,180,99966,180,100043,100,99959,180,100046,100,99948,100,100060,200,99935,100,100069,100,99928,100,100076,100,99916,100,100141,100,99902,100,100150,100,99898,100
2019-06-28 09:33:30.000000000,100022,180,99975,180,100033,180,99968,180,100041,180,99966,180,100043,180,99959,180,100046,100,99948,100,100060,200,99935,100,100069,100,99928,100,100076,100,99916,100,100141,100,99902,100,100150,100,99898,100
2019-06-28 09:33:32.323701826,100022,180,99975,180,100033,180,99968,180,100041,180,99966,180,100043,180,99959,180,100046,100,99948,100,100060,200,99935,100,100069,100,99928,100,100076,100,99916,100,100141,100,99902,100,100150,100,99898,100
2019-06-28 09:33:34.607853474,100022,180,99975,180,100033,180,99968,180,100041,180,99966,180,100043,180,99959,180,100046,100,99948,100,100060,200,99935,100,100069,100,99928,100,100076,100,99916,100,100141,100,99902,100,100150,100,99898,100
2019-06-28 09:33:40.000000000,100022,164,99975,164,100033,164,99968,164,100041,164,99966,164,100043,164,99959,164,100046,164,99948,164,100060,200,99935,100,100069,100,99928,100,100076,100,99916,100,100141,100,99902,100,100150,100,99898,100
2019-06-28 09:33:47.834293463,100022,164,99975,164,100033,164,99968,164,100041,164,99966,164,100043,164,99959,164,100046,164,99948,164,100060,200,99935,100,100069,100,99928,100,100114,100,99916,100,100141,100,99902,100,100150,100,99898,100
2019-06-28 09:33:50.000000000,100022,180,99975,180,100033,180,99968,180,100041,180,99966,180,100043,180,99959,180,100046,100,99948,100,100060,200,99935,100,100069,100,99928,100,100114,100,99916,100,100141,100,99902,100,100150,100,99898,100
2019-06-28 09:34:00.000000000,100022,420,99975,420,100033,100,99968,100,100041,100,99966,100,100043,100,99959,100,100046,100,99948,100,100060,200,99935,100,100069,100,99928,100,100114,100,99916,100,100141,100,99902,100,100150,100,99898,100
2019-06-28 09:34:10.000000000,100022,420,99975,420,100033,100,99968,100,100041,100,99966,100,100043,100,99959,100,100046,100,99948,100,100060,200,99935,100,100069,100,99928,100,100114,100,99916,100,100141,100,99902,100,100150,100,99898,100
2019-06-28 09:34:20.000000000,100022,260,99975,260,100033,260,99968,260,100041,100,99966,100,100043,100,99959,100,100046,100,99948,100,100060,200,99935,100,100069,100,99928,100,100114,100,99916,100,100141,100,99902,100,100150,100,99898,100
2019-06-28 09:34:27.017959146,100022,260,99975,260,100033,260,99968,260,100041,100,99966,100,100043,100,99959,100,100046,100,99948,100,100060,200,99942,100,100069,100,99935,100,100114,100,99928,100,100141,100,99916,100,100150,100,99902,100
2019-06-28 09:34:30.000000000,100022,209,99975,209,100033,206,99968,206,100041,206,99966,206,100043,100,99959,100,100046,100,99948,100,100060,200,99942,100,100069,100,99935,100,100114,100,99928,100,100141,100,99916,100,100150,100,99902,100
2019-06-28 09:34:40.000000000,100022,164,99975,164,100033,164,99968,164,100041,164,99966,164,100043,164,99959,164,100046,164,99948,164,100060,200,99942,100,100069,100,99935,100,100114,100,99928,100,100141,100,99916,100,100150,100,99902,100
2019-06-28 09:34:40.559333874,100022,164,99975,164,100033,164,99968,164,100041,164,99966,164,100043,164,99959,164,100046,164,99948,164,100060,200,99942,100,100069,100,99935,100,100114,100,99928,100,100141,100,99916,100,100150,100,99902,100
2019-06-28 09:34:44.782517014,100022,64,99975,164,100033,164,99968,164,100041,164,99966,64,100043,164,99959,164,100046,164,99948,164,100060,200,99942,100,100069,100,99935,100,100114,100,99928,100,100141,100,99916,100,100150,100,99902,100
2019-06-28 09:34:50.000000000,100033,260,99975,260,100041,260,99968,260,100043,100,99959,100,100046,100,99948,100,100060,200,99942,100,100069,100,99935,100,100114,100,99928,100,100141,100,99916,100,100150,100,99902,100,100238,100,99898,100
2019-06-28 09:35:00.000000000,100033,209,99975,209,100041,206,99968,206,100043,206,99959,206,100046,100,99948,100,100060,200,99942,100,100069,100,99935,100,100114,100,99928,100,100141,100,99916,100,100150,100,99902,100,100238,100,99898,100
2019-06-28 09:35:03.094006267,100033,109,99975,209,100041,206,99968,206,100043,206,99959,206,100046,100,99948,100,100060,200,99942,100,100069,100,99935,100,100114,100,99928,100,100141,100,99916,100,100238,100,99902,100,100351,100,99898,100
2019-06-28 09:35:10.000000000,100041,420,99975,420,100043,100,99968,100,100046,100,99959,100,100060,200,99948,100,100069,100,99942,100,100114,100,99935,100,100141,100,99928,100,100238,100,99916,100,100351,100,99902,100,,,99898,100
2019-06-28 09:35:19.126628925,100041,420,99975,420,100043,100,99968,100,100046,100,99959,100,100060,200,99948,100,100069,100,99942,100,100114,100,99935,100,100141,100,99928,100,100351,100,99916,100,100560,100,99902,100,,,99898,100
2019-06-28 09:35:20.000000000,100041,260,99975,260,100043,260,99968,260,100046,100,99959,100,100060,200,99948,100,100069,100,99942,100,100114,100,99935,100,100141,100,99928,100,100351,100,99916,100,100560,100,99902,100,,,99898,100
2019-06-28 09:35:29.349531831,100041,260,99975,260,100043,260,99968,260,100046,100,99959,100,100060,200,99948,100,100069,100,99942,100,100114,100,99935,100,100141,100,99928,100,100351,100,99916,100,100666,100,99902,100,,,99898,100
2019-06-28 09:35:30.000000000,100041,209,99975,209,100043,206,99968,206,100046,206,99959,206,100060,200,99948,100,100069,100,99942,100,100114,100,99935,100,100141,100,99928,100,100351,100,99916,100,100666,100,99902,100,,,99898,100
2019-06-28 09:35:38.457170568,100041,209,100022,100,100043,206,99975,209,100046,206,99968,206,100060,200,99959,206,100069,100,99948,100,100114,100,99942,100,100141,100,99935,100,100351,100,99928,100,100666,100,99916,100,,,99902,100
2019-06-28 09:35:40.000000000,100041,180,100022,180,100043,180,99975,180,100046,180,99968,180,100060,280,99959,180,100069,100,99948,100,100114,100,99942,100,100141,100,99935,100,100351,100,99928,100,100666,100,99916,100,,,99902,100
2019-06-28 09:35:43.486287030,100041,180,100022,180,100043,180,99975,180,100046,180,99968,180,100060,280,99959,180,100069,100,99948,100,100114,100,99942,100,100141,100,99935,100,100351,100,99928,100,100607,100,99916,100,100666,100,99902,100
2019-06-28 09:35:50.000000000,100041,164,100022,164,100043,164,99975,164,100046,164,99968,164,100060,264,99959,164,100069,164,99948,164,100114,100,99942,100,100141,100,99935,100,100351,100,99928,100,100607,100,99916,100,100666,100,99902,100
2019-06-28 09:36:00.000000000,100041,209,100022,209,100043,206,99975,206,100046,206,99968,206,100060,200,99959,100,100069,100,99948,100,100114,100,99942,100,100141,100,99935,100,100351,100,99928,100,100607,100,99916,100,100666,100,99902,100
2019-06-28 09:36:10.000000000,100041,209,100022,209,100043,206,99975,206,100046,206,99968,206,100060,200,99959,100,100069,100,99948,100,100114,100,99942,100,100141,100,99935,100,100351,100,99928,100,100607,100,99916,100,100666,100,99902,100
2019-06-28 09:36:19.043620374,100041,209,100022,309,100043,206,99975,206,100046,206,99968,206,100060,200,99959,100,100069,100,99948,100,100114,100,99942,100,100141,100,99935,100,100351,100,99928,100,100607,100,99916,100,100666,100,99902,100
2019-06-28 09:36:20.000000000,100041,180,100022,280,100043,180,99975,180,100046,180,99968,180,100060,280,99959,180,100069,100,99948,100,100114,100,99942,100,100141,100,99935,100,100351,100,99928,100,100607,100,99916,100,100666,100,99902,100
2019-06-28 09:36:30.000000000,100041,260,100022,360,100043,260,99975,260,100046,100,99968,100,100060,200,99959,100,100069,100,99948,100,100114,100,99942,100,100141,100,99935,100,100351,100,99928,100,100607,100,99916,100,100666,100,99902,100
2019-06-28 09:36:35.747805777,100041,260,100022,360,100043,260,99975,260,100046,100,99968,100,100060,200,99959,100,100069,100,99948,100,100114,100,99942,100,100141,100,99935,100,100351,100,99928,100,100427,100,99916,100,100607,100,99902,100
2019-06-28 09:36:40.000000000,100041,420,100022,520,100043,100,99975,100,100046,100,99968,100,100060,200,99959,100,100069,100,99948,100,100114,100,99942,100,100141,100,99935,100,100351,100,99928,100,100427,100,99916,100,100607,100,99902,100
2019-06-28 09:36:50.000000000,100041,180,100022,280,100043,180,99975,180,100046,180,99968,180,100060,280,99959,180,100069,100,99948,100,100114,100,99942,100,100141,100,99935,100,100351,100,99928,100,100427,100,99916,100,100607,100,99902,100
2019-06-28 09:36:57.250969065,100041,80,100022,280,100043,180,99975,180,100046,180,99968,180,100060,280,99959,180,100069,100,99948,100,100114,100,99942,100,100141,100,99935,100,100351,100,99928,100,100427,100,99916,100,100607,100,99902,100
2019-06-28 09:37:00.000000000,100043,260,100022,360,100046,260,99975,260,100060,200,99968,100,100069,100,99959,100,100114,100,99948,100,100141,100,99942,100,100351,100,99935,100,100427,100,99928,100,100607,100,99916,100,100666,100,99902,100
2019-06-28 09:37:00.430711954,100043,260,100022,360,100046,260,99975,260,100060,200,99968,100,100069,100,99959,100,100109,100,99948,100,100114,100,99942,100,100351,100,99935,100,100427,100,99928,100,100607,100,99916,100,100666,100,99902,100
2019-06-28 09:37:10.000000000,100043,420,100022,520,100046,100,99975,100,100060,200,99968,100,100069,100,99959,100,100109,100,99948,100,100114,100,99942,100,100351,100,99935,100,100427,100,99928,100,100607,100,99916,100,100666,100,99902,100
2019-06-28 09:37:20.000000000,100043,260,100022,360,100046,260,99975,260,100060,200,99968,100,100069,100,99959,100,100109,100,99948,100,100114,100,99942,100,100351,100,99935,100,100427,100,99928,100,100607,100,99916,100,100666,100,99902,100
2019-06-28 09:37:27.563112188,100043,260,100022,360,100046,260,99975,260,100060,200,99968,100,100109,100,99959,100,100114,100,99948,100,100351,100,99942,100,100427,100,99935,100,100445,100,99928,100,100607,100,99916,100,100666,100,99902,100
2019-06-28 09:37:30.000000000,100043,164,100022,264,100046,164,99975,164,100060,264,99968,164,100109,164,99959,164,100114,164,99948,164,100351,100,99942,100,100427,100,99935,100,100445,100,99928,100,100607,100,99916,100,100666,100,99902,100
2019-06-28 09:37:30.712929580,100043,64,100022,264,100046,164,99975,164,100060,264,99968,164,100109,164,99959,164,100114,164,99948,164,100238,100,99942,100,100351,100,99935,100,100427,100,99928,100,100445,100,99916,100,100607,100,99902,100
2019-06-28 09:37:40.000000000,100046,420,100022,520,100060,200,99975,100,100109,100,99968,100,100114,100,99959,100,100238,100,99948,100,100351,100,99942,100,100427,100,99935,100,100445,100,99928,100,100607,100,99916,100,100666,100,99902,100
2019-06-28 09:37:42.337637287,100046,420,100033,100,100060,200,100022,520,100109,100,99975,100,100114,100,99968,100,100238,100,99959,100,100351,100,99948,100,100427,100,99942,100,100445,100,99935,100,100607,100,99928,100,100666,100,99916,100
2019-06-28 09:37:50.000000000,100046,260,100033,260,100060,360,100022,360,100109,100,99975,100,100114,100,99968,100,100238,100,99959,100,100351,100,99948,100,100427,100,99942,100,100445,100,99935,100,100607,100,99928,100,100666,100,99916,100
2019-06-28 09:37:54.653490828,100046,260,100033,160,100060,360,100022,360,100109,100,99975,100,100114,100,99968,100,100238,100,99959,100,100351,100,99948,100,100427,100,99942,100,100445,100,99935,100,100607,100,99928,100,100666,100,99916,100
2019-06-28 09:38:00.000000000,100046,180,100022,280,100060,280,99975,180,100109,180,99968,180,100114,180,99959,180,100238,100,99948,100,100351,100,99942,100,100427,100,99935,100,100445,100,99928,100,100607,100,99916,100,100666,100,99902,100
2019-06-28 09:38:00.695824281,100040,100,100022,280,100046,180,99975,180,100060,280,99968,180,100109,180,99959,180,100114,180,99948,100,100238,100,99942,100,100351,100,99935,100,100427,100,99928,100,100445,100,99916,100,100607,100,99902,100
2019-06-28 09:38:10.000000000,100040,209,100022,309,100046,206,99975,206,100060,306,99968,206,100109,100,99959,100,100114,100,99948,100,100238,100,99942,100,100351,100,99935,100,100427,100,99928,100,100445,100,99916,100,100607,100,99902,100
2019-06-28 09:38:20.000000000,100040,180,100022,280,100046,180,99975,180,100060,280,99968,180,100109,180,99959,180,100114,100,99948,100,100238,100,99942,100,100351,100,99935,100,100427,100,99928,100,100445,100,99916,100,100607,100,99902,100
2019-06-28 09:38:28.620649495,100040,180,100034,100,100046,180,100022,280,100060,280,99975,180,100109,180,99968,180,100114,100,99959,180,100238,100,99948,100,100351,100,99942,100,100427,100,99935,100,100445,100,99928,100,100607,100,99916,100
2019-06-28 09:38:30.000000000,100040,260,100034,260,100046,260,100022,360,100060,200,99975,100,100109,100,99968,100,100114,100,99959,100,100238,100,99948,100,100351,100,99942,100,100427,100,99935,100,100445,100,99928,100,100607,100,99916,100
2019-06-28 09:38:40.000000000,100040,420,100034,420,100046,100,100022,200,100060,200,99975,100,100109,100,99968,100,100114,100,99959,100,100238,100,99948,100,100351,100,99942,100,100427,100,99935,100,100445,100,99928,100,100607,100,99916,100
2019-06-28 09:38:50.000000000,100040,420,100034,420,100046,100,100022,200,100060,200,99975,100,100109,100,99968,100,100114,100,99959,100,100238,100,99948,100,100351,100,99942,100,100427,100,99935,100,100445,100,99928,100,100607,100,99916,100
2019-06-28 09:39:00.000000000,100040,180,100034,180,100046,180,100022,280,100060,280,99975,180,100109,180,99968,180,100114,100,99959,100,100238,100,99948,100,100351,100,99942,100,100427,100,99935,100,100445,100,99928,100,100607,100,99916,100
2019-06-28 09:39:10.000000000,100040,420,100034,420,100046,100,100022,200,100060,200,99975,100,100109,100,99968,100,100114,100,99959,100,100238,100,99948,100,100351,100,99942,100,100427,100,99935,100,100445,100,99928,100,100607,100,99916,100
2019-06-28 09:39:13.450175439,100040,420,100034,420,100046,100,100022,200,100060,200,99975,100,100109,100,99968,100,100114,100,99959,100,100238,100,99948,100,100351,100,99942,100,100427,100,99935,100,100445,100,99928,100,100607,100,99916,100
2019-06-28 09:39:16.315184942,100040,420,100034,320,100046,100,100022,200,100060,200,99975,100,100109,100,99968,100,100114,100,99959,100,100238,100,99948,100,100351,100,99942,100,100427,100,99935,100,100445,100,99928,100,100607,100,99916,100
2019-06-28 09:39:20.000000000,100040,260,100022,360,100046,260,99975,260,100060,200,99968,100,100109,100,99959,100,100114,100,99948,100,100238,100,99942,100,100351,100,99935,100,100427,100,99928,100,100445,100,99916,100,100607,100,99902,100
2019-06-28 09:39:28.638247158,100040,260,100022,360,100046,260,99975,260,100060,200,99968,100,100109,100,99959,100,100114,100,99948,100,100229,100,99942,100,100238,100,99935,100,100351,100,99928,100,100427,100,99916,100,100445,100,99902,100
2019-06-28 09:39:29.666917020,100040,260,100022,260,100046,260,99975,260,100060,200,99968,100,100109,100,99959,100,100114,100,99948,100,100229,100,99942,100,100238,100,99935,100,100351,100,99928,100,100427,100,99916,100,100445,100,99902,100
2019-06-28 09:39:30.000000000,100040,164,100022,164,100046,164,99975,164,100060,264,99968,164,100109,164,99959,164,100114,164,99948,164,100229,100,99942,100,100238,100,99935,100,100351,100,99928,100,100427,100,99916,100,100445,100,99902,100
2019-06-28 09:39:40.000000000,100040,209,100022,209,100046,206,99975,206,100060,306,99968,206,100109,100,99959,100,100114,100,99948,100,100229,100,99942,100,100238,100,99935,100,100351,100,99928,100,100427,100,99916,100,100445,100,99902,100
2019-06-28 09:39:43.942905186,100040,209,100022,209,100046,206,99975,206,100060,306,99968,206,100109,100,99959,100,100114,100,99948,100,100229,100,99942,100,100238,100,99935,100,100344,100,99928,100,100351,100,99916,100,100427,100,99902,100
2019-06-28 09:39:50.000000000,100040,260,100022,260,100046,260,99975,260,100060,200,99968,100,100109,100,99959,100,100114,100,99948,100,100229,100,99942,100,100238,100,99935,100,100344,100,99928,100,100351,100,99916,100,100427,100,99902,100
2019-06-28 09:39:54.032283435,100040,160,100022,260,100046,260,99975,260,100060,200,99968,100,100109,100,99959,100,100114,100,99948,100,100229,100,99942,100,100238,100,99935,100,100344,100,99928,100,100351,100,99916,100,100427,100,99902,100
2019-06-28 09:40:00.000000000,100046,164,100022,164,100060,264,99975,164,100109,164,99968,164,100114,164,99959,164,100229,164,99948,164,100238,100,99942,100,100344,100,99935,100,100351,100,99928,100,100427,100,99916,100,100445,100,99902,100
2019-06-28 09:40:10.000000000,100046,180,100022,180,100060,280,99975,180,100109,180,99968,180,100114,180,99959,180,100229,100,99948,100,100238,100,99942,100,100344,100,99935,100,100351,100,99928,100,100427,100,99916,100,100445,100,99902,100
2019-06-28 09:40:20.000000000,100046,180,100022,180,100060,280,99975,180,100109,180,99968,180,100114,180,99959,180,100229,100,99948,100,100238,100,99942,100,100344,100,99935,100,100351,100,99928,100,100427,100,99916,100,100445,100,99902,100
2019-06-28 09:40:30.000000000,100046,164,100022,164,100060,264,99975,164,100109,164,99968,164,100114,164,99959,164,100229,164,99948,164,100238,100,99942,100,100344,100,99935,100,100351,100,99928,100,100427,100,99916,100,100445,100,99902,100
2019-06-28 09:40:40.000000000,100046,209,100022,209,100060,306,99975,206,100109,206,99968,206,100114,100,99959,100,100229,100,99948,100,100238,100,99942,100,100344,100,99935,100,100351,100,99928,100,100427,100,99916,100,100445,100,99902,100
2019-06-28 09:40:50.000000000,100046,180,100022,180,100060,280,99975,180,100109,180,99968,180,100114,180,99959,180,100229,100,99948,100,100238,100,99942,100,100344,100,99935,100,100351,100,99928,100,100427,100,99916,100,100445,100,99902,100
2019-06-28 09:40:58.369201450,100046,80,100022,180,100060,280,99975,180,100109,180,99968,180,100114,180,99959,180,100229,100,99948,100,100238,100,99942,100,100344,100,99935,100,100351,100,99928,100,100427,100,99916,100,100445,100,99902,100
2019-06-28 09:41:00.000000000,100060,264,100022,164,100109,164,99975,164,100114,164,99968,164,100229,164,99959,164,100238,164,99948,164,100344,100,99942,100,100351,100,99935,100,100427,100,99928,100,100445,100,99916,100,100607,100,99902,100
2019-06-28 09:41:03.021198104,100060,164,100022,164,100109,164,99975,164,100114,164,99968,164,100229,164,99959,164,100238,164,99948,164,100344,100,99942,100,100351,100,99935,100,100427,100,99928,100,100445,100,99916,100,100607,100,99902,100
2019-06-28 09:41:05.505503855,100109,164,100060,36,100114,164,100022,164,100229,164,99975,164,100238,164,99968,164,100344,100,99959,164,100351,100,99948,164,100427,100,99942,100,100445,100,99935,100,100607,100,99928,100,100666,100,99916,100
2019-06-28 09:41:10.000000000,100109,209,100060,145,100114,206,100022,206,100229,206,99975,206,100238,100,99968,100,100344,100,99959,100,100351,100,99948,100,100427,100,99942,100,100445,100,99935,100,100607,100,99928,100,100666,100,99916,100
2019-06-28 09:41:10.251691547,100109,109,100060,145,100114,206,100022,206,100229,206,99975,206,100238,100,99968,100,100344,100,99959,100,100351,100,99948,100,100427,100,99942,100,100445,100,99935,100,100607,100,99928,100,100666,100,99916,100
2019-06-28 09:41:20.000000000,100114,260,100060,196,100229,260,100022,260,100238,100,99975,100,100344,100,99968,100,100351,100,99959,100,100427,100,99948,100,100445,100,99942,100,100607,100,99935,100,100666,100,99928,100,,,99916,100
2019-06-28 09:41:21.423449869,100114,260,100106,100,100229,260,100060,196,100238,100,100022,260,100344,100,99975,100,100351,100,99968,100,100427,100,99959,100,100445,100,99948,100,100607,100,99942,100,100666,100,99935,100,,,99928,100
2019-06-28 09:41:30.000000000,100114,420,100106,420,100229,100,100060,36,100238,100,100022,100,100344,100,99975,100,100351,100,99968,100,100427,100,99959,100,100445,100,99948,100,100607,100,99942,100,100666,100,99935,100,,,99928,100
2019-06-28 09:41:40.000000000,100114,260,100106,260,100229,260,100060,196,100238,100,100022,100,100344,100,99975,100,100351,100,99968,100,100427,100,99959,100,100445,100,99948,100,100607,100,99942,100,100666,100,99935,100,,,99928,100
2019-06-28 09:41:50.000000000,100114,164,100106,164,100229,164,100060,100,100238,164,100022,164,100344,164,99975,164,100351,164,99968,164,100427,100,99959,100,100445,100,99948,100,100607,100,99942,100,100666,100,99935,100,,,99928,100
2019-06-28 09:42:00.000000000,100114,180,100106,180,100229,180,100060,116,100238,180,100022,180,100344,180,99975,180,100351,100,99968,100,100427,100,99959,100,100445,100,99948,100,100607,100,99942,100,100666,100,99935,100,,,99928,100
2019-06-28 09:42:02.711701702,100114,180,100106,180,100229,180,100061,100,100238,180,100060,116,100344,180,100022,180,100351,100,99975,180,100427,100,99968,100,100445,100,99959,100,100607,100,99948,100,100666,100,99942,100,,,99935,100
2019-06-28 09:42:10.000000000,100114,209,100106,209,100229,206,100061,206,100238,206,100060,142,100344,100,100022,100,100351,100,99975,100,100427,100,99968,100,100445,100,99959,100,100607,100,99948,100,100666,100,99942,100,,,99935,100
2019-06-28 09:42:18.284379634,100114,209,100106,209,100229,206,100061,206,100238,206,100060,142,100344,100,100022,100,100351,100,99975,100,100427,100,99968,100,100445,100,99948,100,100607,100,99942,100,100666,100,99935,100,101273,100,99928,100
2019-06-28 09:42:20.000000000,100114,260,100106,260,100229,260,100061,260,100238,100,100060,36,100344,100,100022,100,100351,100,99975,100,100427,100,99968,100,100445,100,99948,100,100607,100,99942,100,100666,100,99935,100,101273,100,99928,100
2019-06-28 09:42:28.696764565,100114,260,100106,260,100229,260,100061,260,100238,100,100060,36,100344,100,100022,100,100351,100,99975,100,100427,100,99968,100,100445,100,99948,100,100607,100,99935,100,100666,100,99928,100,101273,100,99916,100
2019-06-28 09:42:29.951592141,100114,260,100106,260,100229,260,100061,260,100238,100,100060,36,100344,100,100022,100,100351,100,99975,100,100427,100,99968,100,100445,100,99948,100,100607,100,99935,100,100666,100,99928,100,101241,100,99916,100
2019-06-28 09:42:30.000000000,100114,180,100106,180,100229,180,100061,180,100238,180,100060,116,100344,180,100022,180,100351,100,99975,100,100427,100,99968,100,100445,100,99948,100,100607,100,99935,100,100666,100,99928,100,101241,100,99916,100
2019-06-28 09:42:40.000000000,100114,420,100106,420,100229,100,100061,100,100238,100,100060,36,100344,100,100022,100,100351,100,99975,100,100427,100,99968,100,100445,100,99948,100,100607,100,99935,100,100666,100,99928,100,101241,100,99916,100
2019-06-28 09:42:45.993722662,100114,420,100106,420,100229,100,100061,100,100238,100,100060,36,100344,100,100022,100,100351,100,99975,100,100427,100,99968,100,100445,100,99948,100,100607,100,99935,100,100666,100,99928,100,101241,100,99916,100
2019-06-28 09:42:50.000000000,100114,260,100106,260,100229,260,100061,260,100238,100,100060,36,100344,100,100022,100,100351,100,99975,100,100427,100,99968,100,100445,100,99948,100,100607,100,99935,100,100666,100,99928,100,101241,100,99916,100
2019-06-28 09:43:00.000000000,100114,180,100106,180,100229,180,100061,180,100238,180,100060,116,100344,180,100022,180,100351,100,99975,100,100427,100,99968,100,100445,100,99948,100,100607,100,99935,100,100666,100,99928,100,101241,100,99916,100
2019-06-28 09:43:10.000000000,100114,180,100106,180,100229,180,100061,180,100238,180,100060,116,100344,180,100022,180,100351,100,99975,100,100427,100,99968,100,100445,100,99948,100,100607,100,99935,100,100666,100,99928,100,101241,100,99916,100
2019-06-28 09:43:16.449432873,100114,80,100106,180,100229,180,100061,180,100238,180,100060,116,100344,180,100022,180,100351,100,99975,100,100427,100,99968,100,100445,100,99948,100,100607,100,99935,100,100666,100,99928,100,101241,100,99916,100
2019-06-28 09:43:20.000000000,100229,164,100106,164,100238,164,100061,164,100344,164,100060,100,100351,164,100022,164,100427,164,99975,164,100445,100,99968,100,100607,100,99948,100,100666,100,99935,100,101241,100,99928,100,101273,100,99916,100
2019-06-28 09:43:27.066889700,100229,164,100106,164,100238,164,100061,164,100344,164,100060,100,100351,164,100022,164,100427,164,99975,164,100445,100,99968,100,100607,100,99948,100,101241,100,99935,100,101273,100,99928,100,101431,100,99916,100
2019-06-28 09:43:30.000000000,100229,260,100106,260,100238,260,100061,260,100344,100,100060,36,100351,100,100022,100,100427,100,99975,100,100445,100,99968,100,100607,100,99948,100,101241,100,99935,100,101273,100,99928,100,101431,100,99916,100
2019-06-28 09:43:40.000000000,100229,260,100106,260,100238,260,100061,260,100344,100,100060,36,100351,100,100022,100,100427,100,99975,100,100445,100,99968,100,100607,100,99948,100,101241,100,99935,100,101273,100,99928,100,101431,100,99916,100
2019-06-28 09:43:47.506397318,100229,260,100109,100,100238,260,100106,260,100344,100,100061,260,100351,100,100060,36,100427,100,100022,100,100445,100,99975,100,100607,100,99968,100,101241,100,99948,100,101273,100,99935,100,101431,100,99928,100
2019-06-28 09:43:50.000000000,100229,180,100109,180,100238,180,100106,180,100344,180,100061,180,100351,180,100060,116,100427,100,100022,100,100445,100,99975,100,100607,100,99968,100,101241,100,99948,100,101273,100,99935,100,101431,100,99928,100
2019-06-28 09:43:58.069013101,100229,180,100109,280,100238,180,100106,180,100344,180,100061,180,100351,180,100060,116,100427,100,100022,100,100445,100,99975,100,100607,100,99968,100,101241,100,99948,100,101273,100,99935,100,101431,100,99928,100
2019-06-28 09:44:00.000000000,100229,420,100109,520,100238,100,100106,100,100344,100,100061,100,100351,100,100060,36,100427,100,100022,100,100445,100,99975,100,100607,100,99968,100,101241,100,99948,100,101273,100,99935,100,101431,100,99928,100
2019-06-28 09:44:10.000000000,100229,420,100109,520,100238,100,100106,100,100344,100,100061,100,100351,100,100060,36,100427,100,100022,100,100445,100,99975,100,100607,100,99968,100,101241,100,99948,100,101273,100,99935,100,101431,100,99928,100
2019-06-28 09:44:20.000000000,100229,260,100109,360,100238,260,100106,260,100344,100,100061,100,100351,100,100060,36,100427,100,100022,100,100445,100,99975,100,100607,100,99968,100,101241,100,99948,100,101273,100,99935,100,101431,100,99928,100
2019-06-28 09:44:24.784614744,100229,160,100109,360,100238,260,100106,260,100344,100,100061,100,100351,100,100060,36,100427,100,100022,100,100445,100,99975,100,100607,100,99968,100,101241,100,99948,100,101273,100,99935,100,101431,100,99928,100
2019-06-28 09:44:28.521734088,100229,160,100109,360,100238,260,100106,260,100344,100,100061,100,100351,100,100060,36,100427,100,100022,100,100445,100,99975,100,100607,100,99968,100,101141,100,99948,100,101241,100,99935,100,101273,100,99928,100
2019-06-28 09:44:30.000000000,100238,180,100109,280,100344,180,100106,180,100351,180,100061,180,100427,180,100060,116,100445,100,100022,100,100607,100,99975,100,101141,100,99968,100,101241,100,99948,100,101273,100,99935,100,101431,100,99928,100
2019-06-28 09:44:40.000000000,100238,260,100109,360,100344,260,100106,260,100351,100,100061,100,100427,100,100060,36,100445,100,100022,100,100607,100,99975,100,101141,100,99968,100,101241,100,99948,100,101273,100,99935,100,101431,100,99928,100
2019-06-28 09:44:50.000000000,100238,260,100109,360,100344,260,100106,260,100351,100,100061,100,100427,100,100060,36,100445,100,100022,100,100607,100,99975,100,101141,100,99968,100,101241,100,99948,100,101273,100,99935,100,101431,100,99928,100
2019-06-28 09:45:00.000000000,100238,180,100109,280,100344,180,100106,180,100351,180,100061,180,100427,180,100060,116,100445,100,100022,100,100607,100,99975,100,101141,100,99968,100,101241,100,99948,100,101273,100,99935,100,101431,100,99928,100
2019-06-28 09:45:10.000000000,100238,209,100109,309,100344,206,100106,206,100351,206,100061,206,100427,100,100060,36,100445,100,100022,100,100607,100,99975,100,101141,100,99968,100,101241,100,99948,100,101273,100,99935,100,101431,100,99928,100
2019-06-28 09:45:12.541079213,100238,109,100109,309,100344,106,100106,206,100351,206,100061,206,100427,100,100060,36,100445,100,100022,100,100607,100,99975,100,101141,100,99968,100,101241,100,99948,100,101273,100,99935,100,101431,100,99928,100
2019-06-28 09:45:20.000000000,100351,209,100109,309,100427,206,100106,206,100445,206,100061,206,100607,100,100060,36,101141,100,100022,100,101241,100,99975,100,101273,100,99968,100,101431,100,99948,100,,,99935,100,,,99928,100
2019-06-28 09:45:30.000000000,100351,164,100109,264,100427,164,100106,164,100445,164,100061,164,100607,164,100060,100,101141,164,100022,164,101241,100,99975,100,101273,100,99968,100,101431,100,99948,100,,,99935,100,,,99928,100
2019-06-28 09:45:40.000000000,100351,260,100109,360,100427,260,100106,260,100445,100,100061,100,100607,100,100060,36,101141,100,100022,100,101241,100,99975,100,101273,100,99968,100,101431,100,99948,100,,,99935,100,,,99928,100
2019-06-28 09:45:50.000000000,100351,164,100109,264,100427,164,100106,164,100445,164,100061,164,100607,164,100060,100,101141,164,100022,164,101241,100,99975,100,101273,100,99968,100,101431,100,99948,100,,,99935,100,,,99928,100
2019-06-28 09:45:56.867368012,100351,64,100109,264,100427,164,100106,164,100445,164,100061,164,100607,164,100060,100,101141,164,100022,164,101241,100,99975,100,101273,100,99968,100,101431,100,99948,100,,,99935,100,,,99928,100
2019-06-28 09:46:00.000000000,100427,180,100109,280,100445,180,100106,180,100607,180,100061,180,101141,180,100060,116,101241,100,100022,100,101273,100,99975,100,101431,100,99968,100,,,99948,100,,,99935,100,,,99928,100
2019-06-28 09:46:10.000000000,100427,209,100109,309,100445,206,100106,206,100607,206,100061,206,101141,100,100060,36,101241,100,100022,100,101273,100,99975,100,101431,100,99968,100,,,99948,100,,,99935,100,,,99928,100
2019-06-28 09:46:20.000000000,100427,209,100109,309,100445,206,100106,206,100607,206,100061,206,101141,100,100060,36,101241,100,100022,100,101273,100,99975,100,101431,100,99968,100,,,99948,100,,,99935,100,,,99928,100
2019-06-28 09:46:24.694154408,100427,109,100109,309,100445,206,100106,206,100607,206,100061,206,101141,100,100060,36,101273,100,100022,100,101431,100,99975,100,,,99968,100,,,99948,100,,,99935,100,,,99928,100
2019-06-28 09:46:27.377186196,100427,9,100109,309,100445,206,100106,206,100607,206,100061,206,101141,100,100060,36,101273,100,100022,100,101431,100,99975,100,,,99968,100,,,99935,100,,,99928,100,,,99916,100
2019-06-28 09:46:30.000000000,100445,420,100109,520,100607,100,100106,100,101141,100,100061,100,101273,100,100060,36,101431,100,100022,100,,,99975,100,,,99968,100,,,99935,100,,,99928,100,,,99916,100
2019-06-28 09:46:33.623151342,100445,320,100109,520,100607,100,100106,100,101141,100,100061,100,101273,100,100022,100,101431,100,99975,100,,,99968,100,,,99935,100,,,99928,100,,,99916,100,,,99902,100
2019-06-28 09:46:40.000000000,100607,164,100109,264,101141,164,100106,164,101273,164,100061,164,101431,164,100022,164,101432,64,99975,164,,,99968,100,,,99935,100,,,99928,100,,,99916,100,,,99902,100
2019-06-28 09:46:49.502205973,100607,164,100427,100,101141,164,100109,264,101273,164,100106,164,101431,164,100061,64,101432,64,100022,164,,,99975,164,,,99968,100,,,99935,100,,,99928,100,,,99916,100
2019-06-28 09:46:50.000000000,100607,209,100427,209,101141,206,100109,306,101273,206,100106,206,101431,100,100022,100,,,99975,100,,,99968,100,,,99935,100,,,99928,100,,,99916,100,,,99902,100
2019-06-28 09:47:00.000000000,100607,260,100427,260,101141,260,100109,360,101273,100,100106,100,101431,100,100022,100,,,99975,100,,,99968,100,,,99935,100,,,99928,100,,,99916,100,,,99902,100
2019-06-28 09:47:04.485170177,100607,260,100427,360,101141,260,100109,360,101273,100,100106,100,101431,100,100022,100,,,99975,100,,,99968,100,,,99935,100,,,99928,100,,,99916,100,,,99902,100
2019-06-28 09:47:04.991500159,100607,260,100427,360,101141,260,100109,360,101178,100,100106,100,101273,100,100022,100,101431,100,99975,100,,,99968,100,,,99935,100,,,99928,100,,,99916,100,,,99902,100
2019-06-28 09:47:10.000000000,100607,164,100427,264,101141,164,100109,264,101178,164,100106,164,101273,164,100022,164,101431,164,99975,164,,,99968,100,,,99935,100,,,99928,100,,,99916,100,,,99902,100
2019-06-28 09:47:15.444212229,100607,164,100427,264,101141,164,100109,264,101178,164,100106,164,101273,164,100022,164,101431,164,99975,164,101510,100,99968,100,,,99935,100,,,99928,100,,,99916,100,,,99902,100
2019-06-28 09:47:20.000000000,100607,209,100427,309,101141,206,100109,306,101178,206,100106,206,101273,100,100022,100,101431,100,99975,100,101510,100,99968,100,,,99935,100,,,99928,100,,,99916,100,,,99902,100
2019-06-28 09:47:30.000000000,100607,420,100427,520,101141,100,100109,200,101178,100,100106,100,101273,100,100022,100,101431,100,99975,100,101510,100,99968,100,,,99935,100,,,99928,100,,,99916,100,,,99902,100
2019-06-28 09:47:38.801582533,100607,420,100427,520,101141,100,100109,200,101161,100,100106,100,101178,100,100022,100,101273,100,99975,100,101431,100,99968,100,101510,100,99935,100,,,99928,100,,,99916,100,,,99902,100
2019-06-28 09:47:39.012342721,100607,220,100427,520,101141,100,100109,200,101161,100,100106,100,101178,100,100022,100,101273,100,99975,100,101431,100,99968,100,101510,100,99935,100,,,99928,100,,,99916,100,,,99902,100
2019-06-28 09:47:40.000000000,101141,209,100427,309,101161,206,100109,306,101178,206,100106,206,101273,100,100022,100,101431,100,99975,100,101510,100,99968,100,,,99935,100,,,99928,100,,,99916,100,,,99902,100
2019-06-28 09:47:42.635825071,101141,209,100445,100,101161,206,100427,309,101178,206,100109,206,101273,100,100106,206,101431,100,100022,100,101510,100,99975,100,,,99968,100,,,99935,100,,,99928,100,,,99916,100
2019-06-28 09:47:50.000000000,101141,260,100445,260,101161,260,100427,360,101178,100,100109,100,101273,100,100106,100,101431,100,100022,100,101510,100,99975,100,,,99968,100,,,99935,100,,,99928,100,,,99916,100
2019-06-28 09:47:55.031449285,101141,260,100741,100,101161,260,100445,260,101178,100,100427,360,101273,100,100109,100,101431,100,100106,100,101510,100,100022,100,,,99975,100,,,99968,100,,,99935,100,,,99928,100
2019-06-28 09:48:00.000000000,101141,420,100741,420,101161,100,100445,100,101178,100,100427,200,101273,100,100109,100,101431,100,100106,100,101510,100,100022,100,,,99975,100,,,99968,100,,,99935,100,,,99928,100
2019-06-28 09:48:10.000000000,101141,180,100741,180,101161,180,100445,180,101178,180,100427,280,101273,180,100109,180,101431,100,100106,100,101510,100,100022,100,,,99975,100,,,99968,100,,,99935,100,,,99928,100
2019-06-28 09:48:16.374233331,101141,180,100741,180,101161,180,100445,180,101178,180,100427,280,101273,180,100109,180,101303,100,100106,100,101431,100,100022,100,101510,100,99975,100,,,99968,100,,,99935,100,,,99928,100
2019-06-28 09:48:20.000000000,101141,260,100741,260,101161,260,100445,260,101178,100,100427,200,101273,100,100109,100,101303,100,100106,100,101431,100,100022,100,101510,100,99975,100,,,99968,100,,,99935,100,,,99928,100
2019-06-28 09:48:30.000000000,101141,180,100741,180,101161,180,100445,180,101178,180,100427,280,101273,180,100109,180,101303,100,100106,100,101431,100,100022,100,101510,100,99975,100,,,99968,100,,,99935,100,,,99928,100
2019-06-28 09:48:40.000000000,101141,180,100741,180,101161,180,100445,180,101178,180,100427,280,101273,180,100109,180,101303,100,100106,100,101431,100,100022,100,101510,100,99975,100,,,99968,100,,,99935,100,,,99928,100
2019-06-28 09:48:49.853428439,101141,180,100741,180,101161,180,100445,180,101178,180,100427,280,101273,180,100109,180,101282,100,100106,100,101303,100,100022,100,101431,100,99975,100,101510,100,99968,100,,,99935,100,,,99928,100
2019-06-28 09:48:50.000000000,101141,180,100741,180,101161,180,100445,180,101178,180,100427,280,101273,180,100109,180,101282,100,100106,100,101303,100,100022,100,101431,100,99975,100,101510,100,99968,100,,,99935,100,,,99928,100
2019-06-28 09:49:00.000000000,101141,420,100741,420,101161,100,100445,100,101178,100,100427,200,101273,100,100109,100,101282,100,100106,100,101303,100,100022,100,101431,100,99975,100,101510,100,99968,100,,,99935,100,,,99928,100
2019-06-28 09:49:10.000000000,101141,260,100741,260,101161,260,100445,260,101178,100,100427,200,101273,100,100109,100,101282,100,100106,100,101303,100,100022,100,101431,100,99975,100,101510,100,99968,100,,,99935,100,,,99928,100
2019-06-28 09:49:14.368627341,101137,100,100741,260,101141,260,100445,260,101161,260,100427,200,101178,100,100109,100,101273,100,100106,100,101282,100,100022,100,101303,100,99975,100,101431,100,99968,100,101510,100,99935,100,,,99928,100
2019-06-28 09:49:20.000000000,101137,420,100741,420,101141,100,100445,100,101161,100,100427,200,101178,100,100109,100,101273,100,100106,100,101282,100,100022,100,101303,100,99975,100,101431,100,99968,100,101510,100,99935,100,,,99928,100
2019-06-28 09:49:30.000000000,101137,260,100741,260,101141,260,100445,260,101161,100,100427,200,101178,100,100109,100,101273,100,100106,100,101282,100,100022,100,101303,100,99975,100,101431,100,99968,100,101510,100,99935,100,,,99928,100
2019-06-28 09:49:40.000000000,101137,420,100741,420,101141,100,100445,100,101161,100,100427,200,101178,100,100109,100,101273,100,100106,100,101282,100,100022,100,101303,100,99975,100,101431,100,99968,100,101510,100,99935,100,,,99928,100
2019-06-28 09:49:50.000000000,101137,260,100741,260,101141,260,100445,260,101161,100,100427,200,101178,100,100109,100,101273,100,100106,100,101282,100,100022,100,101303,100,99975,100,101431,100,99968,100,101510,100,99935,100,,,99928,100
2019-06-28 09:49:57.653463529,101137,260,100984,100,101141,260,100741,260,101161,100,100445,260,101178,100,100427,200,101273,100,100109,100,101282,100,100106,100,101303,100,100022,100,101431,100,99975,100,101510,100,99968,100,,,99935,100
2019-06-28 09:50:00.000000000,101137,164,100984,164,101141,164,100741,164,101161,164,100445,164,101178,164,100427,264,101273,164,100109,164,101282,100,100106,100,101303,100,100022,100,101431,100,99975,100,101510,100,99968,100,,,99935,100
2019-06-28 09:50:05.650999552,101137,164,100984,164,101141,164,100741,164,101161,164,100445,264,101178,164,100427,264,101273,164,100109,164,101282,100,100106,100,101303,100,100022,100,101431,100,99975,100,101510,100,99968,100,,,99935,100
2019-06-28 09:50:10.000000000,101137,420,100984,420,101141,100,100741,100,101161,100,100445,200,101178,100,100427,200,101273,100,100109,100,101282,100,100106,100,101303,100,100022,100,101431,100,99975,100,101510,100,99968,100,,,99935,100
2019-06-28 09:50:20.000000000,101137,180,100984,180,101141,180,100741,180,101161,180,100445,280,101178,180,100427,280,101273,100,100109,100,101282,100,100106,100,101303,100,100022,100,101431,100,99975,100,101510,100,99968,100,,,99935,100
2019-06-28 09:50:27.027587248,101137,180,100984,180,101141,180,100741,180,101144,100,100445,280,101161,180,100427,280,101178,180,100109,100,101273,100,100106,100,101282,100,100022,100,101303,100,99975,100,101431,100,99968,100,101510,100,99935,100
2019-06-28 09:50:30.000000000,101137,260,100984,260,101141,260,100741,260,101144,100,100445,200,101161,100,100427,200,101178,100,100109,100,101273,100,100106,100,101282,100,100022,100,101303,100,99975,100,101431,100,99968,100,101510,100,99935,100
2019-06-28 09:50:30.567394452,101137,160,100984,260,101141,260,100741,260,101144,100,100445,200,101161,100,100427,200,101178,100,100109,100,101273,100,100106,100,101282,100,100022,100,101303,100,99975,100,101431,100,99968,100,,,99935,100
2019-06-28 09:50:31.812108226,101137,160,100984,260,101141,260,100741,260,101144,100,100445,200,101161,100,100427,200,101178,100,100109,100,101273,100,100106,100,101282,100,100022,100,101301,100,99975,100,101303,100,99968,100,101431,100,99935,100
2019-06-28 09:50:40.000000000,101141,420,100984,420,101144,100,100741,100,101161,100,100445,200,101178,100,100427,200,101273,100,100109,100,101282,100,100106,100,101301,100,100022,100,101303,100,99975,100,101431,100,99968,100,,,99935,100
2019-06-28 09:50:50.000000000,101141,420,100984,420,101144,100,100741,100,101161,100,100445,200,101178,100,100427,200,101273,100,100109,100,101282,100,100106,100,101301,100,100022,100,101303,100,99975,100,101431,100,99968,100,,,99935,100
2019-06-28 09:51:00.000000000,101141,180,100984,180,101144,180,100741,180,101161,180,100445,280,101178,180,100427,280,101273,100,100109,100,101282,100,100106,100,101301,100,100022,100,101303,100,99975,100,101431,100,99968,100,,,99935,100
2019-06-28 09:51:06.639440974,101141,180,100984,80,101144,180,100741,180,101161,180,100445,280,101178,180,100427,280,101273,100,100109,100,101282,100,100106,100,101301,100,100022,100,101303,100,99975,100,101431,100,99968,100,,,99935,100
2019-06-28 09:51:10.000000000,101141,209,100741,209,101144,206,100445,306,101161,206,100427,306,101178,100,100109,100,101273,100,100106,100,101282,100,100022,100,101301,100,99975,100,101303,100,99968,100,101431,100,99935,100,,,99928,100
2019-06-28 09:51:14.887417455,101141,209,100741,209,101144,206,100509,100,101161,206,100445,306,101178,100,100427,306,101273,100,100109,100,101282,100,100106,100,101301,100,100022,100,101303,100,99975,100,101431,100,99968,100,,,99935,100
2019-06-28 09:51:20.000000000,101141,209,100741,209,101144,206,100509,206,101161,206,100445,306,101178,100,100427,200,101273,100,100109,100,101282,100,100106,100,101301,100,100022,100,101303,100,99975,100,101431,100,99968,100,,,99935,100
2019-06-28 09:51:25.626355189,101141,209,100741,209,101144,206,100526,100,101161,206,100509,206,101178,100,100445,306,101273,100,100427,200,101282,100,100109,100,101301,100,100106,100,101303,100,100022,100,101431,100,99975,100,,,99968,100
2019-06-28 09:51:29.592755522,100880,100,100741,209,101141,209,100526,100,101144,206,100509,206,101161,206,100445,306,101178,100,100427,200,101273,100,100109,100,101282,100,100106,100,101301,100,100022,100,101303,100,99975,100,101431,100,99968,100
2019-06-28 09:51:30.000000000,100880,180,100741,180,101141,180,100526,180,101144,180,100509,180,101161,180,100445,280,101178,100,100427,200,101273,100,100109,100,101282,100,100106,100,101301,100,100022,100,101303,100,99975,100,101431,100,99968,100
2019-06-28 09:51:31.804556610,100880,180,100741,80,101141,180,100526,180,101144,180,100509,180,101161,180,100445,280,101178,100,100427,200,101273,100,100109,100,101282,100,100106,100,101301,100,100022,100,101303,100,99975,100,101431,100,99968,100
2019-06-28 09:51:40.000000000,100880,164,100526,164,101141,164,100509,164,101144,164,100445,264,101161,164,100427,264,101178,164,100109,164,101273,100,100106,100,101282,100,100022,100,101301,100,99975,100,101303,100,99968,100,101431,100,99935,100
2019-06-28 09:51:41.443454715,100689,100,100526,164,100880,164,100509,64,101141,164,100445,264,101144,164,100427,264,101161,164,100109,164,101178,164,100106,100,101273,100,100022,100,101282,100,99975,100,101301,100,99968,100,101303,100,99935,100
2019-06-28 09:51:42.505540382,100689,100,100526,164,100880,164,100509,64,101141,164,100445,264,101144,164,100427,264,101161,164,100109,164,101178,164,100106,100,101273,100,100022,100,101282,100,99975,100,101301,100,99968,100,101303,100,99935,100
2019-06-28 09:51:50.000000000,100689,180,100526,180,100880,180,100445,280,101141,180,100427,280,101144,180,100109,180,101161,100,100106,100,101178,100,100022,100,101273,100,99975,100,101282,100,99968,100,101301,100,99935,100,101303,100,99902,100
2019-06-28 09:51:53.576397390,100689,180,100526,80,100880,180,100445,280,101141,180,100427,280,101144,180,100109,180,101161,100,100106,100,101178,100,100022,100,101273,100,99975,100,101282,100,99968,100,101303,100,99935,100,101431,100,99902,100
2019-06-28 09:52:00.000000000,100689,209,100445,309,100880,206,100427,306,101141,206,100109,206,101144,100,100106,100,101161,100,100022,100,101178,100,99975,100,101273,100,99968,100,101282,100,99935,100,101303,100,99902,100,101431,100,99816,100
2019-06-28 09:52:10.000000000,100689,164,100445,264,100880,164,100427,264,101141,164,100109,164,101144,164,100106,164,101161,164,100022,164,101178,100,99975,100,101273,100,99968,100,101282,100,99935,100,101303,100,99902,100,101431,100,99816,100
2019-06-28 09:52:20.000000000,100689,164,100445,264,100880,164,100427,264,101141,164,100109,164,101144,164,100106,164,101161,164,100022,164,101178,100,99975,100,101273,100,99968,100,101282,100,99935,100,101303,100,99902,100,101431,100,99816,100
2019-06-28 09:52:30.000000000,100689,209,100445,309,100880,206,100427,306,101141,206,100109,206,101144,100,100106,100,101161,100,100022,100,101178,100,99975,100,101273,100,99968,100,101282,100,99935,100,101303,100,99902,100,101431,100,99816,100
2019-06-28 09:52:40.000000000,100689,180,100445,280,100880,180,100427,280,101141,180,100109,180,101144,180,100106,180,101161,100,100022,100,101178,100,99975,100,101273,100,99968,100,101282,100,99935,100,101303,100,99902,100,101431,100,99816,100
2019-06-28 09:52:48.164283575,100527,100,100445,280,100689,180,100427,280,100880,180,100109,180,101141,180,100106,180,101144,180,100022,100,101161,100,99975,100,101178,100,99968,100,101273,100,99935,100,101282,100,99902,100,101303,100,99816,100
2019-06-28 09:52:50.000000000,100527,209,100445,309,100689,206,100427,306,100880,206,100109,206,101141,100,100106,100,101144,100,100022,100,101161,100,99975,100,101178,100,99968,100,101273,100,99935,100,101282,100,99902,100,101303,100,99816,100
2019-06-28 09:53:00.000000000,100527,164,100445,264,100689,164,100427,264,100880,164,100109,164,101141,164,100106,164,101144,164,100022,164,101161,100,99975,100,101178,100,99968,100,101273,100,99935,100,101282,100,99902,100,101303,100,99816,100
2019-06-28 09:53:01.258365212,100527,164,100445,264,100688,100,100427,264,100689,164,100109,164,100880,164,100106,164,101141,164,100022,164,101144,164,99975,100,101161,100,99968,100,101178,100,99935,100,101273,100,99902,100,101282,100,99816,100
2019-06-28 09:53:10.000000000,100527,420,100445,520,100688,100,100427,200,100689,100,100109,100,100880,100,100106,100,101141,100,100022,100,101144,100,99975,100,101161,100,99968,100,101178,100,99935,100,101273,100,99902,100,101282,100,99816,100
2019-06-28 09:53:13.529336702,100527,420,100445,420,100688,100,100427,200,100689,100,100109,100,100880,100,100106,100,101141,100,100022,100,101144,100,99975,100,101161,100,99968,100,101178,100,99935,100,101273,100,99902,100,101282,100,99816,100
2019-06-28 09:53:16.790347599,100527,420,100445,320,100688,100,100427,200,100689,100,100109,100,100880,100,100106,100,101141,100,100022,100,101144,100,99975,100,101161,100,99968,100,101178,100,99935,100,101273,100,99902,100,101282,100,99816,100
2019-06-28 09:53:20.000000000,100527,420,100427,520,100688,100,100109,100,100689,100,100106,100,100880,100,100022,100,101141,100,99975,100,101144,100,99968,100,101161,100,99935,100,101178,100,99902,100,101273,100,99816,100,101282,100,99783,100
2019-06-28 09:53:21.519417543,100527,420,100427,520,100688,100,100397,100,100689,100,100109,100,100880,100,100106,100,101141,100,100022,100,101144,100,99975,100,101161,100,99968,100,101178,100,99935,100,101273,100,99902,100,101282,100,99816,100
2019-06-28 09:53:23.571612422,100527,420,100427,420,100688,100,100397,100,100689,100,100109,100,100880,100,100106,100,101141,100,100022,100,101144,100,99975,100,101161,100,99968,100,101178,100,99935,100,101273,100,99902,100,101282,100,99816,100
2019-06-28 09:53:30.000000000,100527,260,100427,260,100688,260,100397,260,100689,100,100109,100,100880,100,100106,100,101141,100,100022,100,101144,100,99975,100,101161,100,99968,100,101178,100,99935,100,101273,100,99902,100,101282,100,99816,100
2019-06-28 09:53:31.900824173,100527,260,100427,260,100688,260,100397,260,100689,100,100258,100,100880,100,100109,100,101141,100,100106,100,101144,100,100022,100,101161,100,99975,100,101178,100,99968,100,101273,100,99935,100,101282,100,99902,100
2019-06-28 09:53:40.000000000,100527,260,100427,260,100688,260,100397,260,100689,100,100258,100,100880,100,100109,100,101141,100,100106,100,101144,100,100022,100,101161,100,99975,100,101178,100,99968,100,101273,100,99935,100,101282,100,99902,100
2019-06-28 09:53:50.000000000,100527,260,100427,260,100688,260,100397,260,100689,100,100258,100,100880,100,100109,100,101141,100,100106,100,101144,100,100022,100,101161,100,99975,100,101178,100,99968,100,101273,100,99935,100,101282,100,99902,100
2019-06-28 09:53:55.843015730,100438,100,100427,260,100527,260,100397,260,100688,260,100258,100,100689,100,100109,100,100880,100,100106,100,101141,100,100022,100,101144,100,99975,100,101161,100,99968,100,101178,100,99935,100,101273,100,99902,100
2019-06-28 09:53:57.212600850,100438,100,100427,260,100450,100,100397,260,100527,260,100109,100,100688,260,100106,100,100689,100,100022,100,100880,100,99975,100,101141,100,99968,100,101144,100,99935,100,101161,100,99902,100,101178,100,99816,100
2019-06-28 09:54:00.000000000,100438,180,100427,180,100450,180,100397,180,100527,180,100109,180,100688,180,100106,180,100689,100,100022,100,100880,100,99975,100,101141,100,99968,100,101144,100,99935,100,101161,100,99902,100,101178,100,99816,100
2019-06-28 09:54:10.000000000,100438,164,100427,164,100450,164,100397,164,100527,164,100109,164,100688,164,100106,164,100689,164,100022,164,100880,100,99975,100,101141,100,99968,100,101144,100,99935,100,101161,100,99902,100,101178,100,99816,100
2019-06-28 09:54:12.102580401,100438,64,100427,164,100450,164,100397,164,100527,164,100109,164,100688,164,100106,164,100689,164,100022,164,100880,100,99975,100,101141,100,99968,100,101144,100,99935,100,101161,100,99902,100,101178,100,99816,100
2019-06-28 09:54:13.955638359,100438,64,100427,164,100450,164,100397,164,100527,164,100269,100,100688,164,100109,164,100689,164,100106,164,100880,100,100022,164,101141,100,99975,100,101144,100,99968,100,101161,100,99935,100,101178,100,99902,100
2019-06-28 09:54:19.088103327,100450,164,100438,36,100527,164,100427,164,100688,164,100397,164,100689,164,100269,100,100880,100,100109,164,101141,100,100106,164,101144,100,100022,164,101161,100,99975,100,101178,100,99968,100,101273,100,99935,100
2019-06-28 09:54:20.000000000,100450,260,100438,196,100527,260,100427,260,100688,100,100397,100,100689,100,100269,100,100880,100,100109,100,101141,100,100106,100,101144,100,100022,100,101161,100,99975,100,101178,100,99968,100,101273,100,99935,100
2019-06-28 09:54:30.000000000,100450,180,100438,116,100527,180,100427,180,100688,180,100397,180,100689,180,100269,180,100880,100,100109,100,101141,100,100106,100,101144,100,100022,100,101161,100,99975,100,101178,100,99968,100,101273,100,99935,100
2019-06-28 09:54:37.123250719,100450,180,100438,116,100527,180,100431,100,100688,180,100427,180,100689,180,100397,180,100880,100,100269,180,101141,100,100109,100,101144,100,100106,100,101161,100,100022,100,101178,100,99975,100,101273,100,99968,100
2019-06-28 09:54:40.000000000,100450,164,100438,100,100527,164,100431,164,100688,164,100427,164,100689,164,100397,164,100880,164,100269,164,101141,100,100109,100,101144,100,100106,100,101161,100,100022,100,101178,100,99975,100,101273,100,99968,100
2019-06-28 09:54:50.000000000,100450,420,100438,356,100527,100,100431,100,100688,100,100427,100,100689,100,100397,100,100880,100,100269,100,101141,100,100109,100,101144,100,100106,100,101161,100,100022,100,101178,100,99975,100,101273,100,99968,100
2019-06-28 09:54:55.593279762,100450,420,100438,456,100527,100,100431,100,100688,100,100427,100,100689,100,100397,100,100880,100,100269,100,101141,100,100109,100,101144,100,100106,100,101161,100,100022,100,101178,100,99975,100,101273,100,99968,100
2019-06-28 09:55:00.000000000,100450,164,100438,200,100527,164,100431,164,100688,164,100427,164,100689,164,100397,164,100880,164,100269,164,101141,100,100109,100,101144,100,100106,100,101161,100,100022,100,101178,100,99975,100,101273,100,99968,100
2019-06-28 09:55:10.000000000,100450,260,100438,296,100527,260,100431,260,100688,100,100427,100,100689,100,100397,100,100880,100,100269,100,101141,100,100109,100,101144,100,100106,100,101161,100,100022,100,101178,100,99975,100,101273,100,99968,100
2019-06-28 09:55:13.488348971,100450,260,100438,296,100527,260,100431,260,100688,100,100427,100,100689,100,100421,100,100880,100,100269,100,101141,100,100109,100,101144,100,100106,100,101161,100,100022,100,101178,100,99975,100,101273,100,99968,100
2019-06-28 09:55:18.511193254,100450,260,100438,296,100527,260,100431,260,100686,100,100427,100,100688,100,100421,100,100689,100,100269,100,100880,100,100109,100,101141,100,100106,100,101144,100,100022,100,101161,100,99975,100,101178,100,99968,100
2019-06-28 09:55:20.000000000,100450,180,100438,216,100527,180,100431,180,100686,180,100427,180,100688,180,100421,180,100689,100,100269,100,100880,100,100109,100,101141,100,100106,100,101144,100,100022,100,101161,100,99975,100,101178,100,99968,100
2019-06-28 09:55:25.849411405,100450,180,100438,216,100527,180,100431,180,100589,100,100427,180,100686,80,100421,180,100688,180,100269,100,100689,100,100109,100,100880,100,100106,100,101141,100,100022,100,101144,100,99975,100,101161,100,99968,100
2019-06-28 09:55:30.000000000,100450,209,100438,245,100527,206,100431,206,100589,206,100427,206,100688,100,100421,100,100689,100,100269,100,100880,100,100109,100,101141,100,100106,100,101144,100,100022,100,101161,100,99975,100,101178,100,99968,100
2019-06-28 09:55:40.000000000,100450,164,100438,200,100527,164,100431,164,100589,164,100427,164,100688,164,100421,164,100689,164,100269,164,100880,100,100109,100,101141,100,100106,100,101144,100,100022,100,101161,100,99975,100,101178,100,99968,100
2019-06-28 09:55:45.373941156,100450,164,100438,200,100527,164,100431,164,100589,164,100427,164,100688,164,100421,164,100689,164,100413,100,100880,100,100269,164,101141,100,100109,100,101144,100,100106,100,101161,100,100022,100,101178,100,99975,100
2019-06-28 09:55:50.000000000,100450,180,100438,216,100527,180,100431,180,100589,180,100427,180,100688,180,100421,180,100689,100,100413,100,100880,100,100269,100,101141,100,100109,100,101144,100,100106,100,101161,100,100022,100,101178,100,99975,100
2019-06-28 09:55:52.721833754,100450,180,100438,216,100527,180,100431,180,100589,180,100427,180,100688,180,100421,180,100689,100,100413,100,100880,100,100347,100,101141,100,100269,100,101144,100,100109,100,101161,100,100106,100,101178,100,100022,100
2019-06-28 09:55:58.040620101,100450,180,100438,216,100527,180,100431,180,100556,100,100427,180,100589,180,100421,180,100688,180,100347,100,100689,100,100269,100,100880,100,100109,100,101141,100,100106,100,101144,100,100022,100,101161,100,99975,100
2019-06-28 09:56:00.000000000,100450,420,100438,456,100527,100,100431,100,100556,100,100427,100,100589,100,100421,100,100688,100,100347,100,100689,100,100269,100,100880,100,100109,100,101141,100,100106,100,101144,100,100022,100,101161,100,99975,100
2019-06-28 09:56:10.000000000,100450,420,100438,456,100527,100,100431,100,100556,100,100427,100,100589,100,100421,100,100688,100,100347,100,100689,100,100269,100,100880,100,100109,100,101141,100,100106,100,101144,100,100022,100,101161,100,99975,100
2019-06-28 09:56:20.000000000,100450,420,100438,456,100527,100,100431,100,100556,100,100427,100,100589,100,100421,100,100688,100,100347,100,100689,100,100269,100,100880,100,100109,100,101141,100,100106,100,101144,100,100022,100,101161,100,99975,100
2019-06-28 09:56:24.455676768,100450,420,100438,456,100495,100,100431,100,100527,100,100427,100,100556,100,100421,100,100589,100,100347,100,100688,100,100269,100,100689,100,100109,100,100880,100,100106,100,101141,100,100022,100,101144,100,99975,100
2019-06-28 09:56:30.000000000,100450,420,100438,456,100495,100,100431,100,100527,100,100427,100,100556,100,100421,100,100589,100,100347,100,100688,100,100269,100,100689,100,100109,100,100880,100,100106,100,101141,100,100022,100,101144,100,99975,100
2019-06-28 09:56:33.185165827,100450,420,100438,456,100495,100,100431,100,100527,100,100427,100,100556,100,100421,100,100589,100,100347,100,100688,100,100306,100,100689,100,100269,100,100880,100,100109,100,101141,100,100106,100,101144,100,100022,100
2019-06-28 09:56:40.000000000,100450,209,100438,245,100495,206,100431,206,100527,206,100427,206,100556,100,100421,100,100589,100,100347,100,100688,100,100306,100,100689,100,100269,100,100880,100,100109,100,101141,100,100106,100,101144,100,100022,100
2019-06-28 09:56:50.000000000,100450,209,100438,245,100495,206,100431,206,100527,206,100427,206,100556,100,100421,100,100589,100,100347,100,100688,100,100306,100,100689,100,100269,100,100880,100,100109,100,101141,100,100106,100,101144,100,100022,100
2019-06-28 09:57:00.000000000,100450,180,100438,216,100495,180,100431,180,100527,180,100427,180,100556,180,100421,180,100589,100,100347,100,100688,100,100306,100,100689,100,100269,100,100880,100,100109,100,101141,100,100106,100,101144,100,100022,100
2019-06-28 09:57:03.667465844,100450,180,100438,116,100495,180,100431,180,100527,180,100427,180,100556,180,100421,180,100589,100,100347,100,100688,100,100306,100,100689,100,100109,100,100880,100,100106,100,101141,100,100022,100,101144,100,99975,100
2019-06-28 09:57:10.000000000,100450,180,100438,116,100495,180,100431,180,100527,180,100427,180,100556,180,100421,180,100589,100,100347,100,100688,100,100306,100,100689,100,100109,100,100880,100,100106,100,101141,100,100022,100,101144,100,99975,100
2019-06-28 09:57:20.000000000,100450,260,100438,196,100495,260,100431,260,100527,100,100427,100,100556,100,100421,100,100589,100,100347,100,100688,100,100306,100,100689,100,100109,100,100880,100,100106,100,101141,100,100022,100,101144,100,99975,100
2019-06-28 09:57:27.468464901,100450,260,100438,96,100495,260,100431,260,100527,100,100427,100,100556,100,100421,100,100589,100,100347,100,100689,100,100306,100,100880,100,100109,100,101141,100,100106,100,101144,100,100022,100,101161,100,99975,100
2019-06-28 09:57:30.000000000,100450,260,100431,260,100495,260,100427,260,100527,100,100421,100,100556,100,100347,100,100589,100,100306,100,100689,100,100109,100,100880,100,100106,100,101141,100,100022,100,101144,100,99975,100,101161,100,99968,100
2019-06-28 09:57:40.000000000,100450,420,100431,420,100495,100,100427,100,100527,100,100421,100,100556,100,100347,100,100589,100,100306,100,100689,100,100109,100,100880,100,100106,100,101141,100,100022,100,101144,100,99975,100,101161,100,99968,100
2019-06-28 09:57:50.000000000,100450,180,100431,180,100495,180,100427,180,100527,180,100421,180,100556,180,100347,180,100589,100,100306,100,100689,100,100109,100,100880,100,100106,100,101141,100,100022,100,101144,100,99975,100,101161,100,99968,100
2019-06-28 09:57:50.315726056,100450,80,100431,180,100495,180,100427,180,100527,180,100421,180,100556,180,100347,180,100589,100,100306,100,100689,100,100109,100,100880,100,100106,100,101141,100,100022,100,101144,100,99975,100,101161,100,99968,100
2019-06-28 09:58:00.000000000,100495,209,100431,209,100527,206,100427,206,100556,206,100421,206,100589,100,100347,100,100689,100,100306,100,100880,100,100109,100,101141,100,100106,100,101144,100,100022,100,101161,100,99975,100,101178,100,99968,100
2019-06-28 09:58:08.657994539,100449,100,100431,209,100495,209,100427,206,100527,206,100421,206,100556,206,100347,100,100589,100,100306,100,100689,100,100109,100,100880,100,100106,100,101141,100,100022,100,101144,100,99975,100,101161,100,99968,100
2019-06-28 09:58:10.000000000,100449,209,100431,209,100495,206,100427,206,100527,206,100421,206,100556,100,100347,100,100589,100,100306,100,100689,100,100109,100,100880,100,100106,100,101141,100,100022,100,101144,100,99975,100,101161,100,99968,100
2019-06-28 09:58:20.000000000,100449,420,100431,420,100495,100,100427,100,100527,100,100421,100,100556,100,100347,100,100589,100,100306,100,100689,100,100109,100,100880,100,100106,100,101141,100,100022,100,101144,100,99975,100,101161,100,99968,100
2019-06-28 09:58:29.025237739,100449,420,100431,420,100495,100,100427,200,100527,100,100421,100,100556,100,100347,100,100589,100,100306,100,100880,100,100109,100,101141,100,100106,100,101144,100,100022,100,101161,100,99975,100,101178,100,99968,100
2019-06-28 09:58:30.000000000,100449,209,100431,209,100495,206,100427,306,100527,206,100421,206,100556,100,100347,100,100589,100,100306,100,100880,100,100109,100,101141,100,100106,100,101144,100,100022,100,101161,100,99975,100,101178,100,99968,100
2019-06-28 09:58:37.506645550,100449,109,100431,209,100495,206,100427,306,100527,206,100421,206,100556,100,100347,100,100589,100,100306,100,100880,100,100109,100,101141,100,100106,100,101144,100,100022,100,101161,100,99975,100,101178,100,99968,100
2019-06-28 09:58:40.000000000,100495,164,100431,164,100527,164,100427,264,100556,164,100421,164,100589,164,100347,164,100880,164,100306,164,101141,100,100109,100,101144,100,100106,100,101161,100,100022,100,101178,100,99975,100,101273,100,99968,100
2019-06-28 09:58:41.471154957,100495,164,100431,164,100527,164,100427,264,100556,164,100421,164,100589,164,100347,164,100880,164,100306,164,101141,100,100222,100,101144,100,100109,100,101161,100,100106,100,101178,100,100022,100,101273,100,99975,100
2019-06-28 09:58:50.000000000,100495,209,100431,209,100527,206,100427,306,100556,206,100421,206,100589,100,100347,100,100880,100,100306,100,101141,100,100222,100,101144,100,100109,100,101161,100,100106,100,101178,100,100022,100,101273,100,99975,100
2019-06-28 09:59:00.000000000,100495,209,100431,209,100527,206,100427,306,100556,206,100421,206,100589,100,100347,100,100880,100,100306,100,101141,100,100222,100,101144,100,100109,100,101161,100,100106,100,101178,100,100022,100,101273,100,99975,100
2019-06-28 09:59:03.829288858,100448,100,100431,209,100495,209,100427,306,100527,206,100421,206,100556,206,100347,100,100589,100,100306,100,100880,100,100222,100,101141,100,100109,100,101144,100,100106,100,101161,100,100022,100,101178,100,99975,100
2019-06-28 09:59:06.648832328,100495,209,100431,209,100527,206,100427,306,100556,206,100421,206,100589,100,100347,100,100880,100,100306,100,101141,100,100222,100,101144,100,100109,100,101161,100,100106,100,101178,100,100022,100,101273,100,99975,100
2019-06-28 09:59:10.000000000,100495,260,100431,260,100527,260,100427,360,100556,100,100421,100,100589,100,100347,100,100880,100,100306,100,101141,100,100222,100,101144,100,100109,100,101161,100,100106,100,101178,100,100022,100,101273,100,99975,100
2019-06-28 09:59:20.000000000,100495,180,100431,180,100527,180,100427,280,100556,180,100421,180,100589,180,100347,180,100880,100,100306,100,101141,100,100222,100,101144,100,100109,100,101161,100,100106,100,101178,100,100022,100,101273,100,99975,100
2019-06-28 09:59:30.000000000,100495,260,100431,260,100527,260,100427,360,100556,100,100421,100,100589,100,100347,100,100880,100,100306,100,101141,100,100222,100,101144,100,100109,100,101161,100,100106,100,101178,100,100022,100,101273,100,99975,100
2019-06-28 09:59:40.000000000,100495,260,100431,260,100527,260,100427,360,100556,100,100421,100,100589,100,100347,100,100880,100,100306,100,101141,100,100222,100,101144,100,100109,100,101161,100,100106,100,101178,100,100022,100,101273,100,99975,100
2019-06-28 09:59:40.907474834,100456,100,100431,260,100495,260,100427,360,100527,260,100421,100,100556,100,100347,100,100589,100,100306,100,100880,100,100222,100,101141,100,100109,100,101144,100,100106,100,101161,100,100022,100,101178,100,99975,100
2019-06-28 09:59:46.906357363,100456,100,100431,260,100495,260,100427,360,100527,260,100421,100,100556,100,100347,100,100589,100,100306,100,100791,100,100222,100,100880,100,100109,100,101144,100,100106,100,101161,100,100022,100,101178,100,99975,100
2019-06-28 09:59:49.151819145,100495,260,100431,260,100527,260,100427,360,100556,100,100421,100,100589,100,100347,100,100791,100,100306,100,100880,100,100222,100,101144,100,100109,100,101161,100,100106,100,101178,100,100022,100,101273,100,99975,100
2019-06-28 09:59:50.000000000,100495,164,100431,164,100527,164,100427,264,100556,164,100421,164,100589,164,100347,164,100791,164,100306,164,100880,100,100222,100,101144,100,100109,100,101161,100,100106,100,101178,100,100022,100,101273,100,99975,100
2019-06-28 09:59:57.142044208,100495,164,100448,100,100527,164,100431,164,100556,164,100427,264,100589,164,100421,164,100791,164,100347,164,100880,100,100306,164,101144,100,100222,100,101161,100,100109,100,101178,100,100106,100,101273,100,100022,100
2019-06-28 10:00:00.000000000,100495,420,100448,420,100527,100,100431,100,100556,100,100427,200,100589,100,100421,100,100791,100,100347,100,100880,100,100306,100,101144,100,100222,100,101161,100,100109,100,101178,100,100106,100,101273,100,100022,100
2019-06-28 10:00:08.840303717,100495,420,100448,420,100496,100,100431,100,100527,100,100427,200,100556,100,100421,100,100589,100,100347,100,100791,100,100306,100,100880,100,100222,100,101144,100,100109,100,101161,100,100106,100,101178,100,100022,100
2019-06-28 10:00:10.000000000,100495,420,100448,420,100496,100,100431,100,100527,100,100427,200,100556,100,100421,100,100589,100,100347,100,100791,100,100306,100,100880,100,100222,100,101144,100,100109,100,101161,100,100106,100,101178,100,100022,100
2019-06-28 10:00:20.000000000,100495,209,100448,209,100496,206,100431,206,100527,206,100427,306,100556,100,100421,100,100589,100,100347,100,100791,100,100306,100,100880,100,100222,100,101144,100,100109,100,101161,100,100106,100,101178,100,100022,100
2019-06-28 10:00:30.000000000,100495,180,100448,180,100496,180,100431,180,100527,180,100427,280,100556,180,100421,180,100589,100,100347,100,100791,100,100306,100,100880,100,100222,100,101144,100,100109,100,101161,100,100106,100,101178,100,100022,100
2019-06-28 10:00:37.800469383,100495,180,100448,180,100496,180,100431,180,100527,180,100427,280,100556,180,100421,180,100589,100,100347,100,100791,100,100306,100,100880,100,100222,100,101144,100,100109,100,101161,100,100106,100,101178,100,100092,100
2019-06-28 10:00:37.976213728,100495,180,100448,80,100496,180,100431,180,100527,180,100427,280,100556,180,100421,180,100589,100,100347,100,100791,100,100306,100,100880,100,100222,100,101144,100,100109,100,101161,100,100106,100,101178,100,100092,100
2019-06-28 10:00:40.000000000,100495,209,100431,209,100496,206,100427,306,100527,206,100421,206,100556,100,100347,100,100589,100,100306,100,100791,100,100222,100,100880,100,100109,100,101144,100,100106,100,101161,100,100092,100,101178,100,100022,100
2019-06-28 10:00:46.546061636,100495,209,100449,100,100496,206,100431,209,100527,206,100427,306,100556,100,100421,206,100589,100,100347,100,100791,100,100306,100,100880,100,100222,100,101144,100,100109,100,101161,100,100106,100,101178,100,100092,100
2019-06-28 10:00:50.000000000,100495,180,100449,180,100496,180,100431,180,100527,180,100427,280,100556,180,100421,180,100589,100,100347,100,100791,100,100306,100,100880,100,100222,100,101144,100,100109,100,101161,100,100106,100,101178,100,100092,100
2019-06-28 10:01:00.000000000,100495,180,100449,180,100496,180,100431,180,100527,180,100427,280,100556,180,100421,180,100589,100,100347,100,100791,100,100306,100,100880,100,100222,100,101144,100,100109,100,101161,100,100106,100,101178,100,100092,100
2019-06-28 10:01:08.969384786,100495,180,100449,180,100496,180,100431,180,100527,180,100427,280,100556,180,100421,180,100589,100,100347,100,100791,100,100306,100,100810,100,100222,100,100880,100,100109,100,101144,100,100106,100,101161,100,100092,100
2019-06-28 10:01:10.000000000,100495,260,100449,260,100496,260,100431,260,100527,100,100427,200,100556,100,100421,100,100589,100,100347,100,100791,100,100306,100,100810,100,100222,100,100880,100,100109,100,101144,100,100106,100,101161,100,100092,100
2019-06-28 10:01:18.274179228,100495,260,100449,260,100496,260,100431,260,100527,100,100427,200,100556,100,100421,100,100589,100,100347,100,100613,100,100306,100,100791,100,100222,100,100810,100,100109,100,100880,100,100106,100,101144,100,100092,100
2019-06-28 10:01:20.000000000,100495,260,100449,260,100496,260,100431,260,100527,100,100427,200,100556,100,100421,100,100589,100,100347,100,100613,100,100306,100,100791,100,100222,100,100810,100,100109,100,100880,100,100106,100,101144,100,100092,100
2019-06-28 10:01:30.000000000,100495,209,100449,209,100496,206,100431,206,100527,206,100427,306,100556,100,100421,100,100589,100,100347,100,100613,100,100306,100,100791,100,100222,100,100810,100,100109,100,100880,100,100106,100,101144,100,100092,100
2019-06-28 10:01:33.677114595,100495,209,100449,209,100496,206,100431,206,100527,206,100427,306,100556,100,100421,100,100589,100,100347,100,100613,100,100306,100,100791,100,100222,100,100810,100,100210,100,100880,100,100109,100,101144,100,100106,100
2019-06-28 10:01:40.000000000,100495,180,100449,180,100496,180,100431,180,100527,180,100427,280,100556,180,100421,180,100589,100,100347,100,100613,100,100306,100,100791,100,100222,100,100810,100,100210,100,100880,100,100109,100,101144,100,100106,100
2019-06-28 10:01:50.000000000,100495,260,100449,260,100496,260,100431,260,100527,100,100427,200,100556,100,100421,100,100589,100,100347,100,100613,100,100306,100,100791,100,100222,100,100810,100,100210,100,100880,100,100109,100,101144,100,100106,100
2019-06-28 10:01:56.525359108,100495,60,100449,260,100496,260,100431,260,100527,100,100427,200,100556,100,100421,100,100589,100,100347,100,100613,100,100306,100,100791,100,100222,100,100810,100,100210,100,100880,100,100109,100,101144,100,100106,100
2019-06-28 10:02:00.000000000,100496,180,100449,180,100527,180,100431,180,100556,180,100427,280,100589,180,100421,180,100613,100,100347,100,100791,100,100306,100,100810,100,100222,100,100880,100,100210,100,101144,100,100109,100,101161,100,100106,100
2019-06-28 10:02:04.558538346,100496,180,100449,180,100527,180,100431,180,100556,180,100427,280,100589,180,100421,180,100613,100,100347,100,100789,100,100306,100,100791,100,100222,100,100810,100,100210,100,100880,100,100109,100,101144,100,100106,100
2019-06-28 10:02:10.000000000,100496,260,100449,260,100527,260,100431,260,100556,100,100427,200,100589,100,100421,100,100613,100,100347,100,100789,100,100306,100,100791,100,100222,100,100810,100,100210,100,100880,100,100109,100,101144,100,100106,100
2019-06-28 10:02:20.000000000,100496,180,100449,180,100527,180,100431,180,100556,180,100427,280,100589,180,100421,180,100613,100,100347,100,100789,100,100306,100,100791,100,100222,100,100810,100,100210,100,100880,100,100109,100,101144,100,100106,100
2019-06-28 10:02:30.000000000,100496,260,100449,260,100527,260,100431,260,100556,100,100427,200,100589,100,100421,100,100613,100,100347,100,100789,100,100306,100,100791,100,100222,100,100810,100,100210,100,100880,100,100109,100,101144,100,100106,100
2019-06-28 10:02:32.028202358,100496,260,100449,260,100527,260,100431,260,100556,100,100427,100,100589,100,100421,100,100613,100,100347,100,100789,100,100306,100,100791,100,100222,100,100810,100,100210,100,100880,100,100109,100,101144,100,100106,100
2019-06-28 10:02:40.000000000,100496,164,100449,164,100527,164,100431,164,100556,164,100427,164,100589,164,100421,164,100613,164,100347,164,100789,100,100306,100,100791,100,100222,100,100810,100,100210,100,100880,100,100109,100,101144,100,100106,100
2019-06-28 10:02:49.117459916,100476,100,100449,164,100496,164,100431,164,100527,164,100427,164,100556,164,100421,164,100589,164,100347,164,100613,164,100306,100,100789,100,100222,100,100791,100,100210,100,100810,100,100109,100,100880,100,100106,100
2019-06-28 10:02:50.000000000,100476,420,100449,420,100496,100,100431,100,100527,100,100427,100,100556,100,100421,100,100589,100,100347,100,100613,100,100306,100,100789,100,100222,100,100791,100,100210,100,100810,100,100109,100,100880,100,100106,100
2019-06-28 10:03:00.000000000,100476,164,100449,164,100496,164,100431,164,100527,164,100427,164,100556,164,100421,164,100589,164,100347,164,100613,100,100306,100,100789,100,100222,100,100791,100,100210,100,100810,100,100109,100,100880,100,100106,100
2019-06-28 10:03:10.000000000,100476,209,100449,209,100496,206,100431,206,100527,206,100427,206,100556,100,100421,100,100589,100,100347,100,100613,100,100306,100,100789,100,100222,100,100791,100,100210,100,100810,100,100109,100,100880,100,100106,100
2019-06-28 10:03:20.000000000,100476,420,100449,420,100496,100,100431,100,100527,100,100427,100,100556,100,100421,100,100589,100,100347,100,100613,100,100306,100,100789,100,100222,100,100791,100,100210,100,100810,100,100109,100,100880,100,100106,100
2019-06-28 10:03:25.735432620,100476,420,100449,420,100496,100,100431,100,100527,100,100427,100,100556,100,100421,100,100589,100,100347,100,100613,100,100306,100,100789,100,100222,100,100791,100,100210,100,100810,100,100109,100,100880,100,100106,100
2019-06-28 10:03:26.431650378,100476,420,100449,420,100496,100,100431,100,100527,100,100427,100,100556,100,100421,100,100589,100,100347,100,100613,100,100306,100,100789,100,100248,100,100791,100,100222,100,100810,100,100210,100,101144,100,100109,100
2019-06-28 10:03:30.000000000,100476,420,100449,420,100496,100,100431,100,100527,100,100427,100,100556,100,100421,100,100589,100,100347,100,100613,100,100306,100,100789,100,100248,100,100791,100,100222,100,100810,100,100210,100,101144,100,100109,100
2019-06-28 10:03:35.899524742,100476,420,100449,420,100496,100,100431,100,100527,100,100427,100,100556,100,100347,100,100589,100,100306,100,100613,100,100248,100,100789,100,100222,100,100791,100,100210,100,100810,100,100109,100,101144,100,100106,100
2019-06-28 10:03:40.000000000,100476,164,100449,164,100496,164,100431,164,100527,164,100427,164,100556,164,100347,164,100589,164,100306,164,100613,100,100248,100,100789,100,100222,100,100791,100,100210,100,100810,100,100109,100,101144,100,100106,100
2019-06-28 10:03:41.473115856,100476,164,100449,164,100494,100,100431,164,100496,164,100427,164,100527,164,100347,164,100556,164,100306,164,100589,164,100248,100,100613,100,100222,100,100789,100,100210,100,100791,100,100109,100,100810,100,100106,100
2019-06-28 10:03:50.000000000,100476,180,100449,180,100494,180,100431,180,100496,180,100427,180,100527,180,100347,180,100556,100,100306,100,100589,100,100248,100,100613,100,100222,100,100789,100,100210,100,100791,100,100109,100,100810,100,100106,100
2019-06-28 10:04:00.000000000,100476,209,100449,209,100494,206,100431,206,100496,206,100427,206,100527,100,100347,100,100556,100,100306,100,100589,100,100248,100,100613,100,100222,100,100789,100,100210,100,100791,100,100109,100,100810,100,100106,100
2019-06-28 10:04:06.781144851,100476,209,100449,109,100494,306,100431,206,100496,206,100427,206,100527,100,100347,100,100556,100,100306,100,100589,100,100248,100,100613,100,100222,100,100789,100,100210,100,100791,100,100109,100,100810,100,100106,100
2019-06-28 10:04:10.000000000,100476,180,100431,180,100494,280,100427,180,100496,180,100347,180,100527,180,100306,180,100556,100,100248,100,100589,100,100222,100,100613,100,100210,100,100789,100,100109,100,100791,100,100106,100,100810,100,100092,100
2019-06-28 10:04:17.107035762,100476,180,100431,80,100494,280,100427,180,100496,180,100347,180,100527,180,100306,180,100556,100,100248,100,100589,100,100222,100,100613,100,100210,100,100789,100,100109,100,100791,100,100106,100,100810,100,100092,100
2019-06-28 10:04:20.000000000,100476,180,100427,180,100494,280,100347,180,100496,180,100306,180,100527,180,100248,180,100556,100,100222,100,100589,100,100210,100,100613,100,100109,100,100789,100,100106,100,100791,100,100092,100,100810,100,100022,100
2019-06-28 10:04:30.000000000,100476,180,100427,180,100494,280,100347,180,100496,180,100306,180,100527,180,100248,180,100556,100,100222,100,100589,100,100210,100,100613,100,100109,100,100789,100,100106,100,100791,100,100092,100,100810,100,100022,100
2019-06-28 10:04:30.700216124,100475,100,100427,180,100476,180,100347,180,100494,180,100306,180,100496,180,100248,180,100527,180,100222,100,100556,100,100210,100,100589,100,100109,100,100613,100,100106,100,100789,100,100092,100,100791,100,100022,100
2019-06-28 10:04:31.579113063,100475,100,100427,180,100476,180,100347,180,100494,180,100306,80,100496,180,100248,180,100527,180,100222,100,100556,100,100210,100,100589,100,100109,100,100613,100,100106,100,100789,100,100101,100,100791,100,100092,100
2019-06-28 10:04:40.000000000,100475,420,100427,420,100476,100,100347,100,100494,100,100248,100,100496,100,100222,100,100527,100,100210,100,100556,100,100109,100,100589,100,100106,100,100613,100,100101,100,100789,100,100092,100,100791,100,100022,100
2019-06-28 10:04:47.312173697,100475,420,100427,420,100476,100,100347,100,100494,100,100248,100,100496,100,100222,100,100527,100,100210,100,100556,100,100109,100,100589,100,100106,100,100613,100,100101,100,100789,100,100022,100,100791,100,99975,100
2019-06-28 10:04:50.000000000,100475,180,100427,180,100476,180,100347,180,100494,180,100248,180,100496,180,100222,180,100527,100,100210,100,100556,100,100109,100,100589,100,100106,100,100613,100,100101,100,100789,100,100022,100,100791,100,99975,100
2019-06-28 10:05:00.000000000,100475,180,100427,180,100476,180,100347,180,100494,180,100248,180,100496,180,100222,180,100527,100,100210,100,100556,100,100109,100,100589,100,100106,100,100613,100,100101,100,100789,100,100022,100,100791,100,99975,100
2019-06-28 10:05:10.000000000,100475,260,100427,260,100476,260,100347,260,100494,100,100248,100,100496,100,100222,100,100527,100,100210,100,100556,100,100109,100,100589,100,100106,100,100613,100,100101,100,100789,100,100022,100,100791,100,99975,100
2019-06-28 10:05:20.000000000,100475,260,100427,260,100476,260,100347,260,100494,100,100248,100,100496,100,100222,100,100527,100,100210,100,100556,100,100109,100,100589,100,100106,100,100613,100,100101,100,100789,100,100022,100,100791,100,99975,100
2019-06-28 10:05:23.563759419,100475,260,100427,60,100476,260,100347,260,100494,100,100248,100,100496,100,100222,100,100527,100,100210,100,100556,100,100109,100,100589,100,100106,100,100613,100,100101,100,100789,100,100022,100,100791,100,99975,100
2019-06-28 10:05:30.000000000,100475,209,100347,209,100476,206,100248,206,100494,206,100222,206,100496,100,100210,100,100527,100,100109,100,100556,100,100106,100,100589,100,100101,100,100613,100,100022,100,100789,100,99975,100,100791,100,99895,100
2019-06-28 10:05:40.000000000,100475,260,100347,260,100476,260,100248,260,100494,100,100222,100,100496,100,100210,100,100527,100,100109,100,100556,100,100106,100,100589,100,100101,100,100613,100,100022,100,100789,100,99975,100,100791,100,99895,100
2019-06-28 10:05:40.692206968,100475,260,100347,260,100476,260,100248,260,100490,100,100222,100,100494,100,100210,100,100496,100,100109,100,100527,100,100106,100,100556,100,100101,100,100589,100,100022,100,100613,100,99975,100,100789,100,99895,100
2019-06-28 10:05:42.348659510,100449,100,100347,260,100475,260,100248,260,100476,260,100222,100,100490,100,100210,100,100494,100,100109,100,100496,100,100106,100,100527,100,100101,100,100556,100,99975,100,100589,100,99895,100,100613,100,99834,100
2019-06-28 10:05:46.317057323,100449,100,100347,260,100454,100,100248,260,100475,260,100222,100,100476,260,100210,100,100490,100,100109,100,100494,100,100106,100,100496,100,100101,100,100527,100,99975,100,100556,100,99895,100,100589,100,99834,100
2019-06-28 10:05:50.000000000,100449,164,100347,164,100454,164,100248,164,100475,164,100222,164,100476,164,100210,164,100490,164,100109,164,100494,100,100106,100,100496,100,100101,100,100527,100,99975,100,100556,100,99895,100,100589,100,99834,100
2019-06-28 10:06:00.000000000,100449,164,100347,164,100454,164,100248,164,100475,164,100222,164,100476,164,100210,164,100490,164,100109,164,100494,100,100106,100,100496,100,100101,100,100527,100,99975,100,100556,100,99895,100,100589,100,99834,100
2019-06-28 10:06:00.086361100,100449,164,100347,164,100454,164,100248,164,100475,164,100222,164,100476,164,100210,164,100490,164,100109,164,100494,100,100106,100,100496,100,100101,100,100520,100,99975,100,100527,100,99895,100,100556,100,99834,100
2019-06-28 10:06:00.824469210,100449,64,100347,164,100454,164,100248,164,100475,164,100222,164,100476,164,100210,164,100490,164,100109,164,100494,100,100106,100,100496,100,100101,100,100520,100,99975,100,100527,100,99895,100,100556,100,99834,100
2019-06-28 10:06:10.000000000,100454,209,100347,209,100475,206,100248,206,100476,206,100222,206,100490,100,100210,100,100494,100,100109,100,100496,100,100106,100,100520,100,100101,100,100527,100,99975,100,100556,100,99895,100,100589,100,99834,100
2019-06-28 10:06:20.000000000,100454,260,100347,260,100475,260,100248,260,100476,100,100222,100,100490,100,100210,100,100494,100,100109,100,100496,100,100106,100,100520,100,100101,100,100527,100,99975,100,100556,100,99895,100,100589,100,99834,100
