,ask_price_1,ask_size_1,bid_price_1,bid_size_1,ask_price_2,ask_size_2,bid_price_2,bid_size_2,ask_price_3,ask_size_3,bid_price_3,bid_size_3,ask_price_4,ask_size_4,bid_price_4,bid_size_4,ask_price_5,ask_size_5,bid_price_5,bid_size_5,ask_price_6,ask_size_6,bid_price_6,bid_size_6,ask_price_7,ask_size_7,bid_price_7,bid_size_7,ask_price_8,ask_size_8,bid_price_8,bid_size_8,ask_price_9,ask_size_9,bid_price_9,bid_size_9,ask_price_10,ask_size_10,bid_price_10,bid_size_10
2019-06-28 09:30:00.000000000,,,99945,100,,,,,,,,,,,,,,,,,,,,,,,,,,,,,,,,,,,,
2019-06-28 09:30:00.000000002,100004,100,99945,100,,,,,,,,,,,,,,,,,,,,,,,,,,,,,,,,,,,,
2019-06-28 09:30:00.000000003,99949,100,99945,100,100004,100,,,,,,,,,,,,,,,,,,,,,,,,,,,,,,,,,,
2019-06-28 09:30:00.000000004,99949,100,99945,100,100004,100,,,100128,100,,,,,,,,,,,,,,,,,,,,,,,,,,,,,,
2019-06-28 09:30:00.000000006,99949,100,99945,100,100004,100,,,100071,100,,,100128,100,,,,,,,,,,,,,,,,,,,,,,,,,,
2019-06-28 09:30:00.000000007,99949,100,99945,100,99957,100,,,100004,100,,,100022,100,,,100071,100,,,100128,100,,,,,,,,,,,,,,,,,,
2019-06-28 09:30:00.000000009,99957,100,99945,100,100004,100,,,100022,100,,,100071,100,,,100128,100,,,,,,,,,,,,,,,,,,,,,,
2019-06-28 09:30:00.000000010,99957,100,99945,100,100004,100,99861,100,100022,100,,,100071,100,,,100128,100,,,,,,,,,,,,,,,,,,,,,,
2019-06-28 09:30:00.000000013,99957,100,99945,100,100004,100,99861,100,100019,100,,,100022,100,,,100071,100,,,100128,100,,,,,,,,,,,,,,,,,,
2019-06-28 09:30:00.000000015,99957,100,99945,100,99986,100,99861,100,99998,100,,,100004,100,,,100019,100,,,100022,100,,,100071,100,,,100128,100,,,,,,,,,,
2019-06-28 09:30:00.000000016,99957,100,99945,200,99986,100,99861,100,99998,100,,,100004,100,,,100019,100,,,100022,100,,,100071,100,,,100128,100,,,,,,,,,,
2019-06-28 09:30:00.000000019,99957,100,99945,200,99986,100,99861,100,99998,100,,,100004,100,,,100019,100,,,100022,100,,,100061,100,,,100071,100,,,100128,100,,,,,,
2019-06-28 09:30:00.000000020,99957,100,99945,200,99986,100,99861,100,99998,100,,,100004,100,,,100019,100,,,100022,100,,,100061,100,,,100070,100,,,100071,100,,,100128,100,,
2019-06-28 09:30:00.000000023,99986,100,99945,200,99998,100,99861,100,100004,100,99808,100,100019,100,,,100022,100,,,100061,100,,,100070,100,,,100071,100,,,100128,100,,,,,,
2019-06-28 09:30:00.000000024,99986,100,99945,100,99998,100,99861,100,100004,100,99808,100,100019,100,,,100022,100,,,100061,100,,,100070,100,,,100071,100,,,100128,100,,,,,,
2019-06-28 09:30:00.000000026,99998,100,99945,100,100004,100,99861,100,100019,100,99808,100,100022,100,,,100061,100,,,100070,100,,,100071,100,,,100128,100,,,,,,,,,,
2019-06-28 09:30:00.000000028,99998,100,99988,100,100004,100,99945,100,100019,100,99861,100,100022,100,99808,100,100061,100,,,100070,100,,,100071,100,,,100128,100,,,,,,,,,,
2019-06-28 09:30:00.000000030,99998,100,99988,100,100004,100,99945,200,100019,100,99861,100,100022,100,99808,100,100061,100,,,100070,100,,,100071,100,,,100128,100,,,,,,,,,,
2019-06-28 09:30:00.000000031,100004,100,99988,100,100019,100,99945,200,100022,100,99861,100,100061,100,99808,100,100070,100,,,100071,100,,,100128,100,,,,,,,,,,,,,,
2019-06-28 09:30:00.000000032,100019,100,100007,100,100022,100,99988,100,100061,100,99945,200,100070,100,99861,100,100071,100,99808,100,100128,100,,,100141,100,,,100161,100,,,,,,,,,,
2019-06-28 09:30:00.000000033,100019,100,100007,100,100022,100,99988,100,100033,100,99945,200,100061,100,99861,100,100070,100,99808,100,100071,100,,,100128,100,,,100141,100,,,100161,100,,,,,,
2019-06-28 09:30:00.000000034,100019,100,99988,100,100022,100,99945,200,100033,100,99861,100,100061,100,99808,100,100070,100,,,100071,100,,,100128,100,,,100141,100,,,100161,100,,,,,,
2019-06-28 09:30:00.000000040,100007,100,99988,100,100019,100,99945,200,100022,100,99862,100,100033,100,99861,100,100061,100,99848,100,100070,100,99808,100,100071,100,,,100128,100,,,100141,100,,,100161,100,,
2019-06-28 09:30:00.000000041,100007,100,99988,100,100019,100,99945,200,100022,100,99862,100,100033,100,99861,100,100061,100,99848,100,100070,100,99808,100,100071,100,,,100108,100,,,100128,100,,,100141,100,,
2019-06-28 09:30:00.000000043,100007,100,99988,100,100019,100,99945,200,100022,100,99895,100,100033,100,99862,100,100061,100,99861,100,100070,100,99848,100,100071,100,99808,100,100108,100,,,100128,100,,,100141,100,,
2019-06-28 09:30:00.000000044,100019,100,100004,100,100022,100,99988,100,100033,100,99945,200,100061,100,99895,100,100070,100,99862,100,100071,100,99861,100,100108,100,99848,100,100128,100,99808,100,100141,100,,,100161,100,,
2019-06-28 09:30:00.000000045,100019,100,99988,100,100022,100,99945,200,100033,100,99895,100,100061,100,99862,100,100070,100,99861,100,100071,100,99848,100,100108,100,99808,100,100128,100,,,100141,100,,,100161,100,,
2019-06-28 09:30:00.000000048,100019,100,99988,100,100022,100,99945,200,100033,100,99895,100,100061,100,99862,100,100070,100,99861,100,100071,100,99848,100,100108,100,99808,100,100113,100,,,100128,100,,,100141,100,,
2019-06-28 09:30:00.000000050,100022,100,99988,100,100033,100,99945,200,100061,100,99895,100,100070,100,99862,100,100071,100,99861,100,100108,100,99848,100,100113,100,99808,100,100128,100,,,100141,100,,,100161,100,,
2019-06-28 09:30:00.000000051,100022,100,99988,100,100033,100,99945,200,100035,100,99895,100,100061,100,99862,100,100070,100,99861,100,100071,100,99848,100,100108,100,99808,100,100113,100,,,100128,100,,,100141,100,,
2019-06-28 09:30:00.000000052,100022,100,99988,100,100033,100,99950,100,100035,100,99945,200,100061,100,99895,100,100070,100,99862,100,100071,100,99861,100,100108,100,99848,100,100113,100,99808,100,100128,100,,,100141,100,,
2019-06-28 09:30:00.000000054,100022,100,99988,100,100033,100,99950,100,100035,100,99945,200,100061,100,99895,100,100070,100,99862,100,100071,100,99861,100,100108,100,99848,100,100113,100,99808,100,100128,100,,,100141,100,,
2019-06-28 09:30:00.000000058,100022,100,99988,100,100033,100,99950,100,100035,100,99945,200,100061,100,99895,100,100070,100,99862,100,100071,100,99861,100,100080,100,99848,100,100108,100,99808,100,100113,100,,,100128,100,,
2019-06-28 09:30:00.000000065,100022,100,99988,100,100033,100,99950,100,100035,100,99945,200,100061,100,99895,100,100070,100,99862,100,100071,100,99861,100,100073,100,99848,100,100080,100,99808,100,100108,100,,,100113,100,,
2019-06-28 09:30:00.000000070,100033,100,99988,100,100035,100,99950,100,100061,100,99945,200,100070,100,99895,100,100071,100,99862,100,100073,100,99861,100,100080,100,99848,100,100108,100,99808,100,100113,100,,,100128,100,,
2019-06-28 09:30:00.000000074,100033,100,99988,100,100035,100,99950,100,100061,100,99945,200,100070,100,99895,100,100071,100,99883,100,100073,100,99862,100,100080,100,99861,100,100108,100,99848,100,100113,100,99808,100,100128,100,,
2019-06-28 09:30:00.000000078,100033,100,99988,100,100035,100,99950,100,100061,100,99947,100,100070,100,99945,200,100071,100,99895,100,100073,100,99883,100,100080,100,99862,100,100108,100,99861,100,100113,100,99848,100,100128,100,99808,100
2019-06-28 09:30:00.000000080,100033,100,99988,100,100035,100,99950,100,100055,100,99947,100,100061,100,99945,200,100070,100,99895,100,100071,100,99883,100,100073,100,99862,100,100080,100,99861,100,100108,100,99848,100,100113,100,99808,100
2019-06-28 09:30:00.000000082,100033,100,99988,100,100035,100,99950,100,100052,100,99947,100,100053,100,99945,200,100055,100,99895,100,100061,100,99883,100,100070,100,99862,100,100071,100,99861,100,100073,100,99848,100,100080,100,99808,100
2019-06-28 09:30:00.000000089,100033,100,99988,100,100035,100,99960,100,100052,100,99950,100,100053,100,99947,100,100055,100,99945,200,100061,100,99907,100,100070,100,99895,100,100071,100,99883,100,100073,100,99862,100,100080,100,99861,100
2019-06-28 09:30:00.000000092,100014,100,99988,100,100033,100,99960,100,100035,100,99950,100,100052,100,99947,100,100053,100,99945,200,100055,100,99907,100,100061,100,99895,100,100070,100,99883,100,100071,100,99862,100,100073,100,99861,100
2019-06-28 09:30:00.000000094,100014,100,99988,100,100033,100,99960,100,100035,100,99950,100,100052,100,99947,100,100053,100,99945,200,100055,100,99907,100,100061,100,99895,100,100070,100,99883,100,100071,100,99862,100,100073,100,99861,100
2019-06-28 09:30:00.000000095,100014,100,99988,100,100022,100,99960,100,100033,100,99950,100,100035,100,99947,100,100052,100,99945,200,100053,100,99907,100,100055,100,99895,100,100061,100,99883,100,100070,100,99862,100,100071,100,99861,100
2019-06-28 09:30:00.000000097,100014,100,99988,100,100022,100,99960,100,100033,100,99950,100,100035,100,99947,100,100052,100,99945,200,100053,100,99907,100,100055,100,99895,100,100061,100,99883,100,100070,100,99862,200,100071,100,99861,100
2019-06-28 09:30:00.000000099,100022,100,99988,100,100033,100,99960,100,100035,100,99950,100,100052,100,99947,100,100053,100,99945,200,100055,100,99907,100,100061,100,99895,100,100070,100,99883,100,100071,100,99862,200,100073,100,99861,100
2019-06-28 09:30:10.000000000,100022,183,99988,183,100033,183,99960,183,100035,183,99950,183,100052,183,99947,183,100053,183,99945,283,100055,100,99907,100,100061,100,99895,100,100070,100,99883,100,100071,100,99862,200,100073,100,99861,100
2019-06-28 09:30:14.015864656,100022,183,99988,183,100033,183,99960,183,100035,183,99950,183,100052,183,99947,183,100053,183,99945,283,100055,100,99907,100,100061,100,99895,100,100070,100,99883,100,100071,100,99862,200,100073,100,99861,100
2019-06-28 09:30:20.000000000,100022,183,99988,183,100033,183,99960,183,100035,183,99950,183,100052,183,99947,183,100053,183,99945,283,100055,100,99907,100,100061,100,99895,100,100070,100,99883,100,100071,100,99862,200,100073,100,99861,100
2019-06-28 09:30:30.000000000,100022,514,99988,514,100033,100,99960,100,100035,100,99950,100,100052,100,99947,100,100053,100,99945,200,100055,100,99907,100,100061,100,99895,100,100070,100,99883,100,100071,100,99862,200,100073,100,99861,100
2019-06-28 09:30:40.000000000,100022,204,99988,204,100033,204,99960,204,100035,204,99950,204,100052,204,99947,204,100053,100,99945,200,100055,100,99907,100,100061,100,99895,100,100070,100,99883,100,100071,100,99862,200,100073,100,99861,100
2019-06-28 09:30:47.691032750,100022,204,99988,204,100033,204,99960,204,100035,204,99950,204,100052,204,99947,204,100053,100,99945,100,100055,100,99907,100,100061,100,99895,100,100070,100,99883,100,100071,100,99862,200,100073,100,99861,100
2019-06-28 09:30:50.000000000,100022,514,99988,514,100033,100,99960,100,100035,100,99950,100,100052,100,99947,100,100053,100,99945,100,100055,100,99907,100,100061,100,99895,100,100070,100,99883,100,100071,100,99862,200,100073,100,99861,100
2019-06-28 09:31:00.000000000,100022,241,99988,241,100033,237,99960,237,100035,237,99950,237,100052,100,99947,100,100053,100,99945,100,100055,100,99907,100,100061,100,99895,100,100070,100,99883,100,100071,100,99862,200,100073,100,99861,100
2019-06-28 09:31:00.764752115,100022,241,100014,100,100033,237,99988,241,100035,237,99960,237,100052,100,99950,237,100053,100,99947,100,100055,100,99945,100,100061,100,99907,100,100070,100,99895,100,100071,100,99883,100,100073,100,99862,200
2019-06-28 09:31:06.549034776,100022,241,100014,100,100033,237,99988,241,100035,237,99960,237,100052,100,99950,237,100053,100,99947,100,100055,100,99945,100,100061,100,99907,100,100070,100,99895,100,100071,100,99883,100,100073,100,99862,200
2019-06-28 09:31:10.000000000,100022,514,100014,514,100033,100,99988,100,100035,100,99960,100,100052,100,99950,100,100053,100,99947,100,100055,100,99945,100,100061,100,99907,100,100070,100,99895,100,100071,100,99883,100,100073,100,99862,200
2019-06-28 09:31:16.228037665,100022,514,100014,614,100033,100,99988,100,100035,100,99960,100,100052,100,99950,100,100053,100,99947,100,100055,100,99945,100,100061,100,99907,100,100070,100,99895,100,100071,100,99883,100,100073,100,99862,200
2019-06-28 09:31:20.000000000,100022,183,100014,283,100033,183,99988,183,100035,183,99960,183,100052,183,99950,183,100053,183,99947,183,100055,100,99945,100,100061,100,99907,100,100070,100,99895,100,100071,100,99883,100,100073,100,99862,200
2019-06-28 09:31:30.000000000,100022,183,100014,283,100033,183,99988,183,100035,183,99960,183,100052,183,99950,183,100053,183,99947,183,100055,100,99945,100,100061,100,99907,100,100070,100,99895,100,100071,100,99883,100,100073,100,99862,200
2019-06-28 09:31:40.000000000,100022,204,100014,304,100033,204,99988,204,100035,204,99960,204,100052,204,99950,204,100053,100,99947,100,100055,100,99945,100,100061,100,99907,100,100070,100,99895,100,100071,100,99883,100,100073,100,99862,200
2019-06-28 09:31:43.220141813,100022,104,100014,304,100033,204,99988,204,100035,204,99960,204,100052,204,99950,204,100053,100,99947,100,100055,100,99945,100,100061,100,99907,100,100070,100,99895,100,100071,100,99883,100,100073,100,99862,200
2019-06-28 09:31:50.000000000,100033,183,100014,283,100035,183,99988,183,100052,183,99960,183,100053,183,99950,183,100055,183,99947,183,100061,100,99945,100,100070,100,99907,100,100071,100,99895,100,100073,100,99883,100,100080,100,99862,200
2019-06-28 09:31:56.510583409,100021,100,100014,283,100033,183,99988,183,100035,183,99960,183,100052,183,99950,183,100053,183,99947,183,100055,183,99945,100,100061,100,99907,100,100070,100,99895,100,100071,100,99883,100,100073,100,99862,200
2019-06-28 09:32:00.000000000,100021,183,100014,283,100033,183,99988,183,100035,183,99960,183,100052,183,99950,183,100053,183,99947,183,100055,100,99945,100,100061,100,99907,100,100070,100,99895,100,100071,100,99883,100,100073,100,99862,200
2019-06-28 09:32:02.177992443,100021,183,100014,283,100026,100,99988,183,100033,183,99960,183,100035,183,99950,183,100052,183,99947,183,100053,183,99945,100,100055,100,99907,100,100061,100,99895,100,100070,100,99883,100,100073,100,99862,200
2019-06-28 09:32:10.000000000,100021,204,100014,304,100026,204,99988,204,100033,204,99960,204,100035,204,99950,204,100052,100,99947,100,100053,100,99945,100,100055,100,99907,100,100061,100,99895,100,100070,100,99883,100,100073,100,99862,200
2019-06-28 09:32:13.211748176,100021,304,100014,304,100026,204,99988,204,100033,204,99960,204,100035,204,99950,204,100052,100,99947,100,100053,100,99945,100,100055,100,99907,100,100061,100,99895,100,100070,100,99883,100,100073,100,99862,200
2019-06-28 09:32:20.000000000,100021,304,100014,304,100026,204,99988,204,100033,204,99960,204,100035,204,99950,204,100052,100,99947,100,100053,100,99945,100,100055,100,99907,100,100061,100,99895,100,100070,100,99883,100,100073,100,99862,200
2019-06-28 09:32:28.218101649,100021,304,100014,304,100026,204,99988,204,100033,204,99960,204,100035,204,99950,204,100052,100,99947,100,100053,100,99945,100,100055,100,99939,100,100061,100,99907,100,100070,100,99895,100,100073,100,99862,200
2019-06-28 09:32:30.000000000,100021,341,100014,341,100026,237,99988,237,100033,237,99960,237,100035,100,99950,100,100052,100,99947,100,100053,100,99945,100,100055,100,99939,100,100061,100,99907,100,100070,100,99895,100,100073,100,99862,200
2019-06-28 09:32:31.751733982,100021,341,100014,341,100026,237,99988,237,100033,237,99960,237,100035,100,99950,100,100052,100,99947,100,100053,100,99945,100,100055,100,99939,100,100061,100,99907,100,100070,100,99895,100,100073,100,99862,200
2019-06-28 09:32:36.515600874,100021,341,100014,341,100026,237,99988,237,100033,237,99960,237,100035,100,99950,100,100052,100,99947,100,100055,100,99945,100,100061,100,99939,100,100070,100,99922,100,100073,100,99907,100,100080,100,99895,100
2019-06-28 09:32:37.686029325,100021,341,100014,241,100026,237,99988,237,100033,237,99960,237,100035,100,99950,100,100052,100,99947,100,100055,100,99945,100,100061,100,99939,100,100070,100,99922,100,100073,100,99907,100,100080,100,99895,100
2019-06-28 09:32:39.298364336,100021,241,100014,241,100026,237,99988,237,100033,237,99960,237,100035,100,99950,100,100052,100,99947,100,100055,100,99945,100,100061,100,99939,100,100070,100,99922,100,100073,100,99907,100,100080,100,99895,100
2019-06-28 09:32:40.000000000,100021,514,100014,514,100026,100,99988,100,100033,100,99960,100,100035,100,99950,100,100052,100,99947,100,100055,100,99945,100,100061,100,99939,100,100070,100,99922,100,100073,100,99907,100,100080,100,99895,100
2019-06-28 09:32:50.000000000,100021,307,100014,307,100026,307,99988,307,100033,100,99960,100,100035,100,99950,100,100052,100,99947,100,100055,100,99945,100,100061,100,99939,100,100070,100,99922,100,100073,100,99907,100,100080,100,99895,100
2019-06-28 09:33:00.000000000,100021,241,100014,241,100026,237,99988,237,100033,237,99960,237,100035,100,99950,100,100052,100,99947,100,100055,100,99945,100,100061,100,99939,100,100070,100,99922,100,100073,100,99907,100,100080,100,99895,100
2019-06-28 09:33:10.000000000,100021,204,100014,204,100026,204,99988,204,100033,204,99960,204,100035,204,99950,204,100052,100,99947,100,100055,100,99945,100,100061,100,99939,100,100070,100,99922,100,100073,100,99907,100,100080,100,99895,100
2019-06-28 09:33:20.000000000,100021,204,100014,204,100026,204,99988,204,100033,204,99960,204,100035,204,99950,204,100052,100,99947,100,100055,100,99945,100,100061,100,99939,100,100070,100,99922,100,100073,100,99907,100,100080,100,99895,100
2019-06-28 09:33:30.000000000,100021,514,100014,514,100026,100,99988,100,100033,100,99960,100,100035,100,99950,100,100052,100,99947,100,100055,100,99945,100,100061,100,99939,100,100070,100,99922,100,100073,100,99907,100,100080,100,99895,100
2019-06-28 09:33:40.000000000,100021,204,100014,204,100026,204,99988,204,100033,204,99960,204,100035,204,99950,204,100052,100,99947,100,100055,100,99945,100,100061,100,99939,100,100070,100,99922,100,100073,100,99907,100,100080,100,99895,100
2019-06-28 09:33:50.000000000,100021,514,100014,514,100026,100,99988,100,100033,100,99960,100,100035,100,99950,100,100052,100,99947,100,100055,100,99945,100,100061,100,99939,100,100070,100,99922,100,100073,100,99907,100,100080,100,99895,100
2019-06-28 09:34:00.000000000,100021,204,100014,204,100026,204,99988,204,100033,204,99960,204,100035,204,99950,204,100052,100,99947,100,100055,100,99945,100,100061,100,99939,100,100070,100,99922,100,100073,100,99907,100,100080,100,99895,100
2019-06-28 09:34:10.000000000,100021,183,100014,183,100026,183,99988,183,100033,183,99960,183,100035,183,99950,183,100052,183,99947,183,100055,100,99945,100,100061,100,99939,100,100070,100,99922,100,100073,100,99907,100,100080,100,99895,100
2019-06-28 09:34:18.442695515,100021,183,100014,83,100026,183,99988,183,100033,183,99960,183,100035,183,99950,183,100052,183,99947,183,100055,100,99945,100,100061,100,99939,100,100070,100,99922,100,100073,100,99907,100,100080,100,99895,100
2019-06-28 09:34:20.000000000,100021,183,99988,183,100026,183,99960,183,100033,183,99950,183,100035,183,99947,183,100052,183,99945,183,100055,100,99939,100,100061,100,99922,100,100070,100,99907,100,100073,100,99895,100,100080,100,99862,200
2019-06-28 09:34:30.000000000,100021,183,99988,183,100026,183,99960,183,100033,183,99950,183,100035,183,99947,183,100052,183,99945,183,100055,100,99939,100,100061,100,99922,100,100070,100,99907,100,100073,100,99895,100,100080,100,99862,200
2019-06-28 09:34:30.329282612,100021,183,99988,83,100026,183,99960,183,100033,183,99950,183,100035,183,99947,83,100052,183,99945,183,100055,100,99939,100,100061,100,99922,100,100070,100,99907,100,100073,100,99895,100,100080,100,99862,200
2019-06-28 09:34:40.000000000,100021,307,99960,307,100026,307,99950,307,100033,100,99945,100,100035,100,99939,100,100052,100,99922,100,100055,100,99907,100,100061,100,99895,100,100070,100,99862,200,100073,100,99861,100,100080,100,99848,100
2019-06-28 09:34:43.733063687,100021,307,99960,307,100026,307,99950,307,100033,100,99945,100,100035,100,99939,100,100052,100,99922,100,100055,100,99917,100,100061,100,99907,100,100070,100,99895,100,100073,100,99862,200,100080,100,99861,100
2019-06-28 09:34:45.791763544,100021,307,99960,307,100026,307,99950,307,100033,100,99945,100,100035,100,99939,100,100052,100,99922,100,100055,100,99917,100,100061,100,99907,100,100073,100,99895,100,100080,100,99862,200,100098,100,99861,100
2019-06-28 09:34:50.000000000,100021,514,99960,514,100026,100,99950,100,100033,100,99945,100,100035,100,99939,100,100052,100,99922,100,100055,100,99917,100,100061,100,99907,100,100073,100,99895,100,100080,100,99862,200,100098,100,99861,100
2019-06-28 09:35:00.000000000,100021,204,99960,204,100026,204,99950,204,100033,204,99945,204,100035,204,99939,204,100052,100,99922,100,100055,100,99917,100,100061,100,99907,100,100073,100,99895,100,100080,100,99862,200,100098,100,99861,100
2019-06-28 09:35:06.247142990,100021,204,99960,204,100026,104,99950,204,100033,204,99945,204,100035,204,99939,204,100052,100,99922,100,100055,100,99917,100,100061,100,99907,100,100073,100,99895,100,100080,100,99862,200,100098,100,99861,100
2019-06-28 09:35:07.666366723,100021,204,99960,104,100026,104,99950,204,100033,204,99945,204,100035,204,99939,204,100052,100,99922,100,100055,100,99917,100,100061,100,99907,100,100073,100,99895,100,100080,100,99862,200,100098,100,99861,100
2019-06-28 09:35:10.000000000,100021,514,99950,514,100033,100,99945,100,100035,100,99939,100,100052,100,99922,100,100055,100,99917,100,100061,100,99907,100,100073,100,99895,100,100080,100,99862,200,100098,100,99861,100,100106,100,99848,100
2019-06-28 09:35:20.000000000,100021,514,99950,514,100033,100,99945,100,100035,100,99939,100,100052,100,99922,100,100055,100,99917,100,100061,100,99907,100,100073,100,99895,100,100080,100,99862,200,100098,100,99861,100,100106,100,99848,100
2019-06-28 09:35:30.000000000,100021,307,99950,307,100033,307,99945,307,100035,100,99939,100,100052,100,99922,100,100055,100,99917,100,100061,100,99907,100,100073,100,99895,100,100080,100,99862,200,100098,100,99861,100,100106,100,99848,100
2019-06-28 09:35:30.456313230,100021,307,99950,207,100033,307,99945,307,100035,100,99939,100,100052,100,99922,100,100055,100,99917,100,100061,100,99907,100,100073,100,99895,100,100080,100,99862,200,100098,100,99861,100,100106,100,99848,100
2019-06-28 09:35:40.000000000,100021,183,99945,183,100033,183,99939,183,100035,183,99922,183,100052,183,99917,183,100055,183,99907,183,100061,100,99895,100,100073,100,99862,200,100080,100,99861,100,100098,100,99848,100,100106,100,99811,100
2019-06-28 09:35:42.286909281,100021,183,99945,83,100033,183,99939,183,100035,183,99922,183,100052,183,99917,183,100055,183,99907,183,100061,100,99895,100,100073,100,99862,200,100080,100,99861,100,100098,100,99848,100,100106,100,99811,100
2019-06-28 09:35:45.988098926,99945,17,99939,183,100021,183,99922,183,100033,183,99917,183,100035,183,99907,183,100052,183,99895,100,100055,183,99862,200,100061,100,99861,100,100073,100,99848,100,100080,100,99811,100,100098,100,99808,100
2019-06-28 09:35:50.000000000,99945,158,99939,241,100021,237,99922,237,100033,237,99917,237,100035,100,99907,100,100052,100,99895,100,100055,100,99862,200,100061,100,99861,100,100073,100,99848,100,100080,100,99811,100,100098,100,99808,100
2019-06-28 09:36:00.000000000,99945,100,99939,183,100021,183,99922,183,100033,183,99917,183,100035,183,99907,183,100052,183,99895,183,100055,100,99862,200,100061,100,99861,100,100073,100,99848,100,100080,100,99811,100,100098,100,99808,100
2019-06-28 09:36:10.000000000,99945,224,99939,307,100021,307,99922,307,100033,100,99917,100,100035,100,99907,100,100052,100,99895,100,100055,100,99862,200,100061,100,99861,100,100073,100,99848,100,100080,100,99811,100,100098,100,99808,100
2019-06-28 09:36:17.905928570,99945,224,99939,307,100021,307,99922,307,100033,100,99917,100,100035,100,99907,100,100052,100,99895,100,100055,100,99862,200,100061,100,99861,100,100080,100,99848,100,100098,100,99811,100,100106,100,99808,100
2019-06-28 09:36:19.971529689,99945,224,99939,307,100021,307,99922,307,100033,100,99917,100,100035,100,99907,100,100052,100,99895,100,100055,100,99862,200,100061,100,99861,100,100080,100,99848,100,100098,100,99811,100,100106,100,99808,100
2019-06-28 09:36:20.000000000,99945,224,99939,307,100021,307,99922,307,100033,100,99917,100,100035,100,99907,100,100052,100,99895,100,100055,100,99862,200,100061,100,99861,100,100080,100,99848,100,100098,100,99811,100,100106,100,99808,100
2019-06-28 09:36:24.172315886,99945,224,99939,307,100021,307,99922,307,100033,100,99917,100,100035,100,99907,100,100052,100,99895,100,100055,100,99862,200,100061,100,99861,100,100080,100,99848,100,100098,100,99811,100,100106,100,99808,100
2019-06-28 09:36:28.379866179,99945,224,99939,307,100021,307,99922,307,100033,100,99917,100,100035,100,99907,100,100052,100,99895,100,100055,100,99862,200,100061,100,99861,100,100080,100,99848,100,100098,100,99811,100,100106,100,99808,100
2019-06-28 09:36:30.000000000,99945,224,99939,307,100021,307,99922,307,100033,100,99917,100,100035,100,99907,100,100052,100,99895,100,100055,100,99862,200,100061,100,99861,100,100080,100,99848,100,100098,100,99811,100,100106,100,99808,100
2019-06-28 09:36:40.000000000,99945,121,99939,204,100021,204,99922,204,100033,204,99917,204,100035,204,99907,204,100052,100,99895,100,100055,100,99862,200,100061,100,99861,100,100080,100,99848,100,100098,100,99811,100,100106,100,99808,100
2019-06-28 09:36:50.000000000,99945,431,99939,514,100021,100,99922,100,100033,100,99917,100,100035,100,99907,100,100052,100,99895,100,100055,100,99862,200,100061,100,99861,100,100080,100,99848,100,100098,100,99811,100,100106,100,99808,100
2019-06-28 09:37:00.000000000,99945,431,99939,514,100021,100,99922,100,100033,100,99917,100,100035,100,99907,100,100052,100,99895,100,100055,100,99862,200,100061,100,99861,100,100080,100,99848,100,100098,100,99811,100,100106,100,99808,100
2019-06-28 09:37:10.000000000,99945,431,99939,514,100021,100,99922,100,100033,100,99917,100,100035,100,99907,100,100052,100,99895,100,100055,100,99862,200,100061,100,99861,100,100080,100,99848,100,100098,100,99811,100,100106,100,99808,100
2019-06-28 09:37:20.000000000,99945,121,99939,204,100021,204,99922,204,100033,204,99917,204,100035,204,99907,204,100052,100,99895,100,100055,100,99862,200,100061,100,99861,100,100080,100,99848,100,100098,100,99811,100,100106,100,99808,100
2019-06-28 09:37:20.287274580,99945,121,99939,104,100021,204,99922,204,100033,204,99917,204,100035,104,99907,204,100052,100,99895,100,100055,100,99862,200,100061,100,99861,100,100080,100,99848,100,100098,100,99811,100,100106,100,99808,100
2019-06-28 09:37:29.623009621,99945,121,99939,104,100021,204,99922,204,100033,204,99917,204,100035,104,99907,204,100052,100,99895,100,100055,100,99862,200,100061,100,99861,100,100080,100,99848,100,100098,100,99811,100,100106,100,99808,100
2019-06-28 09:37:30.000000000,99945,121,99922,204,100021,204,99917,204,100033,204,99907,204,100052,204,99895,204,100055,100,99862,200,100061,100,99861,100,100080,100,99848,100,100098,100,99811,100,100106,100,99808,100,100108,100,99454,100
2019-06-28 09:37:33.539737270,99945,121,99922,204,100021,204,99917,104,100033,204,99907,204,100052,204,99895,204,100055,100,99862,200,100061,100,99861,100,100080,100,99848,100,100098,100,99811,100,100106,100,99808,100,100108,100,99454,100
2019-06-28 09:37:35.794460964,99945,121,99922,104,100021,204,99917,104,100033,204,99907,204,100052,204,99895,204,100055,100,99862,200,100061,100,99861,100,100080,100,99848,100,100098,100,99811,100,100106,100,99808,100,100108,100,99454,100
2019-06-28 09:37:40.000000000,99945,431,99907,514,100021,100,99895,100,100033,100,99862,200,100052,100,99861,100,100055,100,99848,100,100061,100,99811,100,100080,100,99808,100,100098,100,99454,100,100106,100,99433,100,100108,100,99419,100
2019-06-28 09:37:45.167225461,99945,431,99907,414,100021,100,99895,100,100033,100,99862,200,100052,100,99861,100,100055,100,99848,100,100061,100,99811,100,100080,100,99808,100,100098,100,99454,100,100106,100,99433,100,100108,100,99419,100
2019-06-28 09:37:50.000000000,99945,100,99895,183,100021,183,99862,283,100033,183,99861,183,100052,183,99848,183,100055,183,99811,183,100061,100,99808,100,100080,100,99454,100,100098,100,99433,100,100106,100,99419,100,100108,100,99265,100
2019-06-28 09:38:00.000000000,99945,224,99895,307,100021,307,99862,407,100033,100,99861,100,100052,100,99848,100,100055,100,99811,100,100061,100,99808,100,100080,100,99454,100,100098,100,99433,100,100106,100,99419,100,100108,100,99265,100
2019-06-28 09:38:03.425833336,99945,224,99906,100,100021,307,99895,307,100033,100,99862,407,100052,100,99861,100,100055,100,99848,100,100061,100,99811,100,100080,100,99808,100,100098,100,99454,100,100106,100,99419,100,100108,100,99265,100
2019-06-28 09:38:10.000000000,99945,121,99906,204,100021,204,99895,204,100033,204,99862,304,100052,204,99861,204,100055,100,99848,100,100061,100,99811,100,100080,100,99808,100,100098,100,99454,100,100106,100,99419,100,100108,100,99265,100
2019-06-28 09:38:11.462364760,99945,121,99906,204,100021,204,99895,204,100033,204,99862,304,100052,204,99861,204,100055,100,99848,100,100061,100,99811,100,100080,100,99808,100,100098,100,99454,100,100106,100,99419,100,100108,100,99265,100
2019-06-28 09:38:19.669253093,99945,121,99923,100,100021,204,99906,204,100033,204,99895,204,100052,204,99862,304,100055,100,99861,204,100061,100,99848,100,100080,100,99811,100,100098,100,99808,100,100106,100,99454,100,100108,100,99419,100
2019-06-28 09:38:20.000000000,99945,100,99923,183,100021,183,99906,183,100033,183,99895,183,100052,183,99862,283,100055,183,99861,183,100061,100,99848,100,100080,100,99811,100,100098,100,99808,100,100106,100,99454,100,100108,100,99419,100
2019-06-28 09:38:30.000000000,99945,121,99923,204,100021,204,99906,204,100033,204,99895,204,100052,204,99862,304,100055,100,99861,100,100061,100,99848,100,100080,100,99811,100,100098,100,99808,100,100106,100,99454,100,100108,100,99419,100
2019-06-28 09:38:40.000000000,99945,158,99923,241,100021,237,99906,237,100033,237,99895,237,100052,100,99862,200,100055,100,99861,100,100061,100,99848,100,100080,100,99811,100,100098,100,99808,100,100106,100,99454,100,100108,100,99419,100
2019-06-28 09:38:44.178015469,99945,158,99923,341,100021,237,99906,237,100033,237,99895,237,100052,100,99862,200,100055,100,99861,100,100061,100,99848,100,100080,100,99811,100,100098,100,99808,100,100106,100,99454,100,100108,100,99419,100
2019-06-28 09:38:50.000000000,99945,158,99923,341,100021,237,99906,237,100033,237,99895,237,100052,100,99862,200,100055,100,99861,100,100061,100,99848,100,100080,100,99811,100,100098,100,99808,100,100106,100,99454,100,100108,100,99419,100
2019-06-28 09:38:52.319545819,99945,58,99923,341,100021,237,99906,237,100033,237,99895,237,100052,100,99862,200,100055,100,99861,100,100061,100,99811,100,100080,100,99808,100,100098,100,99454,100,100106,100,99419,100,100108,100,99265,100
2019-06-28 09:38:53.412868080,99945,58,99923,341,100021,237,99906,237,100033,237,99895,237,100052,100,99862,200,100055,100,99861,100,100061,100,99811,100,100080,100,99808,100,100098,100,99454,100,100106,100,99265,100,100108,100,99245,100
2019-06-28 09:39:00.000000000,100021,241,99923,341,100033,237,99906,237,100052,237,99895,237,100055,100,99862,200,100061,100,99861,100,100080,100,99811,100,100098,100,99808,100,100106,100,99454,100,100108,100,99265,100,100113,100,99245,100
2019-06-28 09:39:10.000000000,100021,307,99923,407,100033,307,99906,307,100052,100,99895,100,100055,100,99862,200,100061,100,99861,100,100080,100,99811,100,100098,100,99808,100,100106,100,99454,100,100108,100,99265,100,100113,100,99245,100
2019-06-28 09:39:20.000000000,100021,514,99923,614,100033,100,99906,100,100052,100,99895,100,100055,100,99862,200,100061,100,99861,100,100080,100,99811,100,100098,100,99808,100,100106,100,99454,100,100108,100,99265,100,100113,100,99245,100
2019-06-28 09:39:30.000000000,100021,514,99923,614,100033,100,99906,100,100052,100,99895,100,100055,100,99862,200,100061,100,99861,100,100080,100,99811,100,100098,100,99808,100,100106,100,99454,100,100108,100,99265,100,100113,100,99245,100
2019-06-28 09:39:40.000000000,100021,514,99923,614,100033,100,99906,100,100052,100,99895,100,100055,100,99862,200,100061,100,99861,100,100080,100,99811,100,100098,100,99808,100,100106,100,99454,100,100108,100,99265,100,100113,100,99245,100
2019-06-28 09:39:42.835958714,100021,514,99923,614,100033,100,99906,100,100052,100,99862,200,100055,100,99861,100,100061,100,99811,100,100080,100,99808,100,100098,100,99454,100,100106,100,99265,100,100108,100,99245,100,100113,100,99132,100
2019-06-28 09:39:50.000000000,100021,307,99923,407,100033,307,99906,307,100052,100,99862,200,100055,100,99861,100,100061,100,99811,100,100080,100,99808,100,100098,100,99454,100,100106,100,99265,100,100108,100,99245,100,100113,100,99132,100
2019-06-28 09:39:52.459084709,100021,307,99923,407,100033,307,99906,307,100052,100,99862,200,100055,100,99861,100,100061,100,99811,100,100080,100,99808,100,100098,100,99454,100,100106,100,99265,100,100108,100,99245,100,100113,100,99132,100
2019-06-28 09:39:58.968659139,100021,207,99923,407,100033,307,99906,307,100052,100,99862,200,100055,100,99861,100,100061,100,99811,100,100080,100,99808,100,100098,100,99454,100,100106,100,99265,100,100108,100,99245,100,100113,100,99132,100
2019-06-28 09:40:00.000000000,100033,183,99923,283,100052,183,99906,183,100055,183,99862,283,100061,183,99861,183,100080,183,99811,183,100098,100,99808,100,100106,100,99454,100,100108,100,99265,100,100113,100,99245,100,100128,100,99132,100
2019-06-28 09:40:10.000000000,100033,514,99923,614,100052,100,99906,100,100055,100,99862,200,100061,100,99861,100,100080,100,99811,100,100098,100,99808,100,100106,100,99454,100,100108,100,99265,100,100113,100,99245,100,100128,100,99132,100
2019-06-28 09:40:10.967924611,100033,414,99923,614,100052,100,99906,100,100055,100,99862,200,100061,100,99861,100,100080,100,99811,100,100098,100,99808,100,100106,100,99454,100,100108,100,99265,100,100113,100,99245,100,100128,100,99132,100
2019-06-28 09:40:11.986853202,100033,314,99923,614,100052,100,99906,100,100055,100,99862,200,100061,100,99861,100,100080,100,99811,100,100098,100,99808,100,100106,100,99454,100,100108,100,99265,100,100113,100,99245,100,100128,100,99132,100
2019-06-28 09:40:12.884360875,100033,314,99923,614,100052,100,99906,100,100055,100,99862,200,100080,100,99861,100,100098,100,99811,100,100106,100,99808,100,100108,100,99454,100,100113,100,99265,100,100128,100,99245,100,100145,100,99132,100
2019-06-28 09:40:14.006094350,100033,214,99923,614,100052,100,99906,100,100055,100,99862,200,100080,100,99861,100,100098,100,99811,100,100106,100,99808,100,100108,100,99454,100,100113,100,99265,100,100128,100,99245,100,100145,100,99132,100
2019-06-28 09:40:20.000000000,100052,307,99923,407,100055,307,99906,307,100080,100,99862,200,100098,100,99861,100,100106,100,99811,100,100108,100,99808,100,100113,100,99454,100,100128,100,99265,100,100145,100,99245,100,100146,100,99132,100
2019-06-28 09:40:30.000000000,100052,204,99923,304,100055,204,99906,204,100080,204,99862,304,100098,204,99861,204,100106,100,99811,100,100108,100,99808,100,100113,100,99454,100,100128,100,99265,100,100145,100,99245,100,100146,100,99132,100
2019-06-28 09:40:40.000000000,100052,183,99923,283,100055,183,99906,183,100080,183,99862,283,100098,183,99861,183,100106,183,99811,183,100108,100,99808,100,100113,100,99454,100,100128,100,99265,100,100145,100,99245,100,100146,100,99132,100
2019-06-28 09:40:50.000000000,100052,514,99923,614,100055,100,99906,100,100080,100,99862,200,100098,100,99861,100,100106,100,99811,100,100108,100,99808,100,100113,100,99454,100,100128,100,99265,100,100145,100,99245,100,100146,100,99132,100
2019-06-28 09:41:00.000000000,100052,307,99923,407,100055,307,99906,307,100080,100,99862,200,100098,100,99861,100,100106,100,99811,100,100108,100,99808,100,100113,100,99454,100,100128,100,99265,100,100145,100,99245,100,100146,100,99132,100
2019-06-28 09:41:10.000000000,100052,204,99923,304,100055,204,99906,204,100080,204,99862,304,100098,204,99861,204,100106,100,99811,100,100108,100,99808,100,100113,100,99454,100,100128,100,99265,100,100145,100,99245,100,100146,100,99132,100
2019-06-28 09:41:20.000000000,100052,241,99923,341,100055,237,99906,237,100080,237,99862,337,100098,100,99861,100,100106,100,99811,100,100108,100,99808,100,100113,100,99454,100,100128,100,99265,100,100145,100,99245,100,100146,100,99132,100
2019-06-28 09:41:30.000000000,100052,307,99923,407,100055,307,99906,307,100080,100,99862,200,100098,100,99861,100,100106,100,99811,100,100108,100,99808,100,100113,100,99454,100,100128,100,99265,100,100145,100,99245,100,100146,100,99132,100
2019-06-28 09:41:35.217567955,100052,307,99923,407,100055,307,99906,307,100080,100,99862,200,100098,100,99861,100,100106,100,99811,100,100108,100,99808,100,100113,100,99454,100,100128,100,99265,100,100145,100,99245,100,100146,100,99132,100
2019-06-28 09:41:40.000000000,100052,241,99923,341,100055,237,99906,237,100080,237,99862,337,100098,100,99861,100,100106,100,99811,100,100108,100,99808,100,100113,100,99454,100,100128,100,99265,100,100145,100,99245,100,100146,100,99132,100
2019-06-28 09:41:46.011005335,100052,241,99923,241,100055,237,99906,237,100080,237,99862,337,100098,100,99861,100,100106,100,99811,100,100108,100,99808,100,100113,100,99454,100,100128,100,99265,100,100145,100,99245,100,100146,100,99132,100
2019-06-28 09:41:50.000000000,100052,204,99923,204,100055,204,99906,204,100080,204,99862,304,100098,204,99861,204,100106,100,99811,100,100108,100,99808,100,100113,100,99454,100,100128,100,99265,100,100145,100,99245,100,100146,100,99132,100
2019-06-28 09:41:59.034998660,100052,204,99923,204,100055,204,99906,204,100080,204,99862,304,100098,204,99861,204,100106,100,99811,100,100108,100,99808,100,100113,100,99454,100,100128,100,99265,100,100145,100,99245,100,100146,100,99132,100
2019-06-28 09:42:00.000000000,100052,307,99923,307,100055,307,99906,307,100080,100,99862,200,100098,100,99861,100,100106,100,99811,100,100108,100,99808,100,100113,100,99454,100,100128,100,99265,100,100145,100,99245,100,100146,100,99132,100
2019-06-28 09:42:10.000000000,100052,307,99923,307,100055,307,99906,307,100080,100,99862,200,100098,100,99861,100,100106,100,99811,100,100108,100,99808,100,100113,100,99454,100,100128,100,99265,100,100145,100,99245,100,100146,100,99132,100
2019-06-28 09:42:20.000000000,100052,241,99923,241,100055,237,99906,237,100080,237,99862,337,100098,100,99861,100,100106,100,99811,100,100108,100,99808,100,100113,100,99454,100,100128,100,99265,100,100145,100,99245,100,100146,100,99132,100
2019-06-28 09:42:30.000000000,100052,204,99923,204,100055,204,99906,204,100080,204,99862,304,100098,204,99861,204,100106,100,99811,100,100108,100,99808,100,100113,100,99454,100,100128,100,99265,100,100145,100,99245,100,100146,100,99132,100
2019-06-28 09:42:30.844652362,100052,204,100033,100,100055,204,99923,204,100080,204,99906,204,100098,204,99862,304,100106,100,99861,204,100108,100,99811,100,100113,100,99808,100,100128,100,99454,100,100145,100,99265,100,100146,100,99245,100
2019-06-28 09:42:40.000000000,100052,307,100033,307,100055,307,99923,307,100080,100,99906,100,100098,100,99862,200,100106,100,99861,100,100108,100,99811,100,100113,100,99808,100,100128,100,99454,100,100145,100,99265,100,100146,100,99245,100
2019-06-28 09:42:50.000000000,100052,204,100033,204,100055,204,99923,204,100080,204,99906,204,100098,204,99862,304,100106,100,99861,100,100108,100,99811,100,100113,100,99808,100,100128,100,99454,100,100145,100,99265,100,100146,100,99245,100
2019-06-28 09:43:00.000000000,100052,204,100033,204,100055,204,99923,204,100080,204,99906,204,100098,204,99862,304,100106,100,99861,100,100108,100,99811,100,100113,100,99808,100,100128,100,99454,100,100145,100,99265,100,100146,100,99245,100
2019-06-28 09:43:10.000000000,100052,204,100033,204,100055,204,99923,204,100080,204,99906,204,100098,204,99862,304,100106,100,99861,100,100108,100,99811,100,100113,100,99808,100,100128,100,99454,100,100145,100,99265,100,100146,100,99245,100
2019-06-28 09:43:20.000000000,100052,183,100033,183,100055,183,99923,183,100080,183,99906,183,100098,183,99862,283,100106,183,99861,183,100108,100,99811,100,100113,100,99808,100,100128,100,99454,100,100145,100,99265,100,100146,100,99245,100
2019-06-28 09:43:21.457159406,100052,83,100033,183,100055,183,99923,183,100080,183,99906,183,100098,183,99862,283,100106,183,99861,183,100108,100,99811,100,100113,100,99808,100,100128,100,99454,100,100145,100,99245,100,100146,100,99132,100
2019-06-28 09:43:30.000000000,100055,183,100033,183,100080,183,99923,183,100098,183,99906,183,100106,183,99862,283,100108,183,99861,183,100113,100,99811,100,100128,100,99808,100,100145,100,99454,100,100146,100,99245,100,100308,100,99132,100
2019-06-28 09:43:31.872382589,100055,83,100033,183,100080,183,99923,183,100098,183,99906,183,100106,183,99862,283,100108,83,99861,183,100113,100,99811,100,100128,100,99808,100,100145,100,99454,100,100146,100,99245,100,100308,100,99132,100
2019-06-28 09:43:40.000000000,100080,204,100033,204,100098,204,99923,204,100106,204,99906,204,100113,204,99862,304,100128,100,99861,100,100145,100,99811,100,100146,100,99808,100,100308,100,99454,100,100312,100,99245,100,100969,100,99132,100
2019-06-28 09:43:45.158243549,100080,204,100033,204,100098,204,99923,204,100106,204,99906,204,100113,204,99862,304,100128,100,99861,100,100145,100,99811,100,100146,100,99808,100,100308,100,99454,100,100312,100,99245,100,100967,100,99132,100
2019-06-28 09:43:50.000000000,100080,307,100033,307,100098,307,99923,307,100106,100,99906,100,100113,100,99862,200,100128,100,99861,100,100145,100,99811,100,100146,100,99808,100,100308,100,99454,100,100312,100,99245,100,100967,100,99132,100
2019-06-28 09:43:56.547772500,100080,307,100033,307,100098,307,99923,307,100106,100,99906,100,100113,100,99862,200,100128,100,99861,100,100145,100,99811,100,100146,100,99808,100,100308,100,99454,100,100312,100,99245,100,100443,100,99132,100
2019-06-28 09:43:58.677984397,100080,307,100052,100,100098,307,100033,307,100106,100,99923,307,100113,100,99906,100,100128,100,99862,200,100145,100,99861,100,100146,100,99811,100,100308,100,99808,100,100312,100,99454,100,100443,100,99245,100
2019-06-28 09:44:00.000000000,100080,204,100052,204,100098,204,100033,204,100106,204,99923,204,100113,204,99906,204,100128,100,99862,200,100145,100,99861,100,100146,100,99811,100,100308,100,99808,100,100312,100,99454,100,100443,100,99245,100
2019-06-28 09:44:06.721449481,100080,204,100052,304,100098,204,100033,204,100106,204,99923,204,100113,204,99906,204,100128,100,99862,200,100145,100,99861,100,100146,100,99811,100,100308,100,99808,100,100312,100,99454,100,100443,100,99245,100
2019-06-28 09:44:10.000000000,100080,307,100052,407,100098,307,100033,307,100106,100,99923,100,100113,100,99906,100,100128,100,99862,200,100145,100,99861,100,100146,100,99811,100,100308,100,99808,100,100312,100,99454,100,100443,100,99245,100
2019-06-28 09:44:20.000000000,100080,204,100052,304,100098,204,100033,204,100106,204,99923,204,100113,204,99906,204,100128,100,99862,200,100145,100,99861,100,100146,100,99811,100,100308,100,99808,100,100312,100,99454,100,100443,100,99245,100
2019-06-28 09:44:30.000000000,100080,307,100052,407,100098,307,100033,307,100106,100,99923,100,100113,100,99906,100,100128,100,99862,200,100145,100,99861,100,100146,100,99811,100,100308,100,99808,100,100312,100,99454,100,100443,100,99245,100
2019-06-28 09:44:40.000000000,100080,307,100052,407,100098,307,100033,307,100106,100,99923,100,100113,100,99906,100,100128,100,99862,200,100145,100,99861,100,100146,100,99811,100,100308,100,99808,100,100312,100,99454,100,100443,100,99245,100
2019-06-28 09:44:48.186516933,100080,307,100052,407,100098,307,100033,307,100106,100,99923,100,100113,100,99906,100,100128,100,99862,200,100145,100,99861,100,100146,100,99811,100,100308,100,99808,100,100312,100,99454,100,100443,100,99245,100
2019-06-28 09:44:49.479652815,100080,307,100052,407,100098,307,100033,307,100106,100,99923,100,100128,100,99906,100,100145,100,99862,200,100146,100,99861,100,100308,100,99811,100,100312,100,99808,100,100443,100,99454,100,100466,100,99245,100
2019-06-28 09:44:50.000000000,100080,183,100052,283,100098,183,100033,183,100106,183,99923,183,100128,183,99906,183,100145,183,99862,283,100146,100,99861,100,100308,100,99811,100,100312,100,99808,100,100443,100,99454,100,100466,100,99245,100
2019-06-28 09:44:56.123167042,100080,83,100052,283,100098,183,100033,183,100106,183,99923,183,100128,183,99906,183,100145,183,99862,283,100146,100,99861,100,100308,100,99811,100,100312,100,99808,100,100443,100,99454,100,100466,100,99245,100
2019-06-28 09:45:00.000000000,100098,307,100052,407,100106,307,100033,307,100128,100,99923,100,100145,100,99906,100,100146,100,99862,200,100308,100,99861,100,100312,100,99811,100,100443,100,99808,100,100466,100,99454,100,100795,100,99245,100
2019-06-28 09:45:07.049464845,100098,307,100052,407,100106,307,100033,307,100128,100,99923,100,100145,100,99906,100,100146,100,99862,200,100308,100,99861,100,100312,100,99811,100,100466,100,99808,100,100570,100,99454,100,100795,100,99245,100
2019-06-28 09:45:10.000000000,100098,514,100052,614,100106,100,100033,100,100128,100,99923,100,100145,100,99906,100,100146,100,99862,200,100308,100,99861,100,100312,100,99811,100,100466,100,99808,100,100570,100,99454,100,100795,100,99245,100
2019-06-28 09:45:15.877681569,100079,100,100052,614,100098,514,100033,100,100106,100,99923,100,100128,100,99906,100,100145,100,99862,200,100146,100,99861,100,100308,100,99811,100,100312,100,99808,100,100466,100,99454,100,100570,100,99245,100
2019-06-28 09:45:20.000000000,100079,514,100052,614,100098,100,100033,100,100106,100,99923,100,100128,100,99906,100,100145,100,99862,200,100146,100,99861,100,100308,100,99811,100,100312,100,99808,100,100466,100,99454,100,100570,100,99245,100
2019-06-28 09:45:28.513972775,100079,514,100052,614,100098,100,100033,100,100106,100,99923,100,100128,100,99906,100,100145,100,99862,200,100146,100,99861,100,100308,100,99811,100,100312,100,99808,100,100397,100,99454,100,100570,100,99245,100
2019-06-28 09:45:30.000000000,100079,307,100052,407,100098,307,100033,307,100106,100,99923,100,100128,100,99906,100,100145,100,99862,200,100146,100,99861,100,100308,100,99811,100,100312,100,99808,100,100397,100,99454,100,100570,100,99245,100
2019-06-28 09:45:40.000000000,100079,183,100052,283,100098,183,100033,183,100106,183,99923,183,100128,183,99906,183,100145,183,99862,283,100146,100,99861,100,100308,100,99811,100,100312,100,99808,100,100397,100,99454,100,100570,100,99245,100
2019-06-28 09:45:41.117412062,100079,183,100052,183,100098,183,100033,183,100106,183,99923,183,100128,183,99906,183,100145,183,99862,283,100146,100,99861,100,100308,100,99811,100,100312,100,99808,100,100397,100,99454,100,100570,100,99245,100
2019-06-28 09:45:50.000000000,100079,514,100052,514,100098,100,100033,100,100106,100,99923,100,100128,100,99906,100,100145,100,99862,200,100146,100,99861,100,100308,100,99811,100,100312,100,99808,100,100397,100,99454,100,100570,100,99245,100
2019-06-28 09:46:00.000000000,100079,183,100052,183,100098,183,100033,183,100106,183,99923,183,100128,183,99906,183,100145,183,99862,283,100146,100,99861,100,100308,100,99811,100,100312,100,99808,100,100397,100,99454,100,100570,100,99245,100
2019-06-28 09:46:10.000000000,100079,307,100052,307,100098,307,100033,307,100106,100,99923,100,100128,100,99906,100,100145,100,99862,200,100146,100,99861,100,100308,100,99811,100,100312,100,99808,100,100397,100,99454,100,100570,100,99245,100
2019-06-28 09:46:20.000000000,100079,204,100052,204,100098,204,100033,204,100106,204,99923,204,100128,204,99906,204,100145,100,99862,200,100146,100,99861,100,100308,100,99811,100,100312,100,99808,100,100397,100,99454,100,100570,100,99245,100
2019-06-28 09:46:30.000000000,100079,183,100052,183,100098,183,100033,183,100106,183,99923,183,100128,183,99906,183,100145,183,99862,283,100146,100,99861,100,100308,100,99811,100,100312,100,99808,100,100397,100,99454,100,100570,100,99245,100
2019-06-28 09:46:34.353092280,100079,183,100052,183,100098,183,100033,183,100106,183,99923,183,100128,183,99906,183,100145,183,99862,283,100146,100,99861,100,100308,100,99811,100,100312,100,99808,100,100344,100,99454,100,100397,100,99245,100
2019-06-28 09:46:35.736857485,100079,183,100052,183,100098,183,100033,183,100106,183,99923,183,100128,183,99906,183,100145,83,99862,283,100146,100,99861,100,100308,100,99811,100,100312,100,99808,100,100344,100,99454,100,100397,100,99245,100
2019-06-28 09:46:40.000000000,100079,204,100052,204,100098,204,100033,204,100106,204,99923,204,100128,204,99906,204,100146,100,99862,200,100308,100,99861,100,100312,100,99811,100,100344,100,99808,100,100397,100,99454,100,100421,100,99245,100
2019-06-28 09:46:48.929821189,100079,204,100052,204,100098,204,100033,204,100106,204,99923,204,100128,204,99906,204,100146,100,99862,200,100308,100,99861,100,100312,100,99811,100,100344,100,99808,100,100397,100,99454,100,100421,100,99245,100
2019-06-28 09:46:50.000000000,100079,183,100052,183,100098,183,100033,183,100106,183,99923,183,100128,183,99906,183,100146,183,99862,283,100308,100,99861,100,100312,100,99811,100,100344,100,99808,100,100397,100,99454,100,100421,100,99245,100
2019-06-28 09:46:55.944466010,100079,183,100052,183,100098,183,100033,183,100106,183,99923,183,100128,183,99906,183,100146,183,99862,283,100308,100,99861,100,100312,100,99811,100,100331,100,99454,100,100344,100,99245,100,100397,100,99132,100
2019-06-28 09:47:00.000000000,100079,204,100052,204,100098,204,100033,204,100106,204,99923,204,100128,204,99906,204,100146,100,99862,200,100308,100,99861,100,100312,100,99811,100,100331,100,99454,100,100344,100,99245,100,100397,100,99132,100
2019-06-28 09:47:00.004000243,100079,204,100053,100,100098,204,100052,204,100106,204,100033,204,100128,204,99923,204,100146,100,99906,204,100308,100,99862,200,100312,100,99861,100,100331,100,99811,100,100344,100,99454,100,100397,100,99245,100
2019-06-28 09:47:08.704660221,100079,104,100053,100,100098,204,100052,204,100106,204,100033,204,100128,204,99923,204,100146,100,99906,204,100308,100,99862,200,100312,100,99861,100,100331,100,99811,100,100344,100,99454,100,100397,100,99245,100
2019-06-28 09:47:10.000000000,100098,514,100053,514,100106,100,100052,100,100128,100,100033,100,100146,100,99923,100,100308,100,99906,100,100312,100,99862,200,100331,100,99861,100,100344,100,99811,100,100397,100,99454,100,100421,100,99245,100
2019-06-28 09:47:20.000000000,100098,183,100053,183,100106,183,100052,183,100128,183,100033,183,100146,183,99923,183,100308,183,99906,183,100312,100,99862,200,100331,100,99861,100,100344,100,99811,100,100397,100,99454,100,100421,100,99245,100
2019-06-28 09:47:30.000000000,100098,307,100053,307,100106,307,100052,307,100128,100,100033,100,100146,100,99923,100,100308,100,99906,100,100312,100,99862,200,100331,100,99861,100,100344,100,99811,100,100397,100,99454,100,100421,100,99245,100
2019-06-28 09:47:38.018005057,100098,307,100053,307,100106,307,100052,307,100128,100,100033,100,100146,100,99923,100,100308,100,99906,100,100312,100,99862,200,100331,100,99861,100,100344,100,99811,100,100397,100,99454,100,100421,100,99245,100
2019-06-28 09:47:40.000000000,100098,241,100053,241,100106,237,100052,237,100128,237,100033,237,100146,100,99923,100,100308,100,99906,100,100312,100,99862,200,100331,100,99861,100,100344,100,99811,100,100397,100,99454,100,100421,100,99245,100
2019-06-28 09:47:50.000000000,100098,514,100053,514,100106,100,100052,100,100128,100,100033,100,100146,100,99923,100,100308,100,99906,100,100312,100,99862,200,100331,100,99861,100,100344,100,99811,100,100397,100,99454,100,100421,100,99245,100
2019-06-28 09:47:57.048850041,100098,414,100053,514,100106,100,100052,100,100128,100,100033,100,100146,100,99923,100,100308,100,99906,100,100312,100,99862,200,100331,100,99861,100,100344,100,99811,100,100397,100,99454,100,100421,100,99245,100
2019-06-28 09:48:00.000000000,100106,204,100053,204,100128,204,100052,204,100146,204,100033,204,100308,204,99923,204,100312,100,99906,100,100331,100,99862,200,100344,100,99861,100,100397,100,99811,100,100421,100,99454,100,100570,100,99245,100
2019-06-28 09:48:10.000000000,100106,204,100053,204,100128,204,100052,204,100146,204,100033,204,100308,204,99923,204,100312,100,99906,100,100331,100,99862,200,100344,100,99861,100,100397,100,99811,100,100421,100,99454,100,100570,100,99245,100
2019-06-28 09:48:10.037548370,100106,204,100053,204,100128,204,100052,204,100146,204,100033,204,100308,204,99923,204,100312,100,99906,100,100331,100,99862,200,100344,100,99861,100,100397,100,99811,100,100421,100,99454,100,100478,100,99245,100
2019-06-28 09:48:17.296472411,100106,204,100053,204,100128,204,100052,204,100146,204,100033,204,100308,204,99923,204,100312,100,99906,100,100331,100,99862,200,100344,100,99861,100,100397,100,99811,100,100421,100,99454,100,100478,100,99245,100
2019-06-28 09:48:18.186059257,100106,204,100053,204,100128,204,100052,204,100146,204,100033,204,100308,204,99923,204,100312,100,99906,100,100331,100,99862,200,100344,100,99861,100,100397,100,99811,100,100417,100,99454,100,100421,100,99245,100
2019-06-28 09:48:20.000000000,100106,241,100053,241,100128,237,100052,237,100146,237,100033,237,100308,100,99923,100,100312,100,99906,100,100331,100,99862,200,100344,100,99861,100,100397,100,99811,100,100417,100,99454,100,100421,100,99245,100
2019-06-28 09:48:30.000000000,100106,204,100053,204,100128,204,100052,204,100146,204,100033,204,100308,204,99923,204,100312,100,99906,100,100331,100,99862,200,100344,100,99861,100,100397,100,99811,100,100417,100,99454,100,100421,100,99245,100
2019-06-28 09:48:40.000000000,100106,204,100053,204,100128,204,100052,204,100146,204,100033,204,100308,204,99923,204,100312,100,99906,100,100331,100,99862,200,100344,100,99861,100,100397,100,99811,100,100417,100,99454,100,100421,100,99245,100
2019-06-28 09:48:50.000000000,100106,514,100053,514,100128,100,100052,100,100146,100,100033,100,100308,100,99923,100,100312,100,99906,100,100331,100,99862,200,100344,100,99861,100,100397,100,99811,100,100417,100,99454,100,100421,100,99245,100
2019-06-28 09:48:52.579956786,100106,514,100053,514,100128,100,100052,100,100146,100,100033,100,100308,100,99923,100,100312,100,99906,100,100331,100,99862,200,100344,100,99861,100,100397,100,99811,100,100417,100,99454,100,100421,100,99245,100
2019-06-28 09:49:00.000000000,100106,514,100053,514,100128,100,100052,100,100146,100,100033,100,100308,100,99923,100,100312,100,99906,100,100331,100,99862,200,100344,100,99861,100,100397,100,99811,100,100417,100,99454,100,100421,100,99245,100
2019-06-28 09:49:10.000000000,100106,514,100053,514,100128,100,100052,100,100146,100,100033,100,100308,100,99923,100,100312,100,99906,100,100331,100,99862,200,100344,100,99861,100,100397,100,99811,100,100417,100,99454,100,100421,100,99245,100
2019-06-28 09:49:16.275749471,100106,514,100053,514,100128,100,100052,100,100146,100,100033,100,100308,100,99923,100,100312,100,99906,100,100331,100,99862,200,100344,100,99861,100,100397,100,99811,100,100417,100,99454,100,100421,100,99245,100
2019-06-28 09:49:20.000000000,100106,307,100053,307,100128,307,100052,307,100146,100,100033,100,100308,100,99923,100,100312,100,99906,100,100331,100,99862,200,100344,100,99861,100,100397,100,99811,100,100417,100,99454,100,100421,100,99245,100
2019-06-28 09:49:30.000000000,100106,204,100053,204,100128,204,100052,204,100146,204,100033,204,100308,204,99923,204,100312,100,99906,100,100331,100,99862,200,100344,100,99861,100,100397,100,99811,100,100417,100,99454,100,100421,100,99245,100
2019-06-28 09:49:34.320515317,100106,204,100079,100,100128,204,100053,204,100146,204,100052,204,100308,204,100033,204,100312,100,99923,204,100331,100,99906,100,100344,100,99862,200,100397,100,99861,100,100417,100,99811,100,100421,100,99454,100
2019-06-28 09:49:40.000000000,100106,241,100079,241,100128,237,100053,237,100146,237,100052,237,100308,100,100033,100,100312,100,99923,100,100331,100,99906,100,100344,100,99862,200,100397,100,99861,100,100417,100,99811,100,100421,100,99454,100
2019-06-28 09:49:43.316976281,100106,241,100079,241,100128,237,100053,237,100146,237,100052,237,100308,100,100033,100,100312,100,99923,100,100331,100,99906,100,100344,100,99862,200,100417,100,99861,100,100421,100,99811,100,100478,100,99454,100
2019-06-28 09:49:50.000000000,100106,514,100079,514,100128,100,100053,100,100146,100,100052,100,100308,100,100033,100,100312,100,99923,100,100331,100,99906,100,100344,100,99862,200,100417,100,99861,100,100421,100,99811,100,100478,100,99454,100
2019-06-28 09:49:50.299000863,100106,414,100079,514,100128,100,100053,100,100146,100,100052,100,100308,100,100033,100,100312,100,99923,100,100331,100,99906,100,100344,100,99862,200,100417,100,99861,100,100421,100,99811,100,100478,100,99454,100
2019-06-28 09:50:00.000000000,100128,183,100079,183,100146,183,100053,183,100308,183,100052,183,100312,183,100033,183,100331,183,99923,183,100344,100,99906,100,100417,100,99862,200,100421,100,99861,100,100478,100,99811,100,100485,100,99454,100
2019-06-28 09:50:10.000000000,100128,241,100079,241,100146,237,100053,237,100308,237,100052,237,100312,100,100033,100,100331,100,99923,100,100344,100,99906,100,100417,100,99862,200,100421,100,99861,100,100478,100,99811,100,100485,100,99454,100
2019-06-28 09:50:11.797270883,100128,141,100079,241,100146,237,100053,237,100308,237,100052,237,100312,100,100033,100,100331,100,99923,100,100344,100,99906,100,100417,100,99862,200,100421,100,99861,100,100478,100,99811,100,100485,100,99454,100
2019-06-28 09:50:20.000000000,100146,307,100079,307,100308,307,100053,307,100312,100,100052,100,100331,100,100033,100,100344,100,99923,100,100417,100,99906,100,100421,100,99862,200,100478,100,99861,100,100485,100,99811,100,100570,100,99454,100
2019-06-28 09:50:30.000000000,100146,204,100079,204,100308,204,100053,204,100312,204,100052,204,100331,204,100033,204,100344,100,99923,100,100417,100,99906,100,100421,100,99862,200,100478,100,99861,100,100485,100,99811,100,100570,100,99454,100
2019-06-28 09:50:40.000000000,100146,241,100079,241,100308,237,100053,237,100312,237,100052,237,100331,100,100033,100,100344,100,99923,100,100417,100,99906,100,100421,100,99862,200,100478,100,99861,100,100485,100,99811,100,100570,100,99454,100
2019-06-28 09:50:50.000000000,100146,307,100079,307,100308,307,100053,307,100312,100,100052,100,100331,100,100033,100,100344,100,99923,100,100417,100,99906,100,100421,100,99862,200,100478,100,99861,100,100485,100,99811,100,100570,100,99454,100
2019-06-28 09:51:00.000000000,100146,183,100079,183,100308,183,100053,183,100312,183,100052,183,100331,183,100033,183,100344,183,99923,183,100417,100,99906,100,100421,100,99862,200,100478,100,99861,100,100485,100,99811,100,100570,100,99454,100
2019-06-28 09:51:10.000000000,100146,183,100079,183,100308,183,100053,183,100312,183,100052,183,100331,183,100033,183,100344,183,99923,183,100417,100,99906,100,100421,100,99862,200,100478,100,99861,100,100485,100,99811,100,100570,100,99454,100
2019-06-28 09:51:20.000000000,100146,183,100079,183,100308,183,100053,183,100312,183,100052,183,100331,183,100033,183,100344,183,99923,183,100417,100,99906,100,100421,100,99862,200,100478,100,99861,100,100485,100,99811,100,100570,100,99454,100
2019-06-28 09:51:22.399531295,100146,183,100106,100,100308,183,100079,183,100312,183,100053,183,100331,183,100052,183,100344,183,100033,183,100417,100,99923,183,100421,100,99906,100,100478,100,99862,200,100485,100,99861,100,100570,100,99811,100
2019-06-28 09:51:30.000000000,100146,204,100106,204,100308,204,100079,204,100312,204,100053,204,100331,204,100052,204,100344,100,100033,100,100417,100,99923,100,100421,100,99906,100,100478,100,99862,200,100485,100,99861,100,100570,100,99811,100
2019-06-28 09:51:40.000000000,100146,241,100106,241,100308,237,100079,237,100312,237,100053,237,100331,100,100052,100,100344,100,100033,100,100417,100,99923,100,100421,100,99906,100,100478,100,99862,200,100485,100,99861,100,100570,100,99811,100
2019-06-28 09:51:47.695078226,100146,241,100106,241,100308,237,100079,237,100312,237,100053,237,100331,100,100052,100,100344,100,100033,100,100417,100,99923,100,100421,100,99906,100,100478,100,99862,200,100485,100,99861,100,100570,100,99811,100
2019-06-28 09:51:50.000000000,100146,183,100106,183,100308,183,100079,183,100312,183,100053,183,100331,183,100052,183,100344,183,100033,183,100417,100,99923,100,100421,100,99906,100,100478,100,99862,200,100485,100,99861,100,100570,100,99811,100
2019-06-28 09:52:00.000000000,100146,307,100106,307,100308,307,100079,307,100312,100,100053,100,100331,100,100052,100,100344,100,100033,100,100417,100,99923,100,100421,100,99906,100,100478,100,99862,200,100485,100,99861,100,100570,100,99811,100
2019-06-28 09:52:10.000000000,100146,241,100106,241,100308,237,100079,237,100312,237,100053,237,100331,100,100052,100,100344,100,100033,100,100417,100,99923,100,100421,100,99906,100,100478,100,99862,200,100485,100,99861,100,100570,100,99811,100
2019-06-28 09:52:20.000000000,100146,204,100106,204,100308,204,100079,204,100312,204,100053,204,100331,204,100052,204,100344,100,100033,100,100417,100,99923,100,100421,100,99906,100,100478,100,99862,200,100485,100,99861,100,100570,100,99811,100
2019-06-28 09:52:30.000000000,100146,204,100106,204,100308,204,100079,204,100312,204,100053,204,100331,204,100052,204,100344,100,100033,100,100417,100,99923,100,100421,100,99906,100,100478,100,99862,200,100485,100,99861,100,100570,100,99811,100
2019-06-28 09:52:39.446821110,100146,104,100106,204,100308,204,100079,204,100312,204,100053,204,100331,204,100052,204,100344,100,100033,100,100417,100,99923,100,100421,100,99906,100,100478,100,99862,200,100485,100,99861,100,100570,100,99811,100
2019-06-28 09:52:40.000000000,100308,307,100106,307,100312,307,100079,307,100331,100,100053,100,100344,100,100052,100,100417,100,100033,100,100421,100,99923,100,100478,100,99906,100,100485,100,99862,200,100570,100,99861,100,100661,100,99811,100
2019-06-28 09:52:40.065710717,100308,307,100128,100,100312,307,100106,307,100331,100,100079,207,100344,100,100053,100,100417,100,100052,100,100421,100,100033,100,100478,100,99923,100,100485,100,99906,100,100570,100,99862,200,100661,100,99861,100
2019-06-28 09:52:48.702628298,100308,307,100128,100,100312,307,100106,307,100331,100,100079,207,100344,100,100053,100,100417,100,100052,100,100421,100,100033,100,100478,100,99923,100,100485,100,99906,100,100570,100,99862,200,100661,100,99861,100
2019-06-28 09:52:50.000000000,100308,307,100128,307,100312,307,100106,307,100331,100,100053,100,100344,100,100052,100,100417,100,100033,100,100421,100,99923,100,100478,100,99906,100,100485,100,99862,200,100570,100,99861,100,100661,100,99811,100
2019-06-28 09:53:00.000000000,100308,307,100128,307,100312,307,100106,307,100331,100,100053,100,100344,100,100052,100,100417,100,100033,100,100421,100,99923,100,100478,100,99906,100,100485,100,99862,200,100570,100,99861,100,100661,100,99811,100
2019-06-28 09:53:00.059730279,100308,307,100128,307,100312,307,100106,307,100331,100,100053,100,100344,100,100052,100,100417,100,100033,100,100421,100,99923,100,100478,100,99906,100,100485,100,99862,200,100570,100,99861,100,100967,100,99811,100
2019-06-28 09:53:10.000000000,100308,514,100128,514,100312,100,100106,100,100331,100,100053,100,100344,100,100052,100,100417,100,100033,100,100421,100,99923,100,100478,100,99906,100,100485,100,99862,200,100570,100,99861,100,100967,100,99811,100
2019-06-28 09:53:20.000000000,100308,183,100128,183,100312,183,100106,183,100331,183,100053,183,100344,183,100052,183,100417,183,100033,183,100421,100,99923,100,100478,100,99906,100,100485,100,99862,200,100570,100,99861,100,100967,100,99811,100
2019-06-28 09:53:30.000000000,100308,307,100128,307,100312,307,100106,307,100331,100,100053,100,100344,100,100052,100,100417,100,100033,100,100421,100,99923,100,100478,100,99906,100,100485,100,99862,200,100570,100,99861,100,100967,100,99811,100
2019-06-28 09:53:40.000000000,100308,241,100128,241,100312,237,100106,237,100331,237,100053,237,100344,100,100052,100,100417,100,100033,100,100421,100,99923,100,100478,100,99906,100,100485,100,99862,200,100570,100,99861,100,100967,100,99811,100
2019-06-28 09:53:45.097161148,100308,241,100128,241,100312,237,100106,237,100331,237,100053,237,100344,100,100052,100,100417,100,100033,100,100421,100,99923,100,100478,100,99906,100,100485,100,99862,200,100570,100,99861,100,100967,100,99811,100
2019-06-28 09:53:50.000000000,100308,241,100128,241,100312,237,100106,237,100331,237,100053,237,100344,100,100052,100,100417,100,100033,100,100421,100,99923,100,100478,100,99906,100,100485,100,99862,200,100570,100,99861,100,100967,100,99811,100
2019-06-28 09:54:00.000000000,100308,241,100128,241,100312,237,100106,237,100331,237,100053,237,100344,100,100052,100,100417,100,100033,100,100421,100,99923,100,100478,100,99906,100,100485,100,99862,200,100570,100,99861,100,100967,100,99811,100
2019-06-28 09:54:10.000000000,100308,183,100128,183,100312,183,100106,183,100331,183,100053,183,100344,183,100052,183,100417,183,100033,183,100421,100,99923,100,100478,100,99906,100,100485,100,99862,200,100570,100,99861,100,100967,100,99811,100
2019-06-28 09:54:10.887804446,100308,183,100128,183,100312,183,100106,183,100331,183,100053,183,100344,183,100052,183,100417,183,100033,183,100421,100,99923,100,100478,100,99906,100,100485,100,99862,200,100570,100,99861,100,100967,100,99811,100
2019-06-28 09:54:20.000000000,100308,241,100128,241,100312,237,100106,237,100331,237,100053,237,100344,100,100052,100,100417,100,100033,100,100421,100,99923,100,100478,100,99906,100,100485,100,99862,200,100570,100,99861,100,100967,100,99811,100
2019-06-28 09:54:30.000000000,100308,514,100128,514,100312,100,100106,100,100331,100,100053,100,100344,100,100052,100,100417,100,100033,100,100421,100,99923,100,100478,100,99906,100,100485,100,99862,200,100570,100,99861,100,100967,100,99811,100
2019-06-28 09:54:31.327761222,100308,514,100128,514,100312,100,100106,100,100331,100,100053,100,100344,100,100052,100,100417,100,100033,100,100421,100,99923,100,100478,100,99906,100,100485,100,99862,200,100570,100,99861,100,100967,100,99811,100
2019-06-28 09:54:36.684384421,100308,414,100128,514,100312,100,100106,100,100331,100,100053,100,100344,100,100052,100,100417,100,100033,100,100421,100,99923,100,100478,100,99906,100,100485,100,99862,200,100570,100,99861,100,100967,100,99811,100
2019-06-28 09:54:40.000000000,100312,514,100128,514,100331,100,100106,100,100344,100,100053,100,100417,100,100052,100,100421,100,100033,100,100478,100,99923,100,100485,100,99906,100,100570,100,99862,200,100967,100,99861,100,101029,100,99811,100
2019-06-28 09:54:47.054147435,100312,414,100128,514,100331,100,100106,100,100344,100,100053,100,100417,100,100052,100,100421,100,100033,100,100478,100,99923,100,100485,100,99906,100,100570,100,99862,200,100967,100,99861,100,101029,100,99811,100
2019-06-28 09:54:50.000000000,100331,183,100128,183,100344,183,100106,183,100417,183,100053,183,100421,183,100052,183,100478,183,100033,183,100485,100,99923,100,100570,100,99906,100,100967,100,99862,200,101029,100,99861,100,101095,100,99811,100
2019-06-28 09:55:00.000000000,100331,307,100128,307,100344,307,100106,307,100417,100,100053,100,100421,100,100052,100,100478,100,100033,100,100485,100,99923,100,100570,100,99906,100,100967,100,99862,200,101029,100,99861,100,101095,100,99811,100
2019-06-28 09:55:07.424967689,100331,207,100128,307,100344,307,100106,307,100417,100,100053,100,100421,100,100052,100,100478,100,100033,100,100485,100,99923,100,100570,100,99906,100,100967,100,99862,200,101029,100,99861,100,101095,100,99811,100
2019-06-28 09:55:10.000000000,100344,183,100128,183,100417,183,100106,183,100421,183,100053,183,100478,183,100052,183,100485,183,100033,183,100570,100,99923,100,100967,100,99906,100,101029,100,99862,200,101095,100,99861,100,101277,100,99811,100
2019-06-28 09:55:20.000000000,100344,514,100128,514,100417,100,100106,100,100421,100,100053,100,100478,100,100052,100,100485,100,100033,100,100570,100,99923,100,100967,100,99906,100,101029,100,99862,200,101095,100,99861,100,101277,100,99811,100
2019-06-28 09:55:30.000000000,100344,307,100128,307,100417,307,100106,307,100421,100,100053,100,100478,100,100052,100,100485,100,100033,100,100570,100,99923,100,100967,100,99906,100,101029,100,99862,200,101095,100,99861,100,101277,100,99811,100
2019-06-28 09:55:32.524772899,100344,207,100128,307,100417,307,100106,307,100421,100,100053,100,100478,100,100052,100,100485,100,100033,100,100570,100,99923,100,100967,100,99906,100,101029,100,99862,100,101095,100,99861,100,101277,100,99811,100
2019-06-28 09:55:40.000000000,100417,514,100128,514,100421,100,100106,100,100478,100,100053,100,100485,100,100052,100,100570,100,100033,100,100967,100,99923,100,101029,100,99906,100,101095,100,99862,100,101277,100,99861,100,101832,100,99811,100
2019-06-28 09:55:50.000000000,100417,307,100128,307,100421,307,100106,307,100478,100,100053,100,100485,100,100052,100,100570,100,100033,100,100967,100,99923,100,101029,100,99906,100,101095,100,99862,100,101277,100,99861,100,101832,100,99811,100
2019-06-28 09:55:59.599955197,100417,307,100128,307,100421,307,100106,307,100478,100,100053,100,100485,100,100052,100,100570,100,100033,100,101029,100,99923,100,101095,100,99906,100,101277,100,99862,100,101626,100,99861,100,101832,100,99811,100
2019-06-28 09:56:00.000000000,100417,241,100128,241,100421,237,100106,237,100478,237,100053,237,100485,100,100052,100,100570,100,100033,100,101029,100,99923,100,101095,100,99906,100,101277,100,99862,100,101626,100,99861,100,101832,100,99811,100
2019-06-28 09:56:10.000000000,100417,183,100128,183,100421,183,100106,183,100478,183,100053,183,100485,183,100052,183,100570,183,100033,183,101029,100,99923,100,101095,100,99906,100,101277,100,99862,100,101626,100,99861,100,101832,100,99811,100
2019-06-28 09:56:15.347840482,100417,83,100128,183,100421,183,100106,183,100478,183,100053,183,100485,183,100052,183,100570,183,100033,183,101029,100,99923,100,101095,100,99906,100,101277,100,99862,100,101626,100,99861,100,101832,100,99811,100
2019-06-28 09:56:20.000000000,100421,307,100128,307,100478,307,100106,307,100485,100,100053,100,100570,100,100052,100,101029,100,100033,100,101095,100,99923,100,101277,100,99906,100,101626,100,99862,100,101832,100,99861,100,101840,100,99811,100
2019-06-28 09:56:30.000000000,100421,514,100128,514,100478,100,100106,100,100485,100,100053,100,100570,100,100052,100,101029,100,100033,100,101095,100,99923,100,101277,100,99906,100,101626,100,99862,100,101832,100,99861,100,101840,100,99811,100
2019-06-28 09:56:40.000000000,100421,204,100128,204,100478,204,100106,204,100485,204,100053,204,100570,204,100052,204,101029,100,100033,100,101095,100,99923,100,101277,100,99906,100,101626,100,99862,100,101832,100,99861,100,101840,100,99811,100
2019-06-28 09:56:43.793246964,100421,204,100344,100,100478,204,100128,204,100485,204,100106,104,100570,204,100053,204,101029,100,100052,204,101095,100,100033,100,101277,100,99923,100,101626,100,99906,100,101832,100,99862,100,101840,100,99861,100
2019-06-28 09:56:49.170293063,100421,204,100344,200,100478,204,100128,204,100485,204,100106,104,100570,204,100053,204,101029,100,100052,204,101095,100,100033,100,101277,100,99923,100,101626,100,99906,100,101832,100,99862,100,101840,100,99861,100
2019-06-28 09:56:50.000000000,100421,241,100344,341,100478,237,100128,237,100485,237,100053,237,100570,100,100052,100,101029,100,100033,100,101095,100,99923,100,101277,100,99906,100,101626,100,99862,100,101832,100,99861,100,101840,100,99811,100
2019-06-28 09:56:57.032031410,100421,241,100344,341,100478,237,100128,237,100485,237,100053,237,100570,100,100052,100,101029,100,100033,100,101095,100,99923,100,101277,100,99906,100,101626,100,99862,100,101832,100,99861,100,101840,100,99811,100
2019-06-28 09:57:00.000000000,100421,241,100344,341,100478,237,100128,237,100485,237,100053,237,100570,100,100052,100,101029,100,100033,100,101095,100,99923,100,101277,100,99906,100,101626,100,99862,100,101832,100,99861,100,101840,100,99811,100
2019-06-28 09:57:10.000000000,100421,307,100344,407,100478,307,100128,307,100485,100,100053,100,100570,100,100052,100,101029,100,100033,100,101095,100,99923,100,101277,100,99906,100,101626,100,99862,100,101832,100,99861,100,101840,100,99811,100
2019-06-28 09:57:17.187100240,100421,207,100344,407,100478,307,100128,307,100485,100,100053,100,100570,100,100052,100,101029,100,100033,100,101095,100,99923,100,101277,100,99906,100,101626,100,99862,100,101832,100,99861,100,101840,100,99811,100
2019-06-28 09:57:20.000000000,100478,183,100344,283,100485,183,100128,183,100570,183,100053,183,101029,183,100052,183,101095,183,100033,183,101277,100,99923,100,101626,100,99906,100,101832,100,99862,100,101840,100,99861,100,102047,100,99811,100
2019-06-28 09:57:30.000000000,100478,307,100344,407,100485,307,100128,307,100570,100,100053,100,101029,100,100052,100,101095,100,100033,100,101277,100,99923,100,101626,100,99906,100,101832,100,99862,100,101840,100,99861,100,102047,100,99811,100
2019-06-28 09:57:40.000000000,100478,183,100344,283,100485,183,100128,183,100570,183,100053,183,101029,183,100052,183,101095,183,100033,183,101277,100,99923,100,101626,100,99906,100,101832,100,99862,100,101840,100,99861,100,102047,100,99811,100
2019-06-28 09:57:50.000000000,100478,307,100344,407,100485,307,100128,307,100570,100,100053,100,101029,100,100052,100,101095,100,100033,100,101277,100,99923,100,101626,100,99906,100,101832,100,99862,100,101840,100,99861,100,102047,100,99811,100
2019-06-28 09:58:00.000000000,100478,204,100344,304,100485,204,100128,204,100570,204,100053,204,101029,204,100052,204,101095,100,100033,100,101277,100,99923,100,101626,100,99906,100,101832,100,99862,100,101840,100,99861,100,102047,100,99811,100
2019-06-28 09:58:05.684775177,100478,204,100344,304,100485,204,100128,204,100570,204,100053,204,101029,204,100052,204,101095,100,100033,100,101277,100,99923,100,101626,100,99906,100,101651,100,99862,100,101832,100,99861,100,101840,100,99811,100
2019-06-28 09:58:05.769481056,100478,204,100344,304,100485,204,100128,204,100570,204,100053,204,101029,204,100052,204,101095,100,100033,100,101204,100,99923,100,101277,100,99906,100,101626,100,99861,100,101651,100,99811,100,101832,100,99454,100
2019-06-28 09:58:10.000000000,100478,183,100344,283,100485,183,100128,183,100570,183,100053,183,101029,183,100052,183,101095,183,100033,183,101204,100,99923,100,101277,100,99906,100,101626,100,99861,100,101651,100,99811,100,101832,100,99454,100
2019-06-28 09:58:20.000000000,100478,514,100344,614,100485,100,100128,100,100570,100,100053,100,101029,100,100052,100,101095,100,100033,100,101204,100,99923,100,101277,100,99906,100,101626,100,99861,100,101651,100,99811,100,101832,100,99454,100
2019-06-28 09:58:28.619280752,100478,514,100344,614,100485,100,100128,100,100570,100,100053,100,101029,100,100052,100,101095,100,100033,100,101204,100,99923,100,101277,100,99906,100,101285,100,99861,100,101626,100,99811,100,101651,100,99454,100
2019-06-28 09:58:30.000000000,100478,307,100344,407,100485,307,100128,307,100570,100,100053,100,101029,100,100052,100,101095,100,100033,100,101204,100,99923,100,101277,100,99906,100,101285,100,99861,100,101626,100,99811,100,101651,100,99454,100
2019-06-28 09:58:40.000000000,100478,183,100344,283,100485,183,100128,183,100570,183,100053,183,101029,183,100052,183,101095,183,100033,183,101204,100,99923,100,101277,100,99906,100,101285,100,99861,100,101626,100,99811,100,101651,100,99454,100
2019-06-28 09:58:50.000000000,100478,183,100344,283,100485,183,100128,183,100570,183,100053,183,101029,183,100052,183,101095,183,100033,183,101204,100,99923,100,101277,100,99906,100,101285,100,99861,100,101626,100,99811,100,101651,100,99454,100
2019-06-28 09:59:00.000000000,100478,514,100344,614,100485,100,100128,100,100570,100,100053,100,101029,100,100052,100,101095,100,100033,100,101204,100,99923,100,101277,100,99906,100,101285,100,99861,100,101626,100,99811,100,101651,100,99454,100
2019-06-28 09:59:10.000000000,100478,514,100344,614,100485,100,100128,100,100570,100,100053,100,101029,100,100052,100,101095,100,100033,100,101204,100,99923,100,101277,100,99906,100,101285,100,99861,100,101626,100,99811,100,101651,100,99454,100
2019-06-28 09:59:20.000000000,100478,514,100344,614,100485,100,100128,100,100570,100,100053,100,101029,100,100052,100,101095,100,100033,100,101204,100,99923,100,101277,100,99906,100,101285,100,99861,100,101626,100,99811,100,101651,100,99454,100
2019-06-28 09:59:25.316383646,100478,514,100344,514,100485,100,100128,100,100570,100,100053,100,101029,100,100052,100,101095,100,100033,100,101204,100,99923,100,101277,100,99906,100,101285,100,99861,100,101626,100,99811,100,101651,100,99454,100
2019-06-28 09:59:30.000000000,100478,241,100344,241,100485,237,100128,237,100570,237,100053,237,101029,100,100052,100,101095,100,100033,100,101204,100,99923,100,101277,100,99906,100,101285,100,99861,100,101626,100,99811,100,101651,100,99454,100
2019-06-28 09:59:34.051637535,100478,241,100344,241,100485,237,100128,237,100570,237,100053,237,101029,100,100052,100,101095,100,100033,100,101204,100,99923,100,101277,100,99906,100,101285,100,99861,100,101626,100,99811,100,101651,100,99482,100
2019-06-28 09:59:35.227850210,100478,241,100344,141,100485,237,100128,237,100570,237,100053,237,101029,100,100052,100,101095,100,100033,100,101204,100,99923,100,101277,100,99906,100,101285,100,99811,100,101626,100,99482,100,101651,100,99454,100
2019-06-28 09:59:40.000000000,100478,514,100128,514,100485,100,100053,100,100570,100,100052,100,101029,100,100033,100,101095,100,99923,100,101204,100,99906,100,101277,100,99811,100,101285,100,99482,100,101626,100,99454,100,101651,100,99245,100
2019-06-28 09:59:50.000000000,100478,241,100128,241,100485,237,100053,237,100570,237,100052,237,101029,100,100033,100,101095,100,99923,100,101204,100,99906,100,101277,100,99811,100,101285,100,99482,100,101626,100,99454,100,101651,100,99245,100
2019-06-28 09:59:55.761085619,100478,241,100128,241,100485,237,100053,237,100570,237,100052,237,101029,100,100033,100,101095,100,99923,100,101204,100,99906,100,101277,100,99811,100,101285,100,99585,100,101626,100,99482,100,101651,100,99454,100
2019-06-28 10:00:00.000000000,100478,204,100128,204,100485,204,100053,204,100570,204,100052,204,101029,204,100033,204,101095,100,99923,100,101204,100,99906,100,101277,100,99811,100,101285,100,99585,100,101626,100,99482,100,101651,100,99454,100
2019-06-28 10:00:07.431648197,100478,204,100128,104,100485,204,100053,204,100570,204,100052,204,101029,204,100033,204,101095,100,99923,100,101204,100,99906,100,101277,100,99811,100,101285,100,99585,100,101626,100,99482,100,101651,100,99454,100
2019-06-28 10:00:10.000000000,100478,204,100053,204,100485,204,100052,204,100570,204,100033,204,101029,204,99923,204,101095,100,99906,100,101204,100,99811,100,101277,100,99585,100,101285,100,99482,100,101626,100,99454,100,101651,100,99245,100
2019-06-28 10:00:20.000000000,100478,183,100053,183,100485,183,100052,183,100570,183,100033,183,101029,183,99923,183,101095,183,99906,183,101204,100,99811,100,101277,100,99585,100,101285,100,99482,100,101626,100,99454,100,101651,100,99245,100
2019-06-28 10:00:23.428236429,100478,183,100053,83,100485,183,100052,183,100570,183,100033,183,101029,183,99923,183,101095,183,99906,183,101204,100,99811,100,101277,100,99585,100,101285,100,99482,100,101626,100,99454,100,101651,100,99245,100
2019-06-28 10:00:27.438232363,100053,17,100052,183,100478,183,100033,183,100485,183,99923,183,100570,183,99906,183,101029,183,99811,100,101095,183,99585,100,101204,100,99482,100,101277,100,99454,100,101285,100,99245,100,101626,100,,
2019-06-28 10:00:30.000000000,100053,121,100052,204,100478,204,100033,204,100485,204,99923,204,100570,204,99906,204,101029,100,99811,100,101095,100,99585,100,101204,100,99482,100,101277,100,99454,100,101285,100,99245,100,101626,100,,
2019-06-28 10:00:40.000000000,100053,100,100052,183,100478,183,100033,183,100485,183,99923,183,100570,183,99906,183,101029,183,99811,183,101095,100,99585,100,101204,100,99482,100,101277,100,99454,100,101285,100,99245,100,101626,100,,
2019-06-28 10:00:41.634748355,100053,200,100052,183,100478,183,100033,183,100485,183,99923,183,100570,183,99906,183,101029,183,99811,183,101095,100,99585,100,101204,100,99482,100,101277,100,99454,100,101285,100,99245,100,101626,100,,
2019-06-28 10:00:50.000000000,100053,531,100052,514,100478,100,100033,100,100485,100,99923,100,100570,100,99906,100,101029,100,99811,100,101095,100,99585,100,101204,100,99482,100,101277,100,99454,100,101285,100,99245,100,101626,100,,
2019-06-28 10:00:56.213713950,100053,531,100052,514,100478,100,100033,100,100485,100,99923,100,100570,100,99916,100,101029,100,99906,100,101095,100,99811,100,101204,100,99585,100,101277,100,99482,100,101285,100,99454,100,101626,100,99245,100
2019-06-28 10:01:00.000000000,100053,221,100052,204,100478,204,100033,204,100485,204,99923,204,100570,204,99916,204,101029,100,99906,100,101095,100,99811,100,101204,100,99585,100,101277,100,99482,100,101285,100,99454,100,101626,100,99245,100
2019-06-28 10:01:10.000000000,100053,200,100052,183,100478,183,100033,183,100485,183,99923,183,100570,183,99916,183,101029,183,99906,183,101095,100,99811,100,101204,100,99585,100,101277,100,99482,100,101285,100,99454,100,101626,100,99245,100
2019-06-28 10:01:10.629231348,100053,200,100052,183,100478,183,100033,183,100485,183,99923,183,100570,183,99916,183,101029,183,99906,183,101095,100,99811,100,101204,100,99775,100,101285,100,99585,100,101626,100,99482,100,101651,100,99454,100
2019-06-28 10:01:20.000000000,100053,531,100052,514,100478,100,100033,100,100485,100,99923,100,100570,100,99916,100,101029,100,99906,100,101095,100,99811,100,101204,100,99775,100,101285,100,99585,100,101626,100,99482,100,101651,100,99454,100
2019-06-28 10:01:20.545642921,100053,531,100052,514,100478,100,100033,100,100485,100,99964,100,100570,100,99923,100,101029,100,99916,100,101095,100,99906,100,101204,100,99811,100,101285,100,99775,100,101626,100,99585,100,101651,100,99454,100
2019-06-28 10:01:30.000000000,100053,221,100052,204,100478,204,100033,204,100485,204,99964,204,100570,204,99923,204,101029,100,99916,100,101095,100,99906,100,101204,100,99811,100,101285,100,99775,100,101626,100,99585,100,101651,100,99454,100
2019-06-28 10:01:40.000000000,100053,258,100052,241,100478,237,100033,237,100485,237,99964,237,100570,100,99923,100,101029,100,99916,100,101095,100,99906,100,101204,100,99811,100,101285,100,99775,100,101626,100,99585,100,101651,100,99454,100
2019-06-28 10:01:50.000000000,100053,221,100052,204,100478,204,100033,204,100485,204,99964,204,100570,204,99923,204,101029,100,99916,100,101095,100,99906,100,101204,100,99811,100,101285,100,99775,100,101626,100,99585,100,101651,100,99454,100
2019-06-28 10:02:00.000000000,100053,324,100052,307,100478,307,100033,307,100485,100,99964,100,100570,100,99923,100,101029,100,99916,100,101095,100,99906,100,101204,100,99811,100,101285,100,99775,100,101626,100,99585,100,101651,100,99454,100
2019-06-28 10:02:10.000000000,100053,221,100052,204,100478,204,100033,204,100485,204,99964,204,100570,204,99923,204,101029,100,99916,100,101095,100,99906,100,101204,100,99811,100,101285,100,99775,100,101626,100,99585,100,101651,100,99454,100
2019-06-28 10:02:11.311792406,100053,121,100052,204,100478,204,100033,204,100485,204,99964,204,100570,204,99923,204,101029,100,99916,100,101095,100,99906,100,101204,100,99811,100,101285,100,99775,100,101626,100,99585,100,101651,100,99454,100
2019-06-28 10:02:20.000000000,100053,158,100052,241,100478,237,100033,237,100485,237,99964,237,100570,100,99923,100,101029,100,99916,100,101095,100,99906,100,101204,100,99811,100,101285,100,99775,100,101626,100,99585,100,101651,100,99454,100
2019-06-28 10:02:20.032312914,100053,158,100052,241,100478,237,100033,237,100485,237,99964,237,100505,100,99923,100,100570,100,99916,100,101029,100,99906,100,101095,100,99811,100,101204,100,99775,100,101285,100,99585,100,101626,100,99454,100
2019-06-28 10:02:22.003533735,100053,158,100052,241,100297,100,100033,237,100478,237,99964,237,100485,237,99923,100,100505,100,99916,100,100570,100,99906,100,101029,100,99811,100,101095,100,99775,100,101204,100,99585,100,101285,100,99454,100
2019-06-28 10:02:24.784630536,100053,58,100052,241,100297,100,100033,237,100478,237,99964,237,100485,237,99923,100,100505,100,99916,100,100570,100,99906,100,101029,100,99811,100,101095,100,99775,100,101204,100,99585,100,101285,100,99454,100
2019-06-28 10:02:27.660224878,100053,58,100052,241,100297,100,100033,237,100478,237,99964,237,100485,237,99923,100,100495,100,99916,100,100505,100,99906,100,100570,100,99811,100,101029,100,99585,100,101095,100,99454,100,101204,100,99245,100
2019-06-28 10:02:27.891641439,100297,100,100053,42,100478,237,100052,241,100485,237,100033,237,100495,100,99964,237,100505,100,99923,100,100570,100,99916,100,101029,100,99906,100,101095,100,99811,100,101204,100,99585,100,101285,100,99454,100
2019-06-28 10:02:30.000000000,100297,307,100053,249,100478,307,100052,307,100485,100,100033,100,100495,100,99964,100,100505,100,99923,100,100570,100,99916,100,101029,100,99906,100,101095,100,99811,100,101204,100,99585,100,101285,100,99454,100
2019-06-28 10:02:40.000000000,100297,514,100053,456,100478,100,100052,100,100485,100,100033,100,100495,100,99964,100,100505,100,99923,100,100570,100,99916,100,101029,100,99906,100,101095,100,99811,100,101204,100,99585,100,101285,100,99454,100
2019-06-28 10:02:50.000000000,100297,183,100053,125,100478,183,100052,183,100485,183,100033,183,100495,183,99964,183,100505,183,99923,183,100570,100,99916,100,101029,100,99906,100,101095,100,99811,100,101204,100,99585,100,101285,100,99454,100
2019-06-28 10:02:53.570669065,100297,83,100053,125,100478,183,100052,183,100485,183,100033,183,100495,183,99964,183,100505,183,99923,183,100570,100,99916,100,101029,100,99906,100,101095,100,99811,100,101204,100,99585,100,101285,100,99454,100
2019-06-28 10:02:54.899932510,100478,183,100297,17,100485,183,100053,125,100495,183,100052,183,100505,183,100033,183,100570,100,99964,183,101029,100,99923,183,101095,100,99916,100,101204,100,99906,100,101285,100,99811,100,101626,100,99585,100
2019-06-28 10:03:00.000000000,100478,307,100297,224,100485,307,100053,249,100495,100,100052,100,100505,100,100033,100,100570,100,99964,100,101029,100,99923,100,101095,100,99916,100,101204,100,99906,100,101285,100,99811,100,101626,100,99585,100
2019-06-28 10:03:10.000000000,100478,183,100297,100,100485,183,100053,125,100495,183,100052,183,100505,183,100033,183,100570,183,99964,183,101029,100,99923,100,101095,100,99916,100,101204,100,99906,100,101285,100,99811,100,101626,100,99585,100
2019-06-28 10:03:20.000000000,100478,183,100297,100,100485,183,100053,125,100495,183,100052,183,100505,183,100033,183,100570,183,99964,183,101029,100,99923,100,101095,100,99916,100,101204,100,99906,100,101285,100,99811,100,101626,100,99585,100
2019-06-28 10:03:27.445224929,100478,183,100297,100,100485,183,100053,125,100495,183,100052,183,100505,183,100035,100,100570,183,100033,183,101029,100,99964,183,101095,100,99923,100,101204,100,99916,100,101285,100,99906,100,101626,100,99811,100
2019-06-28 10:03:30.000000000,100478,241,100297,158,100485,237,100053,179,100495,237,100052,237,100505,100,100035,100,100570,100,100033,100,101029,100,99964,100,101095,100,99923,100,101204,100,99916,100,101285,100,99906,100,101626,100,99811,100
2019-06-28 10:03:40.000000000,100478,204,100297,121,100485,204,100053,146,100495,204,100052,204,100505,204,100035,204,100570,100,100033,100,101029,100,99964,100,101095,100,99923,100,101204,100,99916,100,101285,100,99906,100,101626,100,99811,100
2019-06-28 10:03:50.000000000,100478,514,100297,431,100485,100,100053,42,100495,100,100052,100,100505,100,100035,100,100570,100,100033,100,101029,100,99964,100,101095,100,99923,100,101204,100,99916,100,101285,100,99906,100,101626,100,99811,100
2019-06-28 10:04:00.000000000,100478,307,100297,224,100485,307,100053,249,100495,100,100052,100,100505,100,100035,100,100570,100,100033,100,101029,100,99964,100,101095,100,99923,100,101204,100,99916,100,101285,100,99906,100,101626,100,99811,100
2019-06-28 10:04:10.000000000,100478,183,100297,100,100485,183,100053,125,100495,183,100052,183,100505,183,100035,183,100570,183,100033,183,101029,100,99964,100,101095,100,99923,100,101204,100,99916,100,101285,100,99906,100,101626,100,99811,100
2019-06-28 10:04:20.000000000,100478,241,100297,158,100485,237,100053,179,100495,237,100052,237,100505,100,100035,100,100570,100,100033,100,101029,100,99964,100,101095,100,99923,100,101204,100,99916,100,101285,100,99906,100,101626,100,99811,100
2019-06-28 10:04:22.349945963,100478,141,100297,158,100485,237,100053,179,100495,237,100052,237,100505,100,100035,100,100570,100,100033,100,101095,100,99964,100,101204,100,99923,100,101285,100,99916,100,101626,100,99906,100,101832,100,99811,100
2019-06-28 10:04:30.000000000,100485,241,100297,158,100495,237,100053,179,100505,237,100052,237,100570,100,100035,100,101095,100,100033,100,101204,100,99964,100,101285,100,99923,100,101626,100,99916,100,101832,100,99906,100,101840,100,99811,100
2019-06-28 10:04:40.000000000,100485,204,100297,121,100495,204,100053,146,100505,204,100052,204,100570,204,100035,204,101095,100,100033,100,101204,100,99964,100,101285,100,99923,100,101626,100,99916,100,101832,100,99906,100,101840,100,99811,100
2019-06-28 10:04:50.000000000,100485,241,100297,158,100495,237,100053,179,100505,237,100052,237,100570,100,100035,100,101095,100,100033,100,101204,100,99964,100,101285,100,99923,100,101626,100,99916,100,101832,100,99906,100,101840,100,99811,100
2019-06-28 10:05:00.000000000,100485,241,100297,158,100495,237,100053,179,100505,237,100052,237,100570,100,100035,100,101095,100,100033,100,101204,100,99964,100,101285,100,99923,100,101626,100,99916,100,101832,100,99906,100,101840,100,99811,100
2019-06-28 10:05:10.000000000,100485,307,100297,224,100495,307,100053,249,100505,100,100052,100,100570,100,100035,100,101095,100,100033,100,101204,100,99964,100,101285,100,99923,100,101626,100,99916,100,101832,100,99906,100,101840,100,99811,100
2019-06-28 10:05:11.458385781,100485,307,100298,100,100495,307,100297,224,100505,100,100053,249,100570,100,100052,100,101095,100,100035,100,101204,100,100033,100,101285,100,99964,100,101626,100,99923,100,101832,100,99916,100,101840,100,99906,100
2019-06-28 10:05:20.000000000,100485,204,100298,204,100495,204,100297,121,100505,204,100053,146,100570,204,100052,204,101095,100,100035,100,101204,100,100033,100,101285,100,99964,100,101626,100,99923,100,101832,100,99916,100,101840,100,99906,100
2019-06-28 10:05:28.876588981,100485,104,100298,204,100495,204,100297,121,100505,204,100053,146,100570,204,100052,204,101095,100,100035,100,101204,100,100033,100,101285,100,99964,100,101626,100,99923,100,101832,100,99916,100,101840,100,99906,100
2019-06-28 10:05:30.000000000,100495,183,100298,183,100505,183,100297,100,100570,183,100053,125,101095,183,100052,183,101204,183,100035,183,101285,100,100033,100,101626,100,99964,100,101832,100,99923,100,101840,100,99916,100,102047,100,99906,100
2019-06-28 10:05:40.000000000,100495,183,100298,183,100505,183,100297,100,100570,183,100053,125,101095,183,100052,183,101204,183,100035,183,101285,100,100033,100,101626,100,99964,100,101832,100,99923,100,101840,100,99916,100,102047,100,99906,100
2019-06-28 10:05:50.000000000,100495,307,100298,307,100505,307,100297,224,100570,100,100053,42,101095,100,100052,100,101204,100,100035,100,101285,100,100033,100,101626,100,99964,100,101832,100,99923,100,101840,100,99916,100,102047,100,99906,100
2019-06-28 10:05:51.767259260,100495,307,100298,307,100505,307,100297,224,100570,100,100053,42,100872,100,100052,100,101095,100,100035,100,101204,100,100033,100,101285,100,99964,100,101626,100,99923,100,101832,100,99916,100,101840,100,99906,100
2019-06-28 10:06:00.000000000,100495,241,100298,241,100505,237,100297,154,100570,237,100053,179,100872,100,100052,100,101095,100,100035,100,101204,100,100033,100,101285,100,99964,100,101626,100,99923,100,101832,100,99916,100,101840,100,99906,100
2019-06-28 10:06:04.508448182,100495,141,100298,241,100505,237,100297,154,100570,237,100053,179,100872,100,100052,100,101095,100,100033,100,101204,100,99964,100,101285,100,99923,100,101626,100,99916,100,101832,100,99906,100,101840,100,99811,100
2019-06-28 10:06:10.000000000,100505,204,100298,204,100570,204,100297,121,100872,204,100053,146,101095,204,100052,204,101204,100,100033,100,101285,100,99964,100,101626,100,99923,100,101832,100,99916,100,101840,100,99906,100,102225,100,99811,100
2019-06-28 10:06:17.659403100,100505,204,100485,100,100570,204,100298,204,100872,204,100297,121,101095,204,100053,146,101204,100,100052,204,101285,100,100033,100,101626,100,99964,100,101832,100,99923,100,101840,100,99916,100,102225,100,99906,100
2019-06-28 10:06:20.000000000,100505,204,100485,204,100570,204,100298,204,100872,204,100297,121,101095,204,100053,146,101204,100,100052,100,101285,100,100033,100,101626,100,99964,100,101832,100,99923,100,101840,100,99916,100,102225,100,99906,100
2019-06-28 10:06:30.000000000,100505,307,100485,307,100570,307,100298,307,100872,100,100297,17,101095,100,100053,42,101204,100,100052,100,101285,100,100033,100,101626,100,99964,100,101832,100,99923,100,101840,100,99916,100,102225,100,99906,100
2019-06-28 10:06:40.000000000,100505,204,100485,204,100570,204,100298,204,100872,204,100297,121,101095,204,100053,146,101204,100,100052,100,101285,100,100033,100,101626,100,99964,100,101832,100,99923,100,101840,100,99916,100,102225,100,99906,100
2019-06-28 10:06:50.000000000,100505,514,100485,514,100570,100,100298,100,100872,100,100297,17,101095,100,100053,42,101204,100,100052,100,101285,100,100033,100,101626,100,99964,100,101832,100,99923,100,101840,100,99916,100,102225,100,99906,100
2019-06-28 10:07:00.000000000,100505,183,100485,183,100570,183,100298,183,100872,183,100297,100,101095,183,100053,125,101204,183,100052,183,101285,100,100033,100,101626,100,99964,100,101832,100,99923,100,101840,100,99916,100,102225,100,99906,100
2019-06-28 10:07:10.000000000,100505,183,100485,183,100570,183,100298,183,100872,183,100297,100,101095,183,100053,125,101204,183,100052,183,101285,100,100033,100,101626,100,99964,100,101832,100,99923,100,101840,100,99916,100,102225,100,99906,100
2019-06-28 10:07:12.902460743,100505,183,100485,83,100570,183,100298,183,100872,183,100297,100,101095,183,100053,125,101204,183,100052,183,101285,100,100033,100,101626,100,99964,100,101832,100,99923,100,101840,100,99916,100,102225,100,99906,100
2019-06-28 10:07:18.201752503,100505,83,100485,83,100570,183,100298,183,100872,183,100297,100,101095,183,100053,125,101204,183,100052,183,101285,100,100033,100,101626,100,99964,100,101832,100,99923,100,101840,100,99916,100,102225,100,99906,100
2019-06-28 10:07:20.000000000,100570,183,100298,183,100872,183,100297,100,101095,183,100053,125,101204,183,100052,183,101285,183,100033,183,101626,100,99964,100,101832,100,99923,100,101840,100,99916,100,102225,100,99906,100,102289,100,99811,100
2019-06-28 10:07:29.821469579,100570,183,100298,183,100837,100,100297,100,100872,183,100053,125,101095,183,100052,183,101204,183,100033,183,101285,183,99964,100,101626,100,99923,100,101832,100,99916,100,101840,100,99906,100,102225,100,99811,100
2019-06-28 10:07:30.000000000,100570,514,100298,514,100837,100,100297,17,100872,100,100053,42,101095,100,100052,100,101204,100,100033,100,101285,100,99964,100,101626,100,99923,100,101832,100,99916,100,101840,100,99906,100,102225,100,99811,100
2019-06-28 10:07:40.000000000,100570,241,100298,241,100837,237,100297,154,100872,237,100053,179,101095,100,100052,100,101204,100,100033,100,101285,100,99964,100,101626,100,99923,100,101832,100,99916,100,101840,100,99906,100,102225,100,99811,100
2019-06-28 10:07:50.000000000,100570,183,100298,183,100837,183,100297,100,100872,183,100053,125,101095,183,100052,183,101204,183,100033,183,101285,100,99964,100,101626,100,99923,100,101832,100,99916,100,101840,100,99906,100,102225,100,99811,100
2019-06-28 10:07:50.381216838,100469,100,100298,183,100570,183,100297,100,100837,183,100053,125,100872,183,100052,183,101095,183,100033,183,101204,183,99964,100,101285,100,99923,100,101626,100,99916,100,101832,100,99906,100,101840,100,99811,100
2019-06-28 10:07:51.000726413,100570,183,100298,183,100837,183,100297,100,100872,183,100053,125,101095,183,100052,183,101204,183,100033,183,101285,100,99964,100,101626,100,99923,100,101832,100,99916,100,101840,100,99906,100,102225,100,99811,100
2019-06-28 10:08:00.000000000,100570,514,100298,514,100837,100,100297,17,100872,100,100053,42,101095,100,100052,100,101204,100,100033,100,101285,100,99964,100,101626,100,99923,100,101832,100,99916,100,101840,100,99906,100,102225,100,99811,100
2019-06-28 10:08:09.138246796,100570,514,100371,100,100837,100,100298,514,100872,100,100297,17,101095,100,100053,42,101204,100,100052,100,101285,100,100033,100,101626,100,99923,100,101832,100,99916,100,101840,100,99906,100,102225,100,99811,100
2019-06-28 10:08:10.000000000,100570,183,100371,183,100837,183,100298,183,100872,183,100297,100,101095,183,100053,125,101204,183,100052,183,101285,100,100033,100,101626,100,99923,100,101832,100,99916,100,101840,100,99906,100,102225,100,99811,100
2019-06-28 10:08:11.861640653,100473,100,100371,183,100570,183,100298,183,100837,183,100297,100,100872,183,100053,125,101095,183,100052,183,101204,183,100033,100,101285,100,99923,100,101626,100,99916,100,101832,100,99906,100,101840,100,99811,100
2019-06-28 10:08:15.430292235,100473,100,100371,183,100570,83,100298,183,100837,183,100297,200,100872,183,100053,125,101095,183,100052,183,101204,183,100033,100,101285,100,99923,100,101626,100,99916,100,101832,100,99906,100,101840,100,99811,100
2019-06-28 10:08:20.000000000,100473,241,100371,241,100837,237,100298,237,100872,237,100297,254,101095,100,100053,42,101204,100,100052,100,101285,100,100033,100,101626,100,99923,100,101832,100,99916,100,101840,100,99906,100,102225,100,99811,100
2019-06-28 10:08:25.963089899,100473,241,100371,241,100612,100,100298,237,100837,237,100297,254,100872,237,100053,42,101095,100,100052,100,101204,100,100033,100,101285,100,99923,100,101626,100,99916,100,101832,100,99906,100,101840,100,99811,100
2019-06-28 10:08:29.807379630,100473,241,100371,241,100612,100,100298,237,100704,100,100297,254,100837,237,100053,42,100872,237,100052,100,101095,100,100033,100,101204,100,99923,100,101285,100,99916,100,101626,100,99906,100,101832,100,99811,100
2019-06-28 10:08:30.000000000,100473,204,100371,204,100612,204,100298,204,100704,204,100297,221,100837,204,100053,146,100872,100,100052,100,101095,100,100033,100,101204,100,99923,100,101285,100,99916,100,101626,100,99906,100,101832,100,99811,100
2019-06-28 10:08:40.000000000,100473,307,100371,307,100612,307,100298,307,100704,100,100297,117,100837,100,100053,42,100872,100,100052,100,101095,100,100033,100,101204,100,99923,100,101285,100,99916,100,101626,100,99906,100,101832,100,99811,100
2019-06-28 10:08:50.000000000,100473,204,100371,204,100612,204,100298,204,100704,204,100297,221,100837,204,100053,146,100872,100,100052,100,101095,100,100033,100,101204,100,99923,100,101285,100,99916,100,101626,100,99906,100,101832,100,99811,100
2019-06-28 10:08:50.780708522,100473,204,100371,204,100612,204,100298,204,100704,204,100297,221,100837,204,100227,100,100872,100,100053,146,101095,100,100052,100,101285,100,100033,100,101626,100,99923,100,101832,100,99916,100,101840,100,99906,100
2019-06-28 10:09:00.000000000,100473,514,100371,514,100612,100,100298,100,100704,100,100297,117,100837,100,100227,100,100872,100,100053,42,101095,100,100052,100,101285,100,100033,100,101626,100,99923,100,101832,100,99916,100,101840,100,99906,100
2019-06-28 10:09:10.000000000,100473,241,100371,241,100612,237,100298,237,100704,237,100297,254,100837,100,100227,100,100872,100,100053,42,101095,100,100052,100,101285,100,100033,100,101626,100,99923,100,101832,100,99916,100,101840,100,99906,100
2019-06-28 10:09:12.317766788,100473,241,100371,141,100612,237,100298,237,100704,237,100297,254,100837,100,100227,100,100872,100,100053,42,101095,100,100052,100,101285,100,100033,100,101626,100,99923,100,101832,100,99916,100,101840,100,99906,100
2019-06-28 10:09:13.368734125,100473,241,100371,141,100612,237,100298,237,100704,237,100297,254,100837,100,100227,100,100872,100,100194,100,101095,100,100053,42,101285,100,100052,100,101626,100,100033,100,101832,100,99923,100,101840,100,99916,100
