,ask_price_1,ask_size_1,bid_price_1,bid_size_1,ask_price_2,ask_size_2,bid_price_2,bid_size_2,ask_price_3,ask_size_3,bid_price_3,bid_size_3,ask_price_4,ask_size_4,bid_price_4,bid_size_4,ask_price_5,ask_size_5,bid_price_5,bid_size_5,ask_price_6,ask_size_6,bid_price_6,bid_size_6,ask_price_7,ask_size_7,bid_price_7,bid_size_7,ask_price_8,ask_size_8,bid_price_8,bid_size_8,ask_price_9,ask_size_9,bid_price_9,bid_size_9,ask_price_10,ask_size_10,bid_price_10,bid_size_10
2019-06-28 09:30:00.000000001,100081,100,,,100092,100,,,,,,,,,,,,,,,,,,,,,,,,,,,,,,,,,,
2019-06-28 09:30:00.000000002,100081,100,99938,100,100092,100,99919,100,,,,,,,,,,,,,,,,,,,,,,,,,,,,,,,,
2019-06-28 09:30:00.000000005,100081,100,99919,100,100092,100,,,,,,,,,,,,,,,,,,,,,,,,,,,,,,,,,,
2019-06-28 09:30:00.000000007,100081,100,99997,100,100092,100,99919,100,,,,,,,,,,,,,,,,,,,,,,,,,,,,,,,,
2019-06-28 09:30:00.000000012,100081,100,99997,100,100092,100,99919,100,100118,100,,,,,,,,,,,,,,,,,,,,,,,,,,,,,,
2019-06-28 09:30:00.000000014,100081,100,99997,100,100092,100,99959,100,100118,100,99925,100,,,99919,100,,,,,,,,,,,,,,,,,,,,,,,,
2019-06-28 09:30:00.000000015,100081,100,100050,100,100092,100,99997,100,100118,100,99959,100,,,99925,100,,,99919,100,,,,,,,,,,,,,,,,,,,,
2019-06-28 09:30:00.000000016,100081,100,100050,100,100092,100,99997,100,100118,100,99990,100,,,99959,100,,,99925,100,,,99919,100,,,99813,100,,,,,,,,,,,,
2019-06-28 09:30:00.000000018,100081,100,100050,100,100092,100,100005,100,100118,100,99997,100,,,99990,100,,,99970,100,,,99959,100,,,99925,100,,,99919,100,,,99813,100,,,,
2019-06-28 09:30:00.000000019,100057,100,100050,100,100081,100,100005,100,100092,100,99997,100,100118,100,99990,100,,,99970,100,,,99959,100,,,99947,100,,,99925,100,,,99919,100,,,99813,100
2019-06-28 09:30:00.000000021,100057,100,100050,100,100081,100,100005,100,100092,100,99997,100,100118,100,99990,100,,,99970,100,,,99965,100,,,99959,100,,,99947,100,,,99925,100,,,99919,100
2019-06-28 09:30:00.000000022,100057,100,100050,100,100081,100,100005,100,100092,100,99997,100,100102,100,99990,100,100118,100,99970,100,,,99965,100,,,99959,100,,,99947,100,,,99925,100,,,99919,100
2019-06-28 09:30:00.000000023,100057,100,100050,100,100081,100,100005,100,100092,100,99997,100,100102,100,99990,100,100118,100,99970,100,100135,100,99965,100,,,99959,100,,,99947,100,,,99946,100,,,99925,100
2019-06-28 09:30:00.000000024,100057,100,100005,100,100081,100,99997,100,100092,100,99990,100,100102,100,99970,100,100118,100,99965,100,100135,100,99959,100,,,99947,100,,,99946,100,,,99938,100,,,99925,100
2019-06-28 09:30:00.000000025,100057,100,100005,100,100081,100,99997,100,100092,100,99990,100,100102,100,99970,100,100118,100,99965,100,100135,100,99959,100,,,99947,100,,,99946,100,,,99938,100,,,99925,100
2019-06-28 09:30:00.000000026,100037,100,100005,100,100057,100,99997,100,100081,100,99990,100,100092,100,99970,100,100102,100,99965,100,100118,100,99959,100,100135,100,99947,100,,,99946,100,,,99938,100,,,99925,100
2019-06-28 09:30:00.000000028,100037,100,100005,100,100057,100,99997,100,100081,100,99990,100,100092,100,99970,100,100102,100,99965,100,100118,100,99959,100,100135,100,99947,100,,,99946,100,,,99938,100,,,99925,100
2019-06-28 09:30:00.000000029,100037,100,100005,100,100057,100,99997,100,100081,100,99990,100,100092,100,99970,100,100102,100,99965,100,100118,100,99959,100,100135,100,99947,100,,,99946,100,,,99938,100,,,99932,100
2019-06-28 09:30:00.000000034,100037,100,100005,100,100057,100,99997,100,100081,100,99990,100,100089,100,99970,100,100092,100,99965,100,100102,100,99959,100,100118,100,99947,100,100135,100,99946,100,,,99938,200,,,99932,100
2019-06-28 09:30:00.000000036,100037,100,100005,100,100050,100,99997,100,100057,100,99990,100,100081,100,99970,100,100089,100,99965,100,100092,100,99959,100,100102,100,99947,100,100118,100,99946,100,100135,100,99938,200,100168,100,99932,100
2019-06-28 09:30:00.000000037,100037,100,99997,100,100050,100,99990,100,100057,100,99970,100,100081,100,99965,100,100089,100,99959,100,100092,100,99947,100,100102,100,99946,100,100118,100,99938,200,100135,100,99932,100,100168,100,99925,100
2019-06-28 09:30:00.000000038,100018,100,99997,100,100037,100,99990,100,100050,100,99970,100,100057,100,99965,100,100081,100,99959,100,100089,100,99947,100,100092,100,99946,100,100102,100,99938,200,100118,100,99932,100,100135,100,99925,100
2019-06-28 09:30:00.000000040,100018,100,99997,100,100037,100,99990,100,100050,100,99970,100,100057,100,99965,100,100081,100,99959,100,100089,100,99947,100,100091,100,99946,100,100092,100,99938,200,100102,100,99932,100,100118,100,99925,100
2019-06-28 09:30:00.000000041,100018,100,99997,100,100037,100,99990,100,100050,100,99970,100,100057,100,99965,100,100071,100,99959,100,100081,100,99947,100,100089,100,99946,100,100091,100,99938,200,100092,100,99932,100,100102,100,99925,100
2019-06-28 09:30:00.000000045,100018,100,99997,100,100037,100,99990,100,100050,100,99970,100,100057,100,99965,100,100071,100,99959,100,100081,100,99947,100,100089,100,99946,100,100091,100,99938,200,100092,100,99932,100,100102,100,99925,100
2019-06-28 09:30:00.000000046,100037,100,99997,100,100050,100,99990,100,100057,100,99970,100,100071,100,99965,100,100081,100,99959,100,100089,100,99947,100,100091,100,99946,100,100092,100,99938,200,100102,100,99932,100,100118,100,99925,100
2019-06-28 09:30:00.000000047,100037,100,100005,100,100050,100,99997,100,100057,100,99990,100,100071,100,99970,100,100081,100,99965,100,100089,100,99959,100,100091,100,99947,100,100092,100,99946,100,100102,100,99938,200,100118,100,99932,100
2019-06-28 09:30:00.000000048,100037,100,99997,100,100050,100,99990,100,100057,100,99970,100,100071,100,99965,100,100081,100,99959,100,100089,100,99947,100,100091,100,99946,100,100092,100,99938,200,100102,100,99932,100,100118,100,99925,100
2019-06-28 09:30:00.000000049,100037,100,99997,100,100050,100,99990,100,100057,100,99970,100,100071,100,99965,100,100081,100,99959,100,100089,100,99947,100,100091,100,99946,100,100092,100,99938,200,100102,100,99932,100,100118,100,99925,100
2019-06-28 09:30:00.000000051,100037,100,99997,100,100050,100,99990,100,100057,100,99970,100,100071,100,99965,100,100081,100,99959,100,100089,100,99947,100,100091,100,99946,100,100092,100,99938,200,100102,100,99932,100,100118,100,99925,100
2019-06-28 09:30:00.000000053,100037,100,100000,100,100050,100,99997,100,100057,100,99990,100,100071,100,99980,100,100081,100,99970,100,100089,100,99965,100,100091,100,99959,100,100092,100,99947,100,100102,100,99946,100,100118,100,99938,200
2019-06-28 09:30:00.000000056,100037,100,99997,100,100050,100,99990,100,100057,100,99980,100,100071,100,99970,100,100081,100,99965,100,100089,100,99959,100,100091,100,99947,100,100092,100,99946,100,100102,100,99938,200,100118,100,99932,100
2019-06-28 09:30:00.000000062,100037,100,99997,100,100050,100,99990,100,100057,100,99980,100,100071,100,99970,100,100081,100,99965,100,100089,100,99959,100,100091,100,99954,100,100092,100,99947,100,100102,100,99946,100,100118,100,99938,200
2019-06-28 09:30:00.000000064,100037,100,99997,100,100050,100,99990,100,100057,100,99980,100,100071,100,99970,100,100081,100,99965,100,100089,100,99959,100,100091,100,99954,100,100092,100,99947,100,100102,100,99946,100,100110,100,99938,200
2019-06-28 09:30:00.000000065,100050,100,99997,100,100057,100,99990,100,100071,100,99980,100,100081,100,99970,100,100089,100,99965,100,100091,100,99959,100,100092,100,99954,100,100102,100,99947,100,100110,100,99946,100,100118,100,99938,200
2019-06-28 09:30:00.000000074,100037,100,99997,100,100050,100,99990,100,100057,100,99980,100,100071,100,99970,100,100081,100,99965,100,100089,100,99959,100,100091,100,99954,100,100092,100,99947,100,100102,100,99946,100,100110,100,99938,200
2019-06-28 09:30:00.000000075,100037,100,100000,100,100050,100,99997,100,100057,100,99990,100,100071,100,99980,100,100081,100,99970,100,100089,100,99965,100,100091,100,99959,100,100092,100,99954,100,100102,100,99947,100,100110,100,99946,100
2019-06-28 09:30:00.000000077,100037,200,100000,100,100050,100,99997,100,100057,100,99990,100,100071,100,99980,100,100081,100,99970,100,100089,100,99965,100,100091,100,99959,100,100092,100,99954,100,100102,100,99947,100,100110,100,99946,100
2019-06-28 09:30:00.000000079,100037,200,100023,100,100050,100,100000,100,100057,100,99997,100,100071,100,99990,100,100081,100,99980,100,100089,100,99970,100,100091,100,99965,100,100092,100,99959,100,100102,100,99954,100,100110,100,99947,100
2019-06-28 09:30:00.000000080,100037,200,100023,100,100041,100,100000,100,100050,100,99997,100,100053,100,99990,100,100057,100,99980,100,100071,100,99970,100,100081,100,99965,100,100089,100,99959,100,100091,100,99954,100,100092,100,99947,100
2019-06-28 09:30:00.000000081,100037,300,100023,100,100041,100,100000,100,100050,100,99997,100,100053,100,99990,100,100057,100,99980,100,100071,100,99970,100,100081,100,99965,100,100089,100,99959,100,100091,100,99954,100,100092,100,99947,100
2019-06-28 09:30:00.000000082,100037,400,100023,100,100041,100,100000,100,100050,100,99997,100,100053,100,99990,100,100057,100,99980,100,100071,100,99970,100,100081,100,99965,100,100089,100,99959,100,100091,100,99954,100,100092,100,99947,100
2019-06-28 09:30:00.000000084,100037,500,100023,100,100041,100,100000,100,100050,100,99997,100,100053,100,99990,100,100057,100,99980,100,100071,100,99970,100,100081,100,99965,100,100089,100,99959,100,100091,100,99954,100,100092,100,99947,100
2019-06-28 09:30:00.000000085,100037,500,100023,100,100041,100,100000,100,100050,100,99997,100,100053,100,99990,100,100057,100,99980,100,100071,100,99970,100,100081,100,99965,100,100089,100,99959,100,100091,100,99954,100,100092,100,99947,100
2019-06-28 09:30:00.000000087,100037,600,100023,100,100041,100,100000,100,100050,100,99997,100,100053,100,99990,100,100057,100,99980,100,100071,100,99970,100,100081,100,99965,100,100089,100,99959,100,100091,100,99954,100,100092,100,99947,100
2019-06-28 09:30:00.000000089,100037,600,100023,100,100041,100,100000,100,100050,100,99997,100,100053,100,99990,100,100057,100,99980,100,100071,100,99970,100,100081,100,99965,100,100089,100,99959,100,100091,100,99954,100,100092,100,99947,100
2019-06-28 09:30:00.000000092,100037,600,100023,100,100041,100,100000,100,100050,100,99997,100,100053,100,99990,100,100057,100,99980,100,100071,100,99970,100,100081,100,99965,100,100089,100,99959,100,100091,100,99954,100,100092,100,99947,100
2019-06-28 09:30:00.000000095,100037,600,100023,100,100041,100,100000,100,100050,100,99997,100,100053,100,99990,100,100057,100,99980,100,100071,100,99970,100,100081,100,99965,100,100089,100,99959,100,100091,100,99954,100,100092,100,99947,100
2019-06-28 09:30:00.000000096,100037,600,100023,100,100041,100,100000,100,100050,100,99997,100,100053,100,99990,100,100057,100,99980,100,100071,100,99970,100,100081,100,99965,100,100089,100,99959,100,100091,100,99954,100,100092,100,99947,100
2019-06-28 09:30:00.000000099,100024,100,100023,100,100037,600,100000,100,100041,100,99997,100,100050,100,99990,100,100053,100,99980,100,100057,100,99970,100,100071,100,99965,100,100081,100,99959,100,100089,100,99954,100,100091,100,99947,100
2019-06-28 09:30:10.000000000,100024,196,100023,196,100037,696,100000,196,100041,196,99997,196,100050,196,99990,196,100053,100,99980,100,100057,100,99970,100,100071,100,99965,100,100081,100,99959,100,100089,100,99954,100,100091,100,99947,100
2019-06-28 09:30:13.099862795,100024,196,100023,196,100037,696,100000,196,100041,196,99997,196,100045,100,99990,196,100050,196,99980,100,100053,100,99970,100,100057,100,99965,100,100071,100,99959,100,100081,100,99954,100,100089,100,99947,100
2019-06-28 09:30:20.000000000,100024,177,100023,177,100037,677,100000,177,100041,177,99997,177,100045,177,99990,177,100050,177,99980,177,100053,100,99970,100,100057,100,99965,100,100071,100,99959,100,100081,100,99954,100,100089,100,99947,100
2019-06-28 09:30:30.000000000,100024,486,100023,486,100037,600,100000,100,100041,100,99997,100,100045,100,99990,100,100050,100,99980,100,100053,100,99970,100,100057,100,99965,100,100071,100,99959,100,100081,100,99954,100,100089,100,99947,100
2019-06-28 09:30:40.000000000,100024,196,100023,196,100037,696,100000,196,100041,196,99997,196,100045,196,99990,196,100050,100,99980,100,100053,100,99970,100,100057,100,99965,100,100071,100,99959,100,100081,100,99954,100,100089,100,99947,100
2019-06-28 09:30:50.000000000,100024,196,100023,196,100037,696,100000,196,100041,196,99997,196,100045,196,99990,196,100050,100,99980,100,100053,100,99970,100,100057,100,99965,100,100071,100,99959,100,100081,100,99954,100,100089,100,99947,100
2019-06-28 09:30:51.304346364,100024,196,100023,196,100037,696,100000,196,100041,196,99997,196,100045,196,99990,196,100050,100,99980,100,100053,100,99970,100,100071,100,99965,100,100081,100,99959,100,100089,100,99954,100,100091,100,99947,100
2019-06-28 09:31:00.000000000,100024,486,100023,486,100037,600,100000,100,100041,100,99997,100,100045,100,99990,100,100050,100,99980,100,100053,100,99970,100,100071,100,99965,100,100081,100,99959,100,100089,100,99954,100,100091,100,99947,100
2019-06-28 09:31:09.998075762,100024,486,100023,486,100037,600,100000,100,100041,100,99997,100,100045,100,99990,100,100050,100,99980,100,100053,100,99970,100,100071,100,99965,100,100081,100,99959,100,100089,100,99954,100,100091,100,99947,100
2019-06-28 09:31:10.000000000,100024,196,100023,196,100037,696,100000,196,100041,196,99997,196,100045,196,99990,196,100050,100,99980,100,100053,100,99970,100,100071,100,99965,100,100081,100,99959,100,100089,100,99954,100,100091,100,99947,100
2019-06-28 09:31:20.000000000,100024,177,100023,177,100037,677,100000,177,100041,177,99997,177,100045,177,99990,177,100050,177,99980,177,100053,100,99970,100,100071,100,99965,100,100081,100,99959,100,100089,100,99954,100,100091,100,99947,100
2019-06-28 09:31:29.705682573,100024,177,100023,177,100037,677,100000,177,100041,177,99997,177,100045,177,99990,177,100050,177,99980,177,100053,100,99970,100,100071,100,99965,100,100081,100,99959,100,100089,100,99954,100,100091,100,99947,100
2019-06-28 09:31:30.000000000,100024,293,100023,293,100037,793,100000,293,100041,100,99997,100,100045,100,99990,100,100050,100,99980,100,100053,100,99970,100,100071,100,99965,100,100081,100,99959,100,100089,100,99954,100,100091,100,99947,100
2019-06-28 09:31:40.000000000,100024,196,100023,196,100037,696,100000,196,100041,196,99997,196,100045,196,99990,196,100050,100,99980,100,100053,100,99970,100,100071,100,99965,100,100081,100,99959,100,100089,100,99954,100,100091,100,99947,100
2019-06-28 09:31:50.000000000,100024,231,100023,231,100037,727,100000,227,100041,227,99997,227,100045,100,99990,100,100050,100,99980,100,100053,100,99970,100,100071,100,99965,100,100081,100,99959,100,100089,100,99954,100,100091,100,99947,100
2019-06-28 09:32:00.000000000,100024,486,100023,486,100037,600,100000,100,100041,100,99997,100,100045,100,99990,100,100050,100,99980,100,100053,100,99970,100,100071,100,99965,100,100081,100,99959,100,100089,100,99954,100,100091,100,99947,100
2019-06-28 09:32:10.000000000,100024,177,100023,177,100037,677,100000,177,100041,177,99997,177,100045,177,99990,177,100050,177,99980,177,100053,100,99970,100,100071,100,99965,100,100081,100,99959,100,100089,100,99954,100,100091,100,99947,100
2019-06-28 09:32:20.000000000,100024,486,100023,486,100037,600,100000,100,100041,100,99997,100,100045,100,99990,100,100050,100,99980,100,100053,100,99970,100,100071,100,99965,100,100081,100,99959,100,100089,100,99954,100,100091,100,99947,100
2019-06-28 09:32:21.305931784,100024,486,100023,486,100037,600,100000,100,100041,100,99997,100,100045,100,99990,100,100053,100,99980,100,100071,100,99970,100,100081,100,99965,100,100089,100,99959,100,100091,100,99954,100,100092,100,99947,100
2019-06-28 09:32:22.262710556,100024,486,100023,386,100037,600,100000,100,100041,100,99997,100,100045,100,99990,100,100053,100,99980,100,100071,100,99970,100,100081,100,99965,100,100089,100,99959,100,100091,100,99954,100,100092,100,99947,100
2019-06-28 09:32:30.000000000,100024,231,100000,231,100037,727,99997,227,100041,227,99990,227,100045,100,99980,100,100053,100,99970,100,100071,100,99965,100,100081,100,99959,100,100089,100,99954,100,100091,100,99947,100,100092,100,99946,100
2019-06-28 09:32:40.000000000,100024,486,100000,486,100037,600,99997,100,100041,100,99990,100,100045,100,99980,100,100053,100,99970,100,100071,100,99965,100,100081,100,99959,100,100089,100,99954,100,100091,100,99947,100,100092,100,99946,100
2019-06-28 09:32:45.101969039,100024,486,100000,386,100037,600,99997,100,100041,100,99990,100,100045,100,99980,100,100053,100,99970,100,100071,100,99965,100,100081,100,99959,100,100089,100,99954,100,100091,100,99947,100,100092,100,99946,100
2019-06-28 09:32:50.000000000,100024,486,99997,486,100037,600,99990,100,100041,100,99980,100,100045,100,99970,100,100053,100,99965,100,100071,100,99959,100,100081,100,99954,100,100089,100,99947,100,100091,100,99946,100,100092,100,99938,200
2019-06-28 09:32:55.312044654,100024,486,99997,386,100037,600,99990,100,100041,100,99980,100,100045,100,99970,100,100053,100,99965,100,100071,100,99959,100,100081,100,99954,100,100089,100,99947,100,100091,100,99946,100,100092,100,99938,200
2019-06-28 09:33:00.000000000,100024,196,99990,196,100037,696,99980,196,100041,196,99970,196,100045,196,99965,196,100053,100,99959,100,100071,100,99954,100,100081,100,99947,100,100089,100,99946,100,100091,100,99938,200,100092,100,99930,100
2019-06-28 09:33:10.000000000,100024,231,99990,231,100037,727,99980,227,100041,227,99970,227,100045,100,99965,100,100053,100,99959,100,100071,100,99954,100,100081,100,99947,100,100089,100,99946,100,100091,100,99938,200,100092,100,99930,100
2019-06-28 09:33:20.000000000,100024,293,99990,293,100037,793,99980,293,100041,100,99970,100,100045,100,99965,100,100053,100,99959,100,100071,100,99954,100,100081,100,99947,100,100089,100,99946,100,100091,100,99938,200,100092,100,99930,100
2019-06-28 09:33:20.906698016,100024,293,99990,293,100037,793,99980,293,100041,100,99970,100,100045,100,99965,100,100053,100,99959,100,100071,100,99954,100,100081,100,99947,100,100089,100,99946,100,100091,100,99938,200,100092,100,99930,100
2019-06-28 09:33:26.603562666,100000,100,99990,293,100024,293,99980,293,100037,793,99970,100,100041,100,99965,100,100045,100,99959,100,100053,100,99954,100,100071,100,99947,100,100081,100,99946,100,100089,100,99938,200,100091,100,99930,100
2019-06-28 09:33:30.000000000,100000,177,99990,177,100024,177,99980,177,100037,677,99970,177,100041,177,99965,177,100045,177,99959,177,100053,100,99954,100,100071,100,99947,100,100081,100,99946,100,100089,100,99938,200,100091,100,99930,100
2019-06-28 09:33:40.000000000,100000,231,99990,231,100024,227,99980,227,100037,727,99970,227,100041,100,99965,100,100045,100,99959,100,100053,100,99954,100,100071,100,99947,100,100081,100,99946,100,100089,100,99938,200,100091,100,99930,100
2019-06-28 09:33:50.000000000,100000,196,99990,196,100024,196,99980,196,100037,696,99970,196,100041,196,99965,196,100045,100,99959,100,100053,100,99954,100,100071,100,99947,100,100081,100,99946,100,100089,100,99938,200,100091,100,99930,100
2019-06-28 09:33:51.999697319,100000,196,99990,96,100024,196,99980,196,100037,696,99970,196,100041,196,99965,196,100045,100,99959,100,100053,100,99954,100,100071,100,99947,100,100081,100,99946,100,100089,100,99938,200,100091,100,99930,100
2019-06-28 09:34:00.000000000,100000,486,99980,486,100024,100,99970,100,100037,600,99965,100,100041,100,99959,100,100045,100,99954,100,100053,100,99947,100,100071,100,99946,100,100081,100,99938,200,100089,100,99930,100,100091,100,99925,100
2019-06-28 09:34:10.000000000,100000,231,99980,231,100024,227,99970,227,100037,727,99965,227,100041,100,99959,100,100045,100,99954,100,100053,100,99947,100,100071,100,99946,100,100081,100,99938,200,100089,100,99930,100,100091,100,99925,100
2019-06-28 09:34:14.420307046,100000,231,99980,131,100024,227,99970,227,100037,727,99965,227,100041,100,99959,100,100045,100,99954,100,100053,100,99947,100,100071,100,99946,100,100081,100,99938,200,100089,100,99930,100,100091,100,99925,100
2019-06-28 09:34:15.999325444,100000,231,99980,31,100024,227,99970,227,100037,727,99965,227,100041,100,99959,100,100045,100,99954,100,100053,100,99947,100,100071,100,99938,200,100081,100,99930,100,100089,100,99925,100,100091,100,99919,200
2019-06-28 09:34:20.000000000,100000,196,99970,196,100024,196,99965,196,100037,696,99959,196,100041,196,99954,196,100045,100,99947,100,100053,100,99938,200,100071,100,99930,100,100081,100,99925,100,100089,100,99919,200,100091,100,99902,100
2019-06-28 09:34:30.000000000,100000,177,99970,177,100024,177,99965,177,100037,677,99959,177,100041,177,99954,177,100045,177,99947,177,100053,100,99938,200,100071,100,99930,100,100081,100,99925,100,100089,100,99919,200,100091,100,99902,100
2019-06-28 09:34:32.933619898,99990,100,99970,177,100000,177,99965,177,100024,177,99959,177,100037,677,99954,177,100041,177,99947,177,100045,177,99938,200,100053,100,99930,100,100071,100,99925,100,100081,100,99919,200,100089,100,99902,100
2019-06-28 09:34:40.000000000,99990,231,99970,231,100000,227,99965,227,100024,227,99959,227,100037,600,99954,100,100041,100,99947,100,100045,100,99938,200,100053,100,99930,100,100071,100,99925,100,100081,100,99919,200,100089,100,99902,100
2019-06-28 09:34:44.578617730,99990,231,99970,131,100000,227,99965,227,100024,227,99959,227,100037,600,99954,100,100041,100,99947,100,100045,100,99938,200,100053,100,99930,100,100071,100,99925,100,100081,100,99919,200,100089,100,99902,100
2019-06-28 09:34:46.680183431,99990,231,99970,31,100000,227,99965,227,100024,227,99959,227,100037,600,99954,100,100041,100,99947,100,100045,100,99938,200,100053,100,99930,100,100071,100,99925,100,100081,100,99919,200,100089,100,99902,100
2019-06-28 09:34:50.000000000,99990,486,99965,486,100000,100,99959,100,100024,100,99954,100,100037,600,99947,100,100041,100,99938,200,100045,100,99930,100,100053,100,99925,100,100071,100,99919,200,100081,100,99902,100,100089,100,99899,200
2019-06-28 09:35:00.000000000,99990,177,99965,177,100000,177,99959,177,100024,177,99954,177,100037,677,99947,177,100041,177,99938,277,100045,100,99930,100,100053,100,99925,100,100071,100,99919,200,100081,100,99902,100,100089,100,99899,200
2019-06-28 09:35:10.000000000,99990,486,99965,486,100000,100,99959,100,100024,100,99954,100,100037,600,99947,100,100041,100,99938,200,100045,100,99930,100,100053,100,99925,100,100071,100,99919,200,100081,100,99902,100,100089,100,99899,200
2019-06-28 09:35:11.061547356,99990,486,99965,486,100000,100,99959,100,100024,100,99954,100,100037,600,99947,100,100041,100,99938,200,100045,100,99930,100,100053,100,99925,100,100071,100,99919,200,100081,100,99902,100,100089,100,99899,200
2019-06-28 09:35:17.467229305,99990,486,99965,386,100000,100,99959,100,100024,100,99954,100,100037,600,99947,100,100041,100,99938,200,100045,100,99930,100,100071,100,99925,100,100081,100,99919,200,100089,100,99902,100,100091,100,99899,200
2019-06-28 09:35:17.803286342,99990,486,99965,386,100000,100,99959,100,100024,100,99954,100,100037,600,99938,200,100041,100,99930,100,100045,100,99925,100,100071,100,99919,200,100081,100,99902,100,100089,100,99899,200,100091,100,99894,100
2019-06-28 09:35:20.000000000,99990,231,99959,231,100000,227,99954,227,100024,227,99938,327,100037,600,99930,100,100041,100,99925,100,100045,100,99919,200,100071,100,99902,100,100081,100,99899,200,100089,100,99894,100,100091,100,99885,200
2019-06-28 09:35:28.927328813,99990,231,99959,231,100000,227,99954,227,100024,227,99938,327,100037,600,99930,100,100041,100,99925,100,100045,100,99919,200,100081,100,99902,100,100089,100,99899,200,100091,100,99894,100,100092,100,99885,200
2019-06-28 09:35:30.000000000,99990,177,99959,177,100000,177,99954,177,100024,177,99938,277,100037,677,99930,177,100041,177,99925,177,100045,100,99919,200,100081,100,99902,100,100089,100,99899,200,100091,100,99894,100,100092,100,99885,200
2019-06-28 09:35:38.568815251,99990,177,99959,77,100000,177,99954,177,100024,177,99938,277,100037,677,99930,177,100041,177,99925,177,100045,100,99919,200,100081,100,99902,100,100089,100,99899,200,100091,100,99894,100,100092,100,99885,200
2019-06-28 09:35:40.000000000,99990,231,99954,231,100000,227,99938,327,100024,227,99930,227,100037,600,99925,100,100041,100,99919,200,100045,100,99902,100,100081,100,99899,200,100089,100,99894,100,100091,100,99885,200,100092,100,99878,100
2019-06-28 09:35:43.953636636,99990,231,99954,131,100000,227,99938,327,100024,227,99930,227,100037,600,99925,100,100041,100,99919,200,100045,100,99902,100,100081,100,99899,200,100089,100,99894,100,100091,100,99885,200,100092,100,99878,100
2019-06-28 09:35:47.270324062,99990,231,99954,131,100000,227,99938,327,100024,227,99930,227,100037,600,99925,100,100041,100,99919,200,100045,100,99902,100,100081,100,99899,100,100089,100,99894,100,100091,100,99885,200,100092,100,99878,100
2019-06-28 09:35:50.000000000,99990,177,99938,277,100000,177,99930,177,100024,177,99925,177,100037,677,99919,277,100041,177,99902,177,100045,100,99899,100,100081,100,99894,100,100089,100,99885,200,100091,100,99878,100,100092,100,99867,100
2019-06-28 09:35:58.948320003,99990,177,99938,277,100000,177,99930,177,100024,177,99925,177,100037,677,99919,277,100041,177,99902,177,100045,100,99899,100,100081,100,99894,100,100089,100,99885,200,100091,100,99878,100,100092,100,99867,100
2019-06-28 09:36:00.000000000,99990,293,99938,393,100000,293,99930,293,100024,100,99925,100,100037,600,99919,200,100041,100,99902,100,100045,100,99899,100,100081,100,99894,100,100089,100,99885,200,100091,100,99878,100,100092,100,99867,100
2019-06-28 09:36:08.990543079,99959,100,99938,393,99990,293,99930,293,100000,293,99925,100,100024,100,99919,200,100037,600,99902,100,100041,100,99899,100,100045,100,99894,100,100081,100,99885,200,100089,100,99878,100,100091,100,99867,100
2019-06-28 09:36:10.000000000,99959,231,99938,331,99990,227,99930,227,100000,227,99925,227,100024,100,99919,200,100037,600,99902,100,100041,100,99899,100,100045,100,99894,100,100081,100,99885,200,100089,100,99878,100,100091,100,99867,100
2019-06-28 09:36:10.119137318,99959,231,99938,331,99990,227,99930,227,100000,227,99925,227,100024,100,99919,100,100037,600,99902,100,100041,100,99899,100,100045,100,99894,100,100081,100,99885,200,100089,100,99878,100,100091,100,99867,100
2019-06-28 09:36:20.000000000,99959,293,99938,393,99990,293,99930,293,100000,100,99925,100,100024,100,99919,100,100037,600,99902,100,100041,100,99899,100,100045,100,99894,100,100081,100,99885,200,100089,100,99878,100,100091,100,99867,100
2019-06-28 09:36:24.322201174,99959,293,99938,293,99990,293,99930,293,100000,100,99925,100,100024,100,99919,100,100037,600,99902,100,100041,100,99899,100,100045,100,99894,100,100081,100,99885,200,100089,100,99878,100,100091,100,99867,100
2019-06-28 09:36:25.269700207,99959,293,99938,193,99990,293,99930,293,100000,100,99925,100,100024,100,99919,100,100037,600,99902,100,100041,100,99899,100,100045,100,99894,100,100081,100,99885,200,100089,100,99878,100,100091,100,99867,100
2019-06-28 09:36:30.000000000,99959,231,99930,231,99990,227,99925,227,100000,227,99919,227,100024,100,99902,100,100037,600,99899,100,100041,100,99894,100,100045,100,99885,200,100081,100,99878,100,100089,100,99867,100,100091,100,99838,100
2019-06-28 09:36:36.660612905,99959,231,99930,131,99990,227,99925,227,100000,227,99919,227,100024,100,99902,100,100037,600,99899,100,100041,100,99894,100,100045,100,99885,200,100081,100,99878,100,100089,100,99867,100,100091,100,99838,100
2019-06-28 09:36:36.942591738,99959,231,99930,31,99990,227,99925,227,100000,227,99919,227,100024,100,99902,100,100037,600,99899,100,100041,100,99894,100,100045,100,99885,100,100081,100,99878,100,100089,100,99867,100,100091,100,99838,100
2019-06-28 09:36:40.000000000,99959,231,99925,231,99990,227,99919,227,100000,227,99902,227,100024,100,99899,100,100037,600,99894,100,100041,100,99885,100,100045,100,99878,100,100081,100,99867,100,100089,100,99838,100,100091,100,99813,100
2019-06-28 09:36:50.000000000,99959,293,99925,293,99990,293,99919,293,100000,100,99902,100,100024,100,99899,100,100037,600,99894,100,100041,100,99885,100,100045,100,99878,100,100081,100,99867,100,100089,100,99838,100,100091,100,99813,100
2019-06-28 09:37:00.000000000,99959,196,99925,196,99990,196,99919,196,100000,196,99902,196,100024,196,99899,196,100037,600,99894,100,100041,100,99885,100,100045,100,99878,100,100081,100,99867,100,100089,100,99838,100,100091,100,99813,100
2019-06-28 09:37:10.000000000,99959,196,99925,196,99990,196,99919,196,100000,196,99902,196,100024,196,99899,196,100037,600,99894,100,100041,100,99885,100,100045,100,99878,100,100081,100,99867,100,100089,100,99838,100,100091,100,99813,100
2019-06-28 09:37:20.000000000,99959,177,99925,177,99990,177,99919,177,100000,177,99902,177,100024,177,99899,177,100037,677,99894,177,100041,100,99885,100,100045,100,99878,100,100081,100,99867,100,100089,100,99838,100,100091,100,99813,100
2019-06-28 09:37:29.009700139,99959,177,99925,77,99990,177,99919,177,100000,177,99902,177,100024,177,99899,177,100037,677,99894,177,100041,100,99885,100,100045,100,99878,100,100081,100,99867,100,100089,100,99838,100,100091,100,99813,100
2019-06-28 09:37:30.000000000,99959,177,99919,177,99990,177,99902,177,100000,177,99899,177,100024,177,99894,177,100037,677,99885,177,100041,100,99878,100,100045,100,99867,100,100081,100,99838,100,100089,100,99813,100,100091,100,99787,100
2019-06-28 09:37:31.540898725,99959,177,99919,177,99990,177,99902,177,100000,177,99899,177,100024,177,99894,177,100037,677,99885,177,100041,100,99878,100,100081,100,99867,100,100089,100,99838,100,100091,100,99813,100,100092,100,99787,100
2019-06-28 09:37:38.823351012,99959,177,99919,177,99990,177,99902,177,100000,177,99899,177,100024,77,99894,177,100037,677,99885,177,100041,100,99878,100,100081,100,99867,100,100089,100,99838,100,100091,100,99813,100,100092,100,99787,100
2019-06-28 09:37:40.000000000,99959,196,99919,196,99990,196,99902,196,100000,196,99899,196,100037,696,99894,196,100041,100,99885,100,100081,100,99878,100,100089,100,99867,100,100091,100,99838,100,100092,100,99813,100,100102,100,99787,100
2019-06-28 09:37:40.980930973,99930,100,99919,196,99959,196,99902,196,99990,196,99899,196,100000,196,99894,196,100037,596,99885,100,100041,100,99878,100,100081,100,99867,100,100089,100,99838,100,100091,100,99813,100,100092,100,99787,100
2019-06-28 09:37:42.214888756,99930,100,99919,196,99959,196,99902,196,99990,196,99899,196,100000,196,99894,196,100037,596,99885,100,100041,100,99878,100,100081,100,99867,100,100089,100,99838,100,100091,100,99813,100,100092,100,99787,100
2019-06-28 09:37:50.000000000,99930,231,99919,231,99959,227,99902,227,99990,227,99899,227,100000,100,99894,100,100037,500,99885,100,100041,100,99878,100,100081,100,99867,100,100089,100,99838,100,100091,100,99813,100,100092,100,99787,100
2019-06-28 09:38:00.000000000,99930,231,99919,231,99959,227,99902,227,99990,227,99899,227,100000,100,99894,100,100037,500,99885,100,100041,100,99878,100,100081,100,99867,100,100089,100,99838,100,100091,100,99813,100,100092,100,99787,100
2019-06-28 09:38:10.000000000,99930,196,99919,196,99959,196,99902,196,99990,196,99899,196,100000,196,99894,196,100037,500,99885,100,100041,100,99878,100,100081,100,99867,100,100089,100,99838,100,100091,100,99813,100,100092,100,99787,100
2019-06-28 09:38:12.688166293,99930,296,99919,196,99959,196,99902,196,99990,196,99899,196,100000,196,99894,196,100037,500,99885,100,100041,100,99878,100,100081,100,99867,100,100089,100,99838,100,100091,100,99813,100,100092,100,99787,100
2019-06-28 09:38:19.628268150,99930,296,99919,196,99959,196,99902,196,99990,196,99899,196,100000,196,99894,196,100037,500,99885,100,100041,100,99878,100,100081,100,99867,100,100089,100,99838,100,100091,100,99813,100,100092,100,99787,100
2019-06-28 09:38:20.000000000,99930,586,99919,486,99959,100,99902,100,99990,100,99899,100,100000,100,99894,100,100037,500,99885,100,100041,100,99878,100,100081,100,99867,100,100089,100,99838,100,100091,100,99813,100,100092,100,99787,100
2019-06-28 09:38:21.047579426,99930,586,99919,386,99959,100,99902,100,99990,100,99899,100,100000,100,99894,100,100037,500,99885,100,100041,100,99878,100,100081,100,99867,100,100089,100,99838,100,100091,100,99813,100,100092,100,99787,100
2019-06-28 09:38:30.000000000,99930,586,99902,486,99959,100,99899,100,99990,100,99894,100,100000,100,99885,100,100037,500,99878,100,100041,100,99867,100,100081,100,99838,100,100089,100,99813,100,100091,100,99787,100,100092,100,99727,100
2019-06-28 09:38:31.531221957,99930,586,99902,386,99959,100,99899,100,99990,100,99894,100,100000,100,99878,100,100037,500,99867,100,100041,100,99838,100,100081,100,99813,100,100089,100,99787,100,100091,100,99727,100,100092,100,99567,100
2019-06-28 09:38:36.375162758,99930,586,99902,286,99959,100,99899,100,99990,100,99894,100,100000,100,99878,100,100037,500,99867,100,100041,100,99838,100,100081,100,99813,100,100089,100,99787,100,100091,100,99727,100,100092,100,99567,100
2019-06-28 09:38:40.000000000,99930,277,99899,177,99959,177,99894,177,99990,177,99878,177,100000,177,99867,177,100037,577,99838,177,100041,100,99813,100,100081,100,99787,100,100089,100,99727,100,100091,100,99567,100,100092,100,99551,100
2019-06-28 09:38:42.672063617,99930,277,99899,77,99959,177,99894,177,99990,177,99878,177,100000,177,99867,177,100037,577,99838,177,100041,100,99813,100,100081,100,99787,100,100089,100,99727,100,100091,100,99567,100,100092,100,99551,100
2019-06-28 09:38:50.000000000,99930,296,99894,196,99959,196,99878,196,99990,196,99867,196,100000,196,99838,196,100037,500,99813,100,100041,100,99787,100,100081,100,99727,100,100089,100,99567,100,100091,100,99551,100,100092,100,99523,100
2019-06-28 09:38:57.353108028,99930,296,99894,96,99959,196,99878,196,99990,196,99867,196,100000,196,99838,196,100037,500,99813,100,100041,100,99787,100,100081,100,99727,100,100089,100,99567,100,100091,100,99551,100,100092,100,99523,100
2019-06-28 09:39:00.000000000,99930,586,99878,486,99959,100,99867,100,99990,100,99838,100,100000,100,99813,100,100037,500,99787,100,100041,100,99727,100,100081,100,99567,100,100089,100,99551,100,100091,100,99523,100,100092,100,99344,100
2019-06-28 09:39:05.636147950,99930,586,99878,386,99959,100,99867,100,99990,100,99838,100,100000,100,99813,100,100037,500,99787,100,100041,100,99727,100,100081,100,99567,100,100089,100,99551,100,100091,100,99523,100,100092,100,99344,100
2019-06-28 09:39:10.000000000,99930,277,99867,177,99959,177,99838,177,99990,177,99813,177,100000,177,99787,177,100037,577,99727,177,100041,100,99567,100,100081,100,99551,100,100089,100,99523,100,100091,100,99344,100,100092,100,99174,100
2019-06-28 09:39:11.068813269,99930,277,99867,77,99959,177,99838,177,99990,177,99813,177,100000,177,99787,177,100037,577,99727,177,100041,100,99567,100,100081,100,99551,100,100089,100,99523,100,100091,100,99344,100,100092,100,99231,100
2019-06-28 09:39:20.000000000,99930,586,99838,486,99959,100,99813,100,99990,100,99787,100,100000,100,99727,100,100037,500,99567,100,100041,100,99551,100,100081,100,99523,100,100089,100,99344,100,100091,100,99231,100,100092,100,99174,100
2019-06-28 09:39:30.000000000,99930,296,99838,196,99959,196,99813,196,99990,196,99787,196,100000,196,99727,196,100037,500,99567,100,100041,100,99551,100,100081,100,99523,100,100089,100,99344,100,100091,100,99231,100,100092,100,99174,100
2019-06-28 09:39:30.635901866,99930,296,99838,196,99959,196,99813,196,99990,196,99787,196,100000,196,99727,196,100037,400,99567,100,100041,100,99551,100,100081,100,99523,100,100089,100,99344,100,100091,100,99231,100,100092,100,99174,100
2019-06-28 09:39:33.353527346,99930,296,99838,96,99959,196,99813,196,99990,196,99787,196,100000,196,99727,196,100037,400,99567,100,100041,100,99551,100,100081,100,99523,100,100089,100,99344,100,100091,100,99231,100,100092,100,99174,100
2019-06-28 09:39:40.000000000,99930,393,99813,293,99959,293,99787,293,99990,100,99727,100,100000,100,99567,100,100037,400,99551,100,100041,100,99523,100,100081,100,99344,100,100089,100,99231,100,100091,100,99174,100,100092,100,99105,100
2019-06-28 09:39:50.000000000,99930,331,99813,231,99959,227,99787,227,99990,227,99727,227,100000,100,99567,100,100037,400,99551,100,100041,100,99523,100,100081,100,99344,100,100089,100,99231,100,100091,100,99174,100,100092,100,99105,100
2019-06-28 09:39:54.561218224,99930,331,99813,231,99959,227,99787,227,99990,227,99727,227,100000,100,99567,100,100037,400,99551,100,100041,100,99523,100,100081,100,99344,100,100089,100,99231,100,100091,100,99187,100,100092,100,99174,100
2019-06-28 09:40:00.000000000,99930,296,99813,196,99959,196,99787,196,99990,196,99727,196,100000,196,99567,196,100037,400,99551,100,100041,100,99523,100,100081,100,99344,100,100089,100,99231,100,100091,100,99187,100,100092,100,99174,100
2019-06-28 09:40:10.000000000,99930,331,99813,231,99959,227,99787,227,99990,227,99727,227,100000,100,99567,100,100037,400,99551,100,100041,100,99523,100,100081,100,99344,100,100089,100,99231,100,100091,100,99187,100,100092,100,99174,100
2019-06-28 09:40:20.000000000,99930,393,99813,293,99959,293,99787,293,99990,100,99727,100,100000,100,99567,100,100037,400,99551,100,100041,100,99523,100,100081,100,99344,100,100089,100,99231,100,100091,100,99187,100,100092,100,99174,100
2019-06-28 09:40:22.106065574,99878,100,99813,293,99930,393,99787,293,99959,293,99727,100,99990,100,99567,100,100000,100,99551,100,100037,400,99523,100,100041,100,99344,100,100081,100,99231,100,100089,100,99187,100,100091,100,99174,100
2019-06-28 09:40:30.000000000,99878,177,99813,177,99930,277,99787,177,99959,177,99727,177,99990,177,99567,177,100000,177,99551,177,100037,400,99523,100,100041,100,99344,100,100081,100,99231,100,100089,100,99187,100,100091,100,99174,100
2019-06-28 09:40:39.022426062,99878,177,99813,77,99930,277,99787,177,99959,177,99727,177,99990,177,99567,177,100000,177,99551,177,100037,400,99523,100,100041,100,99344,100,100081,100,99231,100,100089,100,99187,100,100091,100,99174,100
2019-06-28 09:40:40.000000000,99878,486,99787,486,99930,200,99727,100,99959,100,99567,100,99990,100,99551,100,100000,100,99523,100,100037,400,99344,100,100041,100,99231,100,100081,100,99187,100,100089,100,99174,100,100091,100,99105,100
2019-06-28 09:40:50.000000000,99878,177,99787,177,99930,277,99727,177,99959,177,99567,177,99990,177,99551,177,100000,177,99523,177,100037,400,99344,100,100041,100,99231,100,100081,100,99187,100,100089,100,99174,100,100091,100,99105,100
2019-06-28 09:41:00.000000000,99878,196,99787,196,99930,296,99727,196,99959,196,99567,196,99990,196,99551,196,100000,100,99523,100,100037,400,99344,100,100041,100,99231,100,100081,100,99187,100,100089,100,99174,100,100091,100,99105,100
2019-06-28 09:41:05.699436887,99878,196,99787,196,99930,296,99727,196,99959,196,99638,100,99990,196,99567,196,100000,100,99551,196,100037,400,99523,100,100041,100,99344,100,100081,100,99231,100,100089,100,99187,100,100091,100,99174,100
2019-06-28 09:41:10.000000000,99878,231,99787,231,99930,327,99727,227,99959,227,99638,227,99990,100,99567,100,100000,100,99551,100,100037,400,99523,100,100041,100,99344,100,100081,100,99231,100,100089,100,99187,100,100091,100,99174,100
2019-06-28 09:41:19.727820585,99878,231,99787,131,99930,327,99727,227,99959,227,99638,227,99990,100,99567,100,100000,100,99551,100,100037,400,99523,100,100041,100,99344,100,100081,100,99231,100,100089,100,99187,100,100091,100,99174,100
2019-06-28 09:41:20.000000000,99878,293,99727,293,99930,393,99638,293,99959,100,99567,100,99990,100,99551,100,100000,100,99523,100,100037,400,99344,100,100041,100,99231,100,100081,100,99187,100,100089,100,99174,100,100091,100,99105,100
2019-06-28 09:41:26.077022824,99878,293,99727,293,99930,393,99638,293,99959,100,99567,100,99990,100,99551,100,100000,100,99523,100,100037,400,99400,100,100041,100,99344,100,100081,100,99231,100,100089,100,99187,100,100091,100,99174,100
2019-06-28 09:41:30.000000000,99878,293,99727,293,99930,393,99638,293,99959,100,99567,100,99990,100,99551,100,100000,100,99523,100,100037,400,99400,100,100041,100,99344,100,100081,100,99231,100,100089,100,99187,100,100091,100,99174,100
2019-06-28 09:41:34.210066448,99878,293,99727,193,99930,393,99638,293,99959,100,99567,100,99990,100,99551,100,100000,100,99523,100,100037,400,99400,100,100041,100,99344,100,100081,100,99231,100,100089,100,99187,100,100091,100,99174,100
2019-06-28 09:41:40.000000000,99878,231,99638,231,99930,327,99567,227,99959,227,99551,227,99990,100,99523,100,100000,100,99400,100,100037,400,99344,100,100041,100,99231,100,100081,100,99187,100,100089,100,99174,100,100091,100,99105,100
2019-06-28 09:41:45.733363125,99787,100,99638,231,99878,231,99567,227,99930,327,99551,227,99959,227,99523,100,99990,100,99400,100,100000,100,99344,100,100037,300,99231,100,100041,100,99187,100,100081,100,99174,100,100089,100,99105,100
2019-06-28 09:41:50.000000000,99787,196,99638,196,99878,196,99567,196,99930,296,99551,196,99959,196,99523,196,99990,100,99400,100,100000,100,99344,100,100037,300,99231,100,100041,100,99187,100,100081,100,99174,100,100089,100,99105,100
2019-06-28 09:41:53.731350526,99754,100,99638,196,99787,196,99567,196,99878,196,99551,196,99930,296,99523,196,99959,196,99400,100,99990,100,99231,100,100000,100,99187,100,100037,300,99174,100,100041,100,99105,100,100081,100,98947,100
2019-06-28 09:42:00.000000000,99754,231,99638,231,99787,227,99567,227,99878,227,99551,227,99930,200,99523,100,99959,100,99400,100,99990,100,99231,100,100000,100,99187,100,100037,300,99174,100,100041,100,99105,100,100081,100,98947,100
2019-06-28 09:42:06.988333222,99754,231,99638,131,99787,227,99567,227,99878,227,99551,227,99930,200,99523,100,99959,100,99400,100,99990,100,99231,100,100000,100,99187,100,100037,300,99174,100,100041,100,99105,100,100081,100,98947,100
2019-06-28 09:42:10.000000000,99754,293,99567,293,99787,293,99551,293,99878,100,99523,100,99930,200,99400,100,99959,100,99231,100,99990,100,99187,100,100000,100,99174,100,100037,300,99105,100,100041,100,98947,100,100081,100,,
2019-06-28 09:42:17.103422325,99754,293,99567,193,99787,293,99551,293,99878,100,99523,100,99930,200,99400,100,99959,100,99231,100,99990,100,99187,100,100000,100,99174,100,100037,300,98947,100,100041,100,,,100081,100,,
2019-06-28 09:42:20.000000000,99754,293,99551,293,99787,293,99523,293,99878,100,99400,100,99930,200,99231,100,99959,100,99187,100,99990,100,99174,100,100000,100,98947,100,100037,300,,,100041,100,,,100081,100,,
2019-06-28 09:42:24.315393418,99754,293,99639,100,99787,293,99551,293,99878,100,99523,293,99930,200,99400,100,99959,100,99231,100,99990,100,99187,100,100037,300,99174,100,100041,100,98947,100,100081,100,,,100089,100,,
2019-06-28 09:42:30.000000000,99754,231,99639,231,99787,227,99551,227,99878,227,99523,227,99930,200,99400,100,99959,100,99231,100,99990,100,99187,100,100037,300,99174,100,100041,100,98947,100,100081,100,,,100089,100,,
2019-06-28 09:42:36.293153499,99754,131,99639,231,99787,227,99551,227,99878,227,99523,227,99930,200,99400,100,99959,100,99231,100,99990,100,99187,100,100037,300,99174,100,100041,100,98947,100,100089,100,,,100091,100,,
2019-06-28 09:42:40.000000000,99787,196,99639,196,99878,196,99551,196,99930,296,99523,196,99959,196,99400,196,99990,100,99231,100,100037,300,99187,100,100041,100,99174,100,100089,100,98947,100,100091,100,,,100092,100,,
2019-06-28 09:42:50.000000000,99787,196,99639,196,99878,196,99551,196,99930,296,99523,196,99959,196,99400,196,99990,100,99231,100,100037,300,99187,100,100041,100,99174,100,100089,100,98947,100,100091,100,,,100092,100,,
2019-06-28 09:43:00.000000000,99787,177,99639,177,99878,177,99551,177,99930,277,99523,177,99959,177,99400,177,99990,177,99231,177,100037,300,99187,100,100041,100,99174,100,100089,100,98947,100,100091,100,,,100092,100,,
2019-06-28 09:43:02.649926106,99787,177,99639,177,99878,177,99551,177,99930,277,99523,177,99959,177,99400,177,99990,177,99231,177,100037,300,99216,100,100041,100,99187,100,100089,100,99174,100,100091,100,98947,100,100092,100,,
2019-06-28 09:43:09.969164866,99787,177,99639,177,99878,177,99551,177,99930,277,99523,177,99959,177,99400,177,99990,177,99231,177,100037,300,99216,100,100041,100,99187,100,100089,100,99174,100,100091,100,99139,100,100092,100,98947,100
2019-06-28 09:43:10.000000000,99787,486,99639,486,99878,100,99551,100,99930,200,99523,100,99959,100,99400,100,99990,100,99231,100,100037,300,99216,100,100041,100,99187,100,100089,100,99174,100,100091,100,99139,100,100092,100,98947,100
2019-06-28 09:43:20.000000000,99787,293,99639,293,99878,293,99551,293,99930,200,99523,100,99959,100,99400,100,99990,100,99231,100,100037,300,99216,100,100041,100,99187,100,100089,100,99174,100,100091,100,99139,100,100092,100,98947,100
2019-06-28 09:43:20.389983213,99787,293,99639,293,99878,293,99551,293,99930,200,99523,100,99959,100,99400,100,99990,100,99231,100,100037,300,99225,100,100041,100,99216,100,100089,100,99187,100,100091,100,99174,100,100102,100,99139,100
2019-06-28 09:43:30.000000000,99787,486,99639,486,99878,100,99551,100,99930,200,99523,100,99959,100,99400,100,99990,100,99231,100,100037,300,99225,100,100041,100,99216,100,100089,100,99187,100,100091,100,99174,100,100102,100,99139,100
2019-06-28 09:43:40.000000000,99787,196,99639,196,99878,196,99551,196,99930,296,99523,196,99959,196,99400,196,99990,100,99231,100,100037,300,99225,100,100041,100,99216,100,100089,100,99187,100,100091,100,99174,100,100102,100,99139,100
2019-06-28 09:43:50.000000000,99787,293,99639,293,99878,293,99551,293,99930,200,99523,100,99959,100,99400,100,99990,100,99231,100,100037,300,99225,100,100041,100,99216,100,100089,100,99187,100,100091,100,99174,100,100102,100,99139,100
2019-06-28 09:43:53.881488494,99753,100,99639,293,99787,293,99551,293,99878,293,99523,100,99930,200,99400,100,99959,100,99231,100,99990,100,99225,100,100037,300,99216,100,100041,100,99187,100,100089,100,99174,100,100091,100,99139,100
2019-06-28 09:44:00.000000000,99753,293,99639,293,99787,293,99551,293,99878,100,99523,100,99930,200,99400,100,99959,100,99231,100,99990,100,99225,100,100037,300,99216,100,100041,100,99187,100,100089,100,99174,100,100091,100,99139,100
2019-06-28 09:44:05.476076974,99753,393,99639,293,99787,293,99551,293,99878,100,99523,100,99930,200,99400,100,99959,100,99231,100,99990,100,99225,100,100037,300,99216,100,100041,100,99187,100,100089,100,99174,100,100091,100,99139,100
2019-06-28 09:44:10.000000000,99753,393,99639,293,99787,293,99551,293,99878,100,99523,100,99930,200,99400,100,99959,100,99231,100,99990,100,99225,100,100037,300,99216,100,100041,100,99187,100,100089,100,99174,100,100091,100,99139,100
2019-06-28 09:44:20.000000000,99753,393,99639,293,99787,293,99551,293,99878,100,99523,100,99930,200,99400,100,99959,100,99231,100,99990,100,99225,100,100037,300,99216,100,100041,100,99187,100,100089,100,99174,100,100091,100,99139,100
2019-06-28 09:44:20.066681261,99753,393,99639,293,99787,293,99551,293,99878,100,99523,100,99930,200,99400,100,99959,100,99323,100,99990,100,99225,100,100037,300,99216,100,100041,100,99187,100,100089,100,99174,100,100091,100,99139,100
2019-06-28 09:44:30.000000000,99753,331,99639,231,99787,227,99551,227,99878,227,99523,227,99930,200,99400,100,99959,100,99323,100,99990,100,99225,100,100037,300,99216,100,100041,100,99187,100,100089,100,99174,100,100091,100,99139,100
2019-06-28 09:44:35.598375394,99738,100,99639,231,99753,331,99551,227,99787,227,99523,227,99878,227,99400,100,99930,200,99323,100,99959,100,99225,100,99990,100,99216,100,100037,300,99187,100,100041,100,99174,100,100089,100,99139,100
2019-06-28 09:44:36.320746349,99738,100,99639,231,99753,331,99551,227,99766,100,99523,227,99787,227,99400,100,99878,227,99323,100,99930,200,99225,100,99959,100,99216,100,99990,100,99187,100,100037,300,99174,100,100041,100,99139,100
2019-06-28 09:44:38.043747185,99738,100,99639,231,99753,331,99551,227,99766,100,99523,227,99787,227,99400,100,99878,227,99323,100,99930,200,99225,100,99959,100,99216,100,99990,100,99187,100,100037,200,99174,100,100041,100,99139,100
2019-06-28 09:44:40.000000000,99738,177,99639,177,99753,277,99551,177,99766,177,99523,177,99787,177,99400,177,99878,177,99323,177,99930,200,99225,100,99959,100,99216,100,99990,100,99187,100,100037,200,99174,100,100041,100,99139,100
2019-06-28 09:44:50.000000000,99738,196,99639,196,99753,296,99551,196,99766,196,99523,196,99787,196,99400,196,99878,100,99323,100,99930,200,99225,100,99959,100,99216,100,99990,100,99187,100,100037,200,99174,100,100041,100,99139,100
2019-06-28 09:45:00.000000000,99738,177,99639,177,99753,277,99551,177,99766,177,99523,177,99787,177,99400,177,99878,177,99323,177,99930,200,99225,100,99959,100,99216,100,99990,100,99187,100,100037,200,99174,100,100041,100,99139,100
2019-06-28 09:45:10.000000000,99738,486,99639,486,99753,200,99551,100,99766,100,99523,100,99787,100,99400,100,99878,100,99323,100,99930,200,99225,100,99959,100,99216,100,99990,100,99187,100,100037,200,99174,100,100041,100,99139,100
2019-06-28 09:45:19.526151612,99738,486,99639,486,99753,100,99551,100,99766,100,99523,100,99787,100,99400,100,99878,100,99323,100,99930,200,99225,100,99959,100,99216,100,99990,100,99187,100,100037,200,99174,100,100041,100,99139,100
2019-06-28 09:45:20.000000000,99738,196,99639,196,99753,196,99551,196,99766,196,99523,196,99787,196,99400,196,99878,100,99323,100,99930,200,99225,100,99959,100,99216,100,99990,100,99187,100,100037,200,99174,100,100041,100,99139,100
2019-06-28 09:45:30.000000000,99738,486,99639,486,99753,100,99551,100,99766,100,99523,100,99787,100,99400,100,99878,100,99323,100,99930,200,99225,100,99959,100,99216,100,99990,100,99187,100,100037,200,99174,100,100041,100,99139,100
2019-06-28 09:45:40.000000000,99738,486,99639,486,99753,100,99551,100,99766,100,99523,100,99787,100,99400,100,99878,100,99323,100,99930,200,99225,100,99959,100,99216,100,99990,100,99187,100,100037,200,99174,100,100041,100,99139,100
2019-06-28 09:45:50.000000000,99738,486,99639,486,99753,100,99551,100,99766,100,99523,100,99787,100,99400,100,99878,100,99323,100,99930,200,99225,100,99959,100,99216,100,99990,100,99187,100,100037,200,99174,100,100041,100,99139,100
2019-06-28 09:45:58.389216510,99738,486,99639,486,99753,100,99551,100,99766,100,99523,100,99787,100,99428,100,99878,100,99400,100,99930,200,99323,100,99959,100,99225,100,99990,100,99216,100,100037,200,99187,100,100041,100,99174,100
2019-06-28 09:46:00.000000000,99738,177,99639,177,99753,177,99551,177,99766,177,99523,177,99787,177,99428,177,99878,177,99400,177,99930,200,99323,100,99959,100,99225,100,99990,100,99216,100,100037,200,99187,100,100041,100,99174,100
2019-06-28 09:46:09.059106658,99738,77,99639,177,99753,177,99551,177,99766,177,99523,177,99787,177,99428,177,99878,177,99400,177,99930,200,99323,100,99959,100,99225,100,99990,100,99216,100,100037,200,99187,100,100041,100,99174,100
2019-06-28 09:46:09.531722876,99738,77,99639,77,99753,177,99551,77,99766,177,99523,177,99787,177,99428,177,99878,177,99400,177,99930,200,99323,100,99959,100,99225,100,99990,100,99216,100,100037,200,99187,100,100041,100,99174,100
2019-06-28 09:46:10.000000000,99753,231,99523,231,99766,227,99428,227,99787,227,99400,227,99878,100,99323,100,99930,200,99225,100,99959,100,99216,100,99990,100,99187,100,100037,200,99174,100,100041,100,99139,100,100089,100,98947,100
2019-06-28 09:46:13.559184519,99753,131,99523,231,99766,227,99428,227,99787,227,99400,227,99878,100,99323,100,99930,200,99225,100,99959,100,99216,100,99990,100,99187,100,100037,200,99174,100,100041,100,99139,100,100089,100,98947,100
2019-06-28 09:46:18.578341930,99753,131,99571,100,99766,227,99523,231,99787,227,99428,227,99878,100,99400,227,99930,200,99323,100,99959,100,99225,100,99990,100,99216,100,100037,200,99187,100,100041,100,99174,100,100089,100,99139,100
2019-06-28 09:46:20.000000000,99766,293,99571,293,99787,293,99523,293,99878,100,99428,100,99930,200,99400,100,99959,100,99323,100,99990,100,99225,100,100037,200,99216,100,100041,100,99187,100,100089,100,99174,100,100091,100,99139,100
2019-06-28 09:46:30.000000000,99766,293,99571,293,99787,293,99523,293,99878,100,99428,100,99930,200,99400,100,99959,100,99323,100,99990,100,99225,100,100037,200,99216,100,100041,100,99187,100,100089,100,99174,100,100091,100,99139,100
2019-06-28 09:46:40.000000000,99766,231,99571,231,99787,227,99523,227,99878,227,99428,227,99930,200,99400,100,99959,100,99323,100,99990,100,99225,100,100037,200,99216,100,100041,100,99187,100,100089,100,99174,100,100091,100,99139,100
2019-06-28 09:46:46.801856332,99766,231,99571,231,99787,227,99523,227,99878,227,99462,100,99930,200,99428,227,99959,100,99400,100,99990,100,99323,100,100037,200,99225,100,100041,100,99216,100,100089,100,99187,100,100091,100,99174,100
2019-06-28 09:46:50.000000000,99766,196,99571,196,99787,196,99523,196,99878,196,99462,196,99930,296,99428,196,99959,100,99400,100,99990,100,99323,100,100037,200,99225,100,100041,100,99216,100,100089,100,99187,100,100091,100,99174,100
2019-06-28 09:46:50.378792609,99766,96,99571,196,99787,196,99523,196,99878,196,99462,196,99930,296,99428,196,99959,100,99400,100,99990,100,99323,100,100037,200,99225,100,100041,100,99216,100,100089,100,99187,100,100091,100,99174,100
2019-06-28 09:47:00.000000000,99787,196,99571,196,99878,196,99523,196,99930,296,99462,196,99959,196,99428,196,99990,100,99400,100,100037,200,99323,100,100041,100,99225,100,100089,100,99216,100,100091,100,99187,100,100102,100,99174,100
2019-06-28 09:47:10.000000000,99787,231,99571,231,99878,227,99523,227,99930,327,99462,227,99959,100,99428,100,99990,100,99400,100,100037,200,99323,100,100041,100,99225,100,100089,100,99216,100,100091,100,99187,100,100102,100,99174,100
2019-06-28 09:47:13.383557442,99787,231,99571,231,99878,227,99523,227,99930,327,99462,227,99959,100,99428,100,99990,100,99406,100,100037,200,99400,100,100041,100,99323,100,100089,100,99225,100,100091,100,99216,100,100102,100,99187,100
2019-06-28 09:47:20.000000000,99787,231,99571,231,99878,227,99523,227,99930,327,99462,227,99959,100,99428,100,99990,100,99406,100,100037,200,99400,100,100041,100,99323,100,100089,100,99225,100,100091,100,99216,100,100102,100,99187,100
2019-06-28 09:47:30.000000000,99787,196,99571,196,99878,196,99523,196,99930,296,99462,196,99959,196,99428,196,99990,100,99406,100,100037,200,99400,100,100041,100,99323,100,100089,100,99225,100,100091,100,99216,100,100102,100,99187,100
2019-06-28 09:47:40.000000000,99787,196,99571,196,99878,196,99523,196,99930,296,99462,196,99959,196,99428,196,99990,100,99406,100,100037,200,99400,100,100041,100,99323,100,100089,100,99225,100,100091,100,99216,100,100102,100,99187,100
2019-06-28 09:47:42.034888362,99752,100,99571,196,99787,196,99523,196,99878,196,99462,196,99930,296,99428,196,99959,196,99406,100,99990,100,99400,100,100037,200,99323,100,100041,100,99225,100,100089,100,99216,100,100091,100,99187,100
2019-06-28 09:47:50.000000000,99752,486,99571,486,99787,100,99523,100,99878,100,99462,100,99930,200,99428,100,99959,100,99406,100,99990,100,99400,100,100037,200,99323,100,100041,100,99225,100,100089,100,99216,100,100091,100,99187,100
2019-06-28 09:47:53.914480875,99752,486,99571,486,99787,100,99523,100,99878,100,99462,100,99930,200,99428,100,99959,100,99406,100,99990,100,99400,100,100037,200,99323,100,100041,100,99225,100,100089,100,99216,100,100091,100,99187,100
2019-06-28 09:48:00.000000000,99752,231,99571,231,99787,227,99523,227,99878,227,99462,227,99930,200,99428,100,99959,100,99406,100,99990,100,99400,100,100037,200,99323,100,100041,100,99225,100,100089,100,99216,100,100091,100,99187,100
2019-06-28 09:48:05.199504764,99752,331,99571,231,99787,227,99523,227,99878,227,99462,227,99930,200,99428,100,99959,100,99406,100,99990,100,99400,100,100037,200,99323,100,100041,100,99225,100,100089,100,99216,100,100091,100,99187,100
2019-06-28 09:48:10.000000000,99752,296,99571,196,99787,196,99523,196,99878,196,99462,196,99930,296,99428,196,99959,100,99406,100,99990,100,99400,100,100037,200,99323,100,100041,100,99225,100,100089,100,99216,100,100091,100,99187,100
2019-06-28 09:48:20.000000000,99752,586,99571,486,99787,100,99523,100,99878,100,99462,100,99930,200,99428,100,99959,100,99406,100,99990,100,99400,100,100037,200,99323,100,100041,100,99225,100,100089,100,99216,100,100091,100,99187,100
2019-06-28 09:48:25.708672121,99752,586,99571,386,99787,100,99523,100,99878,100,99462,100,99930,200,99428,100,99959,100,99400,100,99990,100,99323,100,100037,200,99225,100,100041,100,99216,100,100089,100,99187,100,100091,100,99174,100
2019-06-28 09:48:30.000000000,99752,586,99523,486,99787,100,99462,100,99878,100,99428,100,99930,200,99400,100,99959,100,99323,100,99990,100,99225,100,100037,200,99216,100,100041,100,99187,100,100089,100,99174,100,100091,100,99139,100
2019-06-28 09:48:40.000000000,99752,331,99523,231,99787,227,99462,227,99878,227,99428,227,99930,200,99400,100,99959,100,99323,100,99990,100,99225,100,100037,200,99216,100,100041,100,99187,100,100089,100,99174,100,100091,100,99139,100
2019-06-28 09:48:50.000000000,99752,393,99523,293,99787,293,99462,293,99878,100,99428,100,99930,200,99400,100,99959,100,99323,100,99990,100,99225,100,100037,200,99216,100,100041,100,99187,100,100089,100,99174,100,100091,100,99139,100
2019-06-28 09:48:52.188701358,99752,393,99523,293,99787,293,99462,293,99878,100,99428,100,99930,200,99400,100,99959,100,99323,100,99990,100,99248,100,100037,200,99225,100,100041,100,99187,100,100089,100,99174,100,100091,100,99139,100
2019-06-28 09:49:00.000000000,99752,296,99523,196,99787,196,99462,196,99878,196,99428,196,99930,296,99400,196,99959,100,99323,100,99990,100,99248,100,100037,200,99225,100,100041,100,99187,100,100089,100,99174,100,100091,100,99139,100
2019-06-28 09:49:04.164418879,99752,296,99523,96,99787,196,99462,196,99878,196,99428,196,99930,296,99400,196,99959,100,99323,100,99990,100,99248,100,100037,200,99225,100,100041,100,99187,100,100089,100,99174,100,100091,100,99139,100
2019-06-28 09:49:07.856084524,99571,100,99523,96,99752,296,99462,196,99787,196,99428,196,99878,196,99400,196,99930,296,99323,100,99959,100,99248,100,99990,100,99225,100,100037,200,99187,100,100041,100,99174,100,100089,100,99139,100
2019-06-28 09:49:10.000000000,99571,196,99462,196,99752,296,99428,196,99787,196,99400,196,99878,196,99323,196,99930,200,99248,100,99959,100,99225,100,99990,100,99187,100,100037,200,99174,100,100041,100,99139,100,100089,100,98947,100
2019-06-28 09:49:17.408332097,99571,196,99462,196,99752,296,99428,196,99787,196,99400,196,99878,196,99323,196,99930,200,99290,100,99959,100,99248,100,99990,100,99225,100,100037,200,99187,100,100041,100,99174,100,100089,100,99139,100
2019-06-28 09:49:18.890142626,99571,196,99462,96,99752,296,99428,196,99787,196,99400,196,99878,196,99323,196,99930,200,99290,100,99959,100,99248,100,99990,100,99225,100,100037,200,99187,100,100041,100,99174,100,100089,100,99139,100
2019-06-28 09:49:20.000000000,99571,196,99428,196,99752,296,99400,196,99787,196,99323,196,99878,196,99290,196,99930,200,99248,100,99959,100,99225,100,99990,100,99187,100,100037,200,99174,100,100041,100,99139,100,100089,100,98947,100
2019-06-28 09:49:30.000000000,99571,486,99428,486,99752,200,99400,100,99787,100,99323,100,99878,100,99290,100,99930,200,99248,100,99959,100,99225,100,99990,100,99187,100,100037,200,99174,100,100041,100,99139,100,100089,100,98947,100
2019-06-28 09:49:40.000000000,99571,293,99428,293,99752,393,99400,293,99787,100,99323,100,99878,100,99290,100,99930,200,99248,100,99959,100,99225,100,99990,100,99187,100,100037,200,99174,100,100041,100,99139,100,100089,100,98947,100
2019-06-28 09:49:50.000000000,99571,293,99428,293,99752,393,99400,293,99787,100,99323,100,99878,100,99290,100,99930,200,99248,100,99959,100,99225,100,99990,100,99187,100,100037,200,99174,100,100041,100,99139,100,100089,100,98947,100
2019-06-28 09:49:54.541877851,99571,193,99428,293,99752,393,99400,293,99787,100,99323,100,99878,100,99290,100,99930,200,99248,100,99959,100,99225,100,99990,100,99187,100,100037,200,99174,100,100041,100,99139,100,100089,100,98947,100
2019-06-28 09:49:55.630299940,99571,193,99553,100,99752,393,99428,293,99787,100,99400,293,99878,100,99323,100,99930,200,99290,100,99959,100,99248,100,99990,100,99225,100,100037,200,99187,100,100041,100,99174,100,100089,100,99139,100
2019-06-28 09:49:56.966765794,99571,193,99553,100,99752,393,99428,293,99787,100,99400,293,99812,100,99323,100,99878,100,99290,100,99930,200,99248,100,99959,100,99225,100,99990,100,99187,100,100037,200,99174,100,100041,100,99139,100
2019-06-28 09:50:00.000000000,99752,393,99553,293,99787,293,99428,293,99812,100,99400,100,99878,100,99323,100,99930,200,99290,100,99959,100,99248,100,99990,100,99225,100,100037,200,99187,100,100041,100,99174,100,100089,100,99139,100
2019-06-28 09:50:05.823277363,99752,393,99553,293,99787,293,99463,100,99812,100,99428,293,99878,100,99400,100,99930,200,99323,100,99959,100,99290,100,99990,100,99248,100,100037,200,99225,100,100041,100,99187,100,100089,100,99174,100
2019-06-28 09:50:10.000000000,99752,277,99553,177,99787,177,99463,177,99812,177,99428,177,99878,177,99400,177,99930,277,99323,177,99959,100,99290,100,99990,100,99248,100,100037,200,99225,100,100041,100,99187,100,100089,100,99174,100
2019-06-28 09:50:20.000000000,99752,277,99553,177,99787,177,99463,177,99812,177,99428,177,99878,177,99400,177,99930,277,99323,177,99959,100,99290,100,99990,100,99248,100,100037,200,99225,100,100041,100,99187,100,100089,100,99174,100
2019-06-28 09:50:20.408728127,99752,277,99553,177,99787,177,99463,277,99812,177,99428,177,99878,177,99400,177,99930,277,99323,177,99959,100,99290,100,99990,100,99248,100,100037,200,99225,100,100041,100,99187,100,100089,100,99174,100
2019-06-28 09:50:26.089475597,99752,277,99553,177,99787,177,99463,277,99812,177,99428,177,99853,100,99400,177,99878,177,99323,177,99930,277,99290,100,99959,100,99248,100,99990,100,99225,100,100037,200,99187,100,100041,100,99174,100
2019-06-28 09:50:30.000000000,99752,586,99553,486,99787,100,99463,200,99812,100,99428,100,99853,100,99400,100,99878,100,99323,100,99930,200,99290,100,99959,100,99248,100,99990,100,99225,100,100037,200,99187,100,100041,100,99174,100
2019-06-28 09:50:39.455202589,99752,586,99553,486,99787,100,99463,200,99812,100,99428,100,99853,100,99400,100,99930,200,99323,100,99959,100,99290,100,99990,100,99248,100,100037,200,99225,100,100041,100,99187,100,100089,100,99174,100
2019-06-28 09:50:40.000000000,99752,393,99553,293,99787,293,99463,393,99812,100,99428,100,99853,100,99400,100,99930,200,99323,100,99959,100,99290,100,99990,100,99248,100,100037,200,99225,100,100041,100,99187,100,100089,100,99174,100
2019-06-28 09:50:41.781303289,99752,393,99553,193,99787,293,99463,393,99812,100,99428,100,99853,100,99400,100,99930,200,99323,100,99959,100,99290,100,99990,100,99248,100,100037,200,99225,100,100041,100,99187,100,100089,100,99174,100
2019-06-28 09:50:42.165367815,99622,100,99553,193,99752,393,99463,393,99787,293,99428,100,99812,100,99400,100,99853,100,99323,100,99930,200,99290,100,99959,100,99248,100,99990,100,99225,100,100037,200,99187,100,100041,100,99174,100
2019-06-28 09:50:42.982659401,99622,100,99553,193,99752,393,99517,100,99787,293,99463,393,99812,100,99428,100,99853,100,99400,100,99930,200,99290,100,99959,100,99248,100,99990,100,99225,100,100037,200,99187,100,100041,100,99174,100
2019-06-28 09:50:50.000000000,99622,177,99517,177,99752,277,99463,277,99787,177,99428,177,99812,177,99400,177,99853,177,99290,177,99930,200,99248,100,99959,100,99225,100,99990,100,99187,100,100037,200,99174,100,100041,100,98947,100
2019-06-28 09:50:50.625402441,99570,100,99517,177,99622,177,99463,277,99752,277,99428,177,99787,177,99400,177,99812,177,99290,177,99853,177,99248,100,99930,200,99225,100,99959,100,99187,100,100037,200,99174,100,100041,100,98947,100
2019-06-28 09:50:53.713281958,99622,177,99517,177,99752,277,99463,277,99787,177,99428,177,99812,177,99400,177,99853,177,99290,177,99930,200,99248,100,99959,100,99187,100,100037,200,99174,100,100041,100,98947,100,100089,100,,
2019-06-28 09:51:00.000000000,99622,293,99517,293,99752,393,99463,393,99787,100,99428,100,99812,100,99400,100,99853,100,99290,100,99930,200,99248,100,99959,100,99187,100,100037,200,99174,100,100041,100,98947,100,100089,100,,
2019-06-28 09:51:00.012529930,99622,293,99554,100,99752,393,99517,293,99787,100,99463,393,99812,100,99428,100,99853,100,99400,100,99930,100,99290,100,99959,100,99248,100,100037,200,99187,100,100041,100,99174,100,100089,100,98947,100
2019-06-28 09:51:01.458467691,99622,293,99554,100,99752,393,99553,100,99787,100,99517,293,99812,100,99463,393,99853,100,99400,100,99930,100,99290,100,99959,100,99248,100,100037,200,99187,100,100041,100,99174,100,100089,100,98947,100
2019-06-28 09:51:08.946705743,99622,293,99554,100,99635,100,99553,100,99752,393,99517,293,99787,100,99463,393,99812,100,99400,100,99853,100,99290,100,99930,100,99248,100,99959,100,99187,100,100037,200,99174,100,100041,100,98947,100
2019-06-28 09:51:10.000000000,99622,486,99554,486,99635,100,99553,100,99752,200,99517,100,99787,100,99463,200,99812,100,99400,100,99853,100,99290,100,99930,100,99248,100,99959,100,99187,100,100037,200,99174,100,100041,100,98947,100
2019-06-28 09:51:18.770956076,99570,100,99554,486,99622,486,99553,100,99635,100,99517,100,99752,200,99463,200,99787,100,99400,100,99812,100,99290,100,99853,100,99248,100,99930,100,99187,100,99959,100,99174,100,100037,100,98947,100
2019-06-28 09:51:20.000000000,99570,196,99554,196,99622,196,99553,196,99635,196,99517,196,99752,296,99463,296,99787,100,99400,100,99812,100,99290,100,99853,100,99248,100,99930,100,99187,100,99959,100,99174,100,100037,100,98947,100
2019-06-28 09:51:24.397325335,99570,196,99554,196,99622,196,99553,196,99635,196,99517,196,99752,196,99463,296,99787,100,99400,100,99812,100,99290,100,99853,100,99248,100,99930,100,99187,100,99959,100,99174,100,100037,100,98947,100
2019-06-28 09:51:26.264127201,99570,196,99554,196,99614,100,99553,196,99622,196,99517,196,99635,196,99463,296,99752,196,99400,100,99787,100,99290,100,99812,100,99248,100,99853,100,99187,100,99930,100,98947,100,99959,100,,
2019-06-28 09:51:30.000000000,99570,177,99554,177,99614,177,99553,177,99622,177,99517,177,99635,177,99463,277,99752,177,99400,177,99787,100,99290,100,99812,100,99248,100,99853,100,99187,100,99930,100,98947,100,99959,100,,
2019-06-28 09:51:40.000000000,99570,231,99554,231,99614,227,99553,227,99622,227,99517,227,99635,100,99463,200,99752,100,99400,100,99787,100,99290,100,99812,100,99248,100,99853,100,99187,100,99930,100,98947,100,99959,100,,
2019-06-28 09:51:41.338662916,99570,231,99554,231,99614,227,99553,227,99622,227,99517,227,99635,100,99463,200,99643,100,99400,100,99752,100,99290,100,99787,100,99248,100,99812,100,99187,100,99853,100,98947,100,99930,100,,
2019-06-28 09:51:50.000000000,99570,196,99554,196,99614,196,99553,196,99622,196,99517,196,99635,196,99463,296,99643,100,99400,100,99752,100,99290,100,99787,100,99248,100,99812,100,99187,100,99853,100,98947,100,99930,100,,
2019-06-28 09:52:00.000000000,99570,177,99554,177,99614,177,99553,177,99622,177,99517,177,99635,177,99463,277,99643,177,99400,177,99752,100,99290,100,99787,100,99248,100,99812,100,99187,100,99853,100,98947,100,99930,100,,
2019-06-28 09:52:08.193065459,99570,177,99554,177,99614,177,99553,177,99622,177,99517,177,99635,177,99463,277,99643,177,99400,177,99752,100,99334,100,99787,100,99290,100,99812,100,99248,100,99853,100,99187,100,99930,100,98947,100
2019-06-28 09:52:10.000000000,99570,196,99554,196,99614,196,99553,196,99622,196,99517,196,99635,196,99463,296,99643,100,99400,100,99752,100,99334,100,99787,100,99290,100,99812,100,99248,100,99853,100,99187,100,99930,100,98947,100
2019-06-28 09:52:20.000000000,99570,196,99554,196,99614,196,99553,196,99622,196,99517,196,99635,196,99463,296,99643,100,99400,100,99752,100,99334,100,99787,100,99290,100,99812,100,99248,100,99853,100,99187,100,99930,100,98947,100
2019-06-28 09:52:29.182943426,99570,196,99554,196,99614,196,99553,196,99622,196,99517,196,99635,196,99463,296,99643,100,99400,100,99752,100,99334,100,99787,100,99290,100,99812,100,99248,100,99853,100,99187,100,99930,100,99168,100
2019-06-28 09:52:30.000000000,99570,293,99554,293,99614,293,99553,293,99622,100,99517,100,99635,100,99463,200,99643,100,99400,100,99752,100,99334,100,99787,100,99290,100,99812,100,99248,100,99853,100,99187,100,99930,100,99168,100
2019-06-28 09:52:40.000000000,99570,486,99554,486,99614,100,99553,100,99622,100,99517,100,99635,100,99463,200,99643,100,99400,100,99752,100,99334,100,99787,100,99290,100,99812,100,99248,100,99853,100,99187,100,99930,100,99168,100
2019-06-28 09:52:45.581957221,99570,586,99554,486,99614,100,99553,100,99622,100,99517,100,99635,100,99463,200,99643,100,99400,100,99752,100,99334,100,99787,100,99290,100,99812,100,99248,100,99853,100,99187,100,99930,100,99168,100
2019-06-28 09:52:50.000000000,99570,586,99554,486,99614,100,99553,100,99622,100,99517,100,99635,100,99463,200,99643,100,99400,100,99752,100,99334,100,99787,100,99290,100,99812,100,99248,100,99853,100,99187,100,99930,100,99168,100
2019-06-28 09:52:55.732350968,99570,586,99554,486,99614,100,99553,100,99622,100,99517,100,99635,100,99463,200,99643,100,99400,100,99752,100,99334,100,99787,100,99290,100,99812,100,99248,100,99930,100,99245,100,99959,100,99187,100
2019-06-28 09:53:00.000000000,99570,277,99554,177,99614,177,99553,177,99622,177,99517,177,99635,177,99463,277,99643,177,99400,177,99752,100,99334,100,99787,100,99290,100,99812,100,99248,100,99930,100,99245,100,99959,100,99187,100
2019-06-28 09:53:10.000000000,99570,296,99554,196,99614,196,99553,196,99622,196,99517,196,99635,196,99463,296,99643,100,99400,100,99752,100,99334,100,99787,100,99290,100,99812,100,99248,100,99930,100,99245,100,99959,100,99187,100
2019-06-28 09:53:20.000000000,99570,331,99554,231,99614,227,99553,227,99622,227,99517,227,99635,100,99463,200,99643,100,99400,100,99752,100,99334,100,99787,100,99290,100,99812,100,99248,100,99930,100,99245,100,99959,100,99187,100
2019-06-28 09:53:25.785086373,99570,331,99554,131,99614,227,99553,227,99622,227,99517,227,99635,100,99463,200,99643,100,99400,100,99752,100,99334,100,99787,100,99248,100,99812,100,99245,100,99930,100,99187,100,99959,100,99168,100
2019-06-28 09:53:30.000000000,99570,277,99553,177,99614,177,99517,177,99622,177,99463,277,99635,177,99400,177,99643,177,99334,177,99752,100,99248,100,99787,100,99245,100,99812,100,99187,100,99930,100,99168,100,99959,100,98947,100
2019-06-28 09:53:40.000000000,99570,586,99553,486,99614,100,99517,100,99622,100,99463,200,99635,100,99400,100,99643,100,99334,100,99752,100,99248,100,99787,100,99245,100,99812,100,99187,100,99930,100,99168,100,99959,100,98947,100
2019-06-28 09:53:50.000000000,99570,296,99553,196,99614,196,99517,196,99622,196,99463,296,99635,196,99400,196,99643,100,99334,100,99752,100,99248,100,99787,100,99245,100,99812,100,99187,100,99930,100,99168,100,99959,100,98947,100
2019-06-28 09:54:00.000000000,99570,331,99553,231,99614,227,99517,227,99622,227,99463,327,99635,100,99400,100,99643,100,99334,100,99752,100,99248,100,99787,100,99245,100,99812,100,99187,100,99930,100,99168,100,99959,100,98947,100
2019-06-28 09:54:00.239653851,99570,331,99553,231,99614,227,99517,227,99622,227,99463,327,99635,100,99400,100,99643,100,99334,100,99752,100,99248,100,99787,100,99245,100,99812,100,99187,100,99959,100,99168,100,100037,100,98947,100
2019-06-28 09:54:05.122594702,99570,331,99553,231,99614,227,99517,227,99622,227,99463,327,99635,100,99400,100,99643,100,99334,100,99752,100,99248,100,99787,100,99245,100,99812,100,99187,100,99959,100,99168,100,100037,100,99091,100
2019-06-28 09:54:09.463479319,99570,331,99553,131,99614,227,99517,227,99622,227,99463,327,99635,100,99400,100,99643,100,99334,100,99752,100,99248,100,99787,100,99245,100,99812,100,99187,100,99959,100,99168,100,100037,100,99091,100
2019-06-28 09:54:10.000000000,99570,277,99517,177,99614,177,99463,277,99622,177,99400,177,99635,177,99334,177,99643,177,99248,177,99752,100,99245,100,99787,100,99187,100,99812,100,99168,100,99959,100,99091,100,100037,100,98947,100
2019-06-28 09:54:20.000000000,99570,586,99517,486,99614,100,99463,200,99622,100,99400,100,99635,100,99334,100,99643,100,99248,100,99752,100,99245,100,99787,100,99187,100,99812,100,99168,100,99959,100,99091,100,100037,100,98947,100
2019-06-28 09:54:30.000000000,99570,331,99517,231,99614,227,99463,327,99622,227,99400,227,99635,100,99334,100,99643,100,99248,100,99752,100,99245,100,99787,100,99187,100,99812,100,99168,100,99959,100,99091,100,100037,100,98947,100
2019-06-28 09:54:32.328262394,99554,100,99517,231,99570,331,99463,327,99614,227,99400,227,99622,227,99334,100,99635,100,99248,100,99643,100,99245,100,99752,100,99187,100,99787,100,99168,100,99812,100,99091,100,99959,100,98947,100
2019-06-28 09:54:34.070672521,99554,100,99517,131,99570,331,99463,327,99614,227,99400,127,99622,227,99334,100,99635,100,99248,100,99643,100,99245,100,99752,100,99187,100,99787,100,99168,100,99812,100,99091,100,99959,100,98947,100
2019-06-28 09:54:40.000000000,99554,293,99463,393,99570,393,99334,293,99614,100,99248,100,99622,100,99245,100,99635,100,99187,100,99643,100,99168,100,99752,100,99091,100,99787,100,98947,100,99812,100,,,99959,100,,
2019-06-28 09:54:50.000000000,99554,196,99463,296,99570,296,99334,196,99614,196,99248,196,99622,196,99245,196,99635,100,99187,100,99643,100,99168,100,99752,100,99091,100,99787,100,98947,100,99812,100,,,99959,100,,
2019-06-28 09:54:51.360366362,99554,196,99463,296,99570,296,99334,196,99614,196,99248,196,99622,196,99245,196,99635,100,99187,100,99643,100,99168,100,99752,100,99091,100,99787,100,98947,100,99812,100,98472,100,99959,100,,
2019-06-28 09:54:52.077917625,99554,196,99463,196,99570,296,99334,196,99614,196,99248,196,99622,196,99245,196,99635,100,99187,100,99643,100,99168,100,99752,100,99091,100,99787,100,98947,100,99812,100,98472,100,99959,100,,
2019-06-28 09:54:53.093382362,99554,196,99463,196,99570,296,99334,196,99614,196,99248,196,99622,196,99245,196,99635,100,99187,100,99643,100,99168,100,99752,100,99091,100,99787,100,98947,100,99812,100,98712,100,99959,100,98472,100
2019-06-28 09:54:57.738069625,99554,196,99463,196,99570,296,99334,196,99614,196,99248,196,99622,196,99245,196,99635,100,99187,100,99643,100,99168,100,99752,100,99091,100,99787,100,98947,100,99812,100,98712,100,99959,100,98472,100
2019-06-28 09:55:00.000000000,99554,293,99463,293,99570,393,99334,293,99614,100,99248,100,99622,100,99245,100,99635,100,99187,100,99643,100,99168,100,99752,100,99091,100,99787,100,98947,100,99812,100,98712,100,99959,100,98472,100
2019-06-28 09:55:02.183257585,99554,293,99463,293,99570,393,99334,293,99614,100,99248,100,99622,100,99245,100,99635,100,99187,100,99643,100,99168,100,99752,100,99091,100,99787,100,98947,100,99812,100,98808,100,99959,100,98712,100
2019-06-28 09:55:10.000000000,99554,177,99463,177,99570,277,99334,177,99614,177,99248,177,99622,177,99245,177,99635,177,99187,177,99643,100,99168,100,99752,100,99091,100,99787,100,98947,100,99812,100,98808,100,99959,100,98712,100
2019-06-28 09:55:20.000000000,99554,231,99463,231,99570,327,99334,227,99614,227,99248,227,99622,100,99245,100,99635,100,99187,100,99643,100,99168,100,99752,100,99091,100,99787,100,98947,100,99812,100,98808,100,99959,100,98712,100
2019-06-28 09:55:26.181858194,99554,231,99463,231,99570,327,99334,227,99614,227,99248,227,99622,100,99245,100,99635,100,99187,100,99643,100,99168,100,99752,100,99091,100,99787,100,98947,100,99812,100,98808,100,99959,100,98712,100
2019-06-28 09:55:30.000000000,99554,196,99463,196,99570,296,99334,196,99614,196,99248,196,99622,196,99245,196,99635,100,99187,100,99643,100,99168,100,99752,100,99091,100,99787,100,98947,100,99812,100,98808,100,99959,100,98712,100
2019-06-28 09:55:38.294194297,99554,196,99463,96,99570,296,99334,196,99614,196,99248,196,99622,196,99245,196,99635,100,99187,100,99643,100,99168,100,99752,100,99091,100,99787,100,98947,100,99812,100,98808,100,99959,100,98712,100
2019-06-28 09:55:40.000000000,99554,231,99334,231,99570,327,99248,227,99614,227,99245,227,99622,100,99187,100,99635,100,99168,100,99643,100,99091,100,99752,100,98947,100,99787,100,98808,100,99812,100,98712,100,99959,100,98472,100
2019-06-28 09:55:50.000000000,99554,177,99334,177,99570,277,99248,177,99614,177,99245,177,99622,177,99187,177,99635,177,99168,177,99643,100,99091,100,99752,100,98947,100,99787,100,98808,100,99812,100,98712,100,99959,100,98472,100
2019-06-28 09:55:54.492199936,99554,177,99334,177,99570,277,99248,177,99614,177,99245,177,99622,177,99187,177,99635,177,99168,177,99643,100,99091,100,99752,100,98947,100,99787,100,98808,100,99812,100,98712,100,99959,100,98472,100
2019-06-28 09:56:00.000000000,99554,196,99334,196,99570,296,99248,196,99614,196,99245,196,99622,196,99187,196,99635,100,99168,100,99643,100,99091,100,99752,100,98947,100,99787,100,98808,100,99812,100,98712,100,99959,100,98472,100
2019-06-28 09:56:06.234586956,99554,196,99334,196,99570,296,99248,196,99614,196,99245,196,99622,196,99187,196,99635,100,99168,100,99643,100,99091,100,99752,100,98947,100,99787,100,98808,100,99812,100,98712,100,99959,100,98560,100
2019-06-28 09:56:06.892612990,99554,196,99334,96,99570,296,99248,196,99614,196,99245,196,99622,196,99187,196,99635,100,99168,100,99643,100,99091,100,99752,100,98947,100,99787,100,98808,100,99812,100,98712,100,99959,100,98560,100
2019-06-28 09:56:10.000000000,99554,231,99248,231,99570,327,99245,227,99614,227,99187,227,99622,100,99168,100,99635,100,99091,100,99643,100,98947,100,99752,100,98808,100,99787,100,98712,100,99812,100,98560,100,99959,100,98472,100
2019-06-28 09:56:20.000000000,99554,293,99248,293,99570,393,99245,293,99614,100,99187,100,99622,100,99168,100,99635,100,99091,100,99643,100,98947,100,99752,100,98808,100,99787,100,98712,100,99812,100,98560,100,99959,100,98472,100
2019-06-28 09:56:25.781596717,99554,293,99248,193,99570,393,99245,293,99614,100,99187,100,99622,100,99168,100,99635,100,99091,100,99643,100,98947,100,99752,100,98808,100,99787,100,98712,100,99812,100,98472,100,99959,100,98350,100
2019-06-28 09:56:30.000000000,99554,231,99245,231,99570,327,99187,227,99614,227,99168,227,99622,100,99091,100,99635,100,98947,100,99643,100,98808,100,99752,100,98712,100,99787,100,98472,100,99812,100,98350,100,99959,100,98332,100
2019-06-28 09:56:40.000000000,99554,486,99245,486,99570,200,99187,100,99614,100,99168,100,99622,100,99091,100,99635,100,98947,100,99643,100,98808,100,99752,100,98712,100,99787,100,98472,100,99812,100,98350,100,99959,100,98332,100
2019-06-28 09:56:50.000000000,99554,486,99245,486,99570,200,99187,100,99614,100,99168,100,99622,100,99091,100,99635,100,98947,100,99643,100,98808,100,99752,100,98712,100,99787,100,98472,100,99812,100,98350,100,99959,100,98332,100
2019-06-28 09:56:58.741562284,99554,486,99245,386,99570,200,99187,100,99614,100,99091,100,99622,100,98947,100,99635,100,98808,100,99643,100,98712,100,99752,100,98472,100,99787,100,98350,100,99812,100,98332,100,99959,100,,
2019-06-28 09:57:00.000000000,99554,293,99187,293,99570,393,99091,293,99614,100,98947,100,99622,100,98808,100,99635,100,98712,100,99643,100,98472,100,99752,100,98350,100,99787,100,98332,100,99812,100,,,99959,100,,
2019-06-28 09:57:10.000000000,99554,293,99187,293,99570,393,99091,293,99614,100,98947,100,99622,100,98808,100,99635,100,98712,100,99643,100,98472,100,99752,100,98350,100,99787,100,98332,100,99812,100,,,99959,100,,
2019-06-28 09:57:20.000000000,99554,293,99187,293,99570,393,99091,293,99614,100,98947,100,99622,100,98808,100,99635,100,98712,100,99643,100,98472,100,99752,100,98350,100,99787,100,98332,100,99812,100,,,99959,100,,
2019-06-28 09:57:30.000000000,99554,231,99187,231,99570,327,99091,227,99614,227,98947,227,99622,100,98808,100,99635,100,98712,100,99643,100,98472,100,99752,100,98350,100,99787,100,98332,100,99812,100,,,99959,100,,
2019-06-28 09:57:40.000000000,99554,293,99187,293,99570,393,99091,293,99614,100,98947,100,99622,100,98808,100,99635,100,98712,100,99643,100,98472,100,99752,100,98350,100,99787,100,98332,100,99812,100,,,99959,100,,
2019-06-28 09:57:40.659802480,99248,100,99187,293,99554,293,99091,293,99570,393,98947,100,99614,100,98808,100,99622,100,98712,100,99635,100,98472,100,99643,100,98350,100,99752,100,98332,100,99787,100,,,99812,100,,
2019-06-28 09:57:50.000000000,99248,486,99187,486,99554,100,99091,100,99570,200,98947,100,99614,100,98808,100,99622,100,98712,100,99635,100,98472,100,99643,100,98350,100,99752,100,98332,100,99787,100,,,99812,100,,
2019-06-28 09:58:00.000000000,99248,293,99187,293,99554,293,99091,293,99570,200,98947,100,99614,100,98808,100,99622,100,98712,100,99635,100,98472,100,99643,100,98350,100,99752,100,98332,100,99787,100,,,99812,100,,
2019-06-28 09:58:05.357497892,99199,100,99187,293,99248,293,99091,293,99554,293,98947,100,99570,200,98808,100,99614,100,98712,100,99622,100,98472,100,99635,100,98350,100,99643,100,98332,100,99752,100,,,99787,100,,
2019-06-28 09:58:10.000000000,99199,293,99187,293,99248,293,99091,293,99554,100,98947,100,99570,200,98808,100,99614,100,98712,100,99622,100,98472,100,99635,100,98350,100,99643,100,98332,100,99752,100,,,99787,100,,
2019-06-28 09:58:14.029033665,99195,100,99187,293,99199,293,99091,293,99248,293,98947,100,99554,100,98808,100,99570,200,98712,100,99614,100,98472,100,99622,100,98350,100,99635,100,98332,100,99643,100,,,99752,100,,
2019-06-28 09:58:20.000000000,99195,231,99187,231,99199,227,99091,227,99248,227,98947,227,99554,100,98808,100,99570,200,98712,100,99614,100,98472,100,99622,100,98350,100,99635,100,98332,100,99643,100,,,99752,100,,
2019-06-28 09:58:20.778068843,99195,231,99187,231,99199,227,99091,227,99248,327,98947,227,99570,200,98808,100,99614,100,98712,100,99622,100,98472,100,99635,100,98350,100,99643,100,98332,100,99752,100,,,99787,100,,
2019-06-28 09:58:30.000000000,99195,196,99187,196,99199,196,99091,196,99248,296,98947,196,99570,296,98808,196,99614,100,98712,100,99622,100,98472,100,99635,100,98350,100,99643,100,98332,100,99752,100,,,99787,100,,
2019-06-28 09:58:36.697465760,99195,196,99187,196,99199,196,99091,196,99229,100,98947,196,99248,296,98808,196,99570,296,98712,100,99614,100,98472,100,99622,100,98350,100,99635,100,98332,100,99643,100,,,99752,100,,
2019-06-28 09:58:40.000000000,99195,177,99187,177,99199,177,99091,177,99229,177,98947,177,99248,277,98808,177,99570,277,98712,177,99614,100,98472,100,99622,100,98350,100,99635,100,98332,100,99643,100,,,99752,100,,
2019-06-28 09:58:45.452604864,99195,177,99187,177,99199,177,99091,177,99229,177,98947,177,99248,277,98811,100,99570,277,98808,177,99614,100,98712,177,99622,100,98472,100,99635,100,98350,100,99643,100,98332,100,99752,100,,
2019-06-28 09:58:50.000000000,99195,486,99187,486,99199,100,99091,100,99229,100,98947,100,99248,200,98811,100,99570,200,98808,100,99614,100,98712,100,99622,100,98472,100,99635,100,98350,100,99643,100,98332,100,99752,100,,
2019-06-28 09:59:00.000000000,99195,231,99187,231,99199,227,99091,227,99229,227,98947,227,99248,200,98811,100,99570,200,98808,100,99614,100,98712,100,99622,100,98472,100,99635,100,98350,100,99643,100,98332,100,99752,100,,
2019-06-28 09:59:07.055136341,99195,231,99187,231,99199,227,99091,227,99229,227,99065,100,99248,200,98947,227,99570,200,98811,100,99622,100,98808,100,99635,100,98712,100,99643,100,98472,100,99752,100,98350,100,99787,100,98332,100
2019-06-28 09:59:10.000000000,99195,486,99187,486,99199,100,99091,100,99229,100,99065,100,99248,200,98947,100,99570,200,98811,100,99622,100,98808,100,99635,100,98712,100,99643,100,98472,100,99752,100,98350,100,99787,100,98332,100
2019-06-28 09:59:20.000000000,99195,196,99187,196,99199,196,99091,196,99229,196,99065,196,99248,296,98947,196,99570,200,98811,100,99622,100,98808,100,99635,100,98712,100,99643,100,98472,100,99752,100,98350,100,99787,100,98332,100
2019-06-28 09:59:23.355437207,99195,196,99187,196,99199,196,99091,196,99229,196,99065,196,99248,296,98947,196,99400,100,98811,100,99570,200,98808,100,99622,100,98712,100,99635,100,98472,100,99643,100,98350,100,99752,100,98332,100
2019-06-28 09:59:30.000000000,99195,177,99187,177,99199,177,99091,177,99229,177,99065,177,99248,277,98947,177,99400,177,98811,177,99570,200,98808,100,99622,100,98712,100,99635,100,98472,100,99643,100,98350,100,99752,100,98332,100
2019-06-28 09:59:40.000000000,99195,293,99187,293,99199,293,99091,293,99229,100,99065,100,99248,200,98947,100,99400,100,98811,100,99570,200,98808,100,99622,100,98712,100,99635,100,98472,100,99643,100,98350,100,99752,100,98332,100
2019-06-28 09:59:46.650873861,99195,293,99187,293,99199,293,99091,293,99202,100,99065,100,99229,100,98947,100,99248,200,98811,100,99400,100,98808,100,99570,200,98712,100,99622,100,98472,100,99635,100,98350,100,99643,100,98332,100
2019-06-28 09:59:50.000000000,99195,231,99187,231,99199,227,99091,227,99202,227,99065,227,99229,100,98947,100,99248,200,98811,100,99400,100,98808,100,99570,200,98712,100,99622,100,98472,100,99635,100,98350,100,99643,100,98332,100
2019-06-28 09:59:51.442681084,99195,231,99187,231,99199,227,99091,227,99202,227,99065,227,99229,100,98947,100,99248,200,98811,100,99400,100,98808,100,99570,100,98712,100,99622,100,98472,100,99635,100,98350,100,99643,100,98332,100
2019-06-28 09:59:56.720380669,99195,131,99187,231,99199,227,99091,227,99202,227,99065,227,99229,100,98947,100,99248,200,98811,100,99400,100,98808,100,99570,100,98712,100,99622,100,98472,100,99635,100,98332,100,99643,100,,
2019-06-28 10:00:00.000000000,99199,196,99187,196,99202,196,99091,196,99229,196,99065,196,99248,296,98947,196,99400,100,98811,100,99570,100,98808,100,99622,100,98712,100,99635,100,98472,100,99643,100,98332,100,99752,100,,
2019-06-28 10:00:10.000000000,99199,196,99187,196,99202,196,99091,196,99229,196,99065,196,99248,296,98947,196,99400,100,98811,100,99570,100,98808,100,99622,100,98712,100,99635,100,98472,100,99643,100,98332,100,99752,100,,
2019-06-28 10:00:20.000000000,99199,231,99187,231,99202,227,99091,227,99229,227,99065,227,99248,200,98947,100,99400,100,98811,100,99570,100,98808,100,99622,100,98712,100,99635,100,98472,100,99643,100,98332,100,99752,100,,
2019-06-28 10:00:30.000000000,99199,231,99187,231,99202,227,99091,227,99229,227,99065,227,99248,200,98947,100,99400,100,98811,100,99570,100,98808,100,99622,100,98712,100,99635,100,98472,100,99643,100,98332,100,99752,100,,
2019-06-28 10:00:37.933832846,99199,231,99187,231,99202,227,99159,100,99229,227,99091,227,99248,200,99065,227,99400,100,98947,100,99570,100,98811,100,99622,100,98808,100,99635,100,98712,100,99643,100,98472,100,99752,100,98332,100
2019-06-28 10:00:38.425412702,99194,100,99187,231,99199,231,99159,100,99202,227,99091,227,99229,227,99065,227,99248,200,98947,100,99400,100,98811,100,99570,100,98808,100,99622,100,98712,100,99635,100,98472,100,99643,100,98332,100
2019-06-28 10:00:40.000000000,99194,231,99187,231,99199,227,99159,227,99202,227,99091,227,99229,100,99065,100,99248,200,98947,100,99400,100,98811,100,99570,100,98808,100,99622,100,98712,100,99635,100,98472,100,99643,100,98332,100
2019-06-28 10:00:50.000000000,99194,231,99187,231,99199,227,99159,227,99202,227,99091,227,99229,100,99065,100,99248,200,98947,100,99400,100,98811,100,99570,100,98808,100,99622,100,98712,100,99635,100,98472,100,99643,100,98332,100
2019-06-28 10:01:00.000000000,99194,177,99187,177,99199,177,99159,177,99202,177,99091,177,99229,177,99065,177,99248,277,98947,177,99400,100,98811,100,99570,100,98808,100,99622,100,98712,100,99635,100,98472,100,99643,100,98332,100
2019-06-28 10:01:10.000000000,99194,293,99187,293,99199,293,99159,293,99202,100,99091,100,99229,100,99065,100,99248,200,98947,100,99400,100,98811,100,99570,100,98808,100,99622,100,98712,100,99635,100,98472,100,99643,100,98332,100
2019-06-28 10:01:20.000000000,99194,231,99187,231,99199,227,99159,227,99202,227,99091,227,99229,100,99065,100,99248,200,98947,100,99400,100,98811,100,99570,100,98808,100,99622,100,98712,100,99635,100,98472,100,99643,100,98332,100
2019-06-28 10:01:23.518842495,99194,131,99187,231,99199,227,99159,227,99202,227,99091,227,99229,100,99065,100,99248,200,98947,100,99400,100,98811,100,99622,100,98808,100,99635,100,98712,100,99643,100,98472,100,99752,100,98332,100
2019-06-28 10:01:30.000000000,99199,486,99187,486,99202,100,99159,100,99229,100,99091,100,99248,200,99065,100,99400,100,98947,100,99622,100,98811,100,99635,100,98808,100,99643,100,98712,100,99752,100,98472,100,99787,100,98332,100
2019-06-28 10:01:40.000000000,99199,293,99187,293,99202,293,99159,293,99229,100,99091,100,99248,200,99065,100,99400,100,98947,100,99622,100,98811,100,99635,100,98808,100,99643,100,98712,100,99752,100,98472,100,99787,100,98332,100
2019-06-28 10:01:48.716547448,99199,293,99187,293,99202,293,99159,293,99229,100,99091,100,99248,200,99065,100,99400,100,98947,100,99622,100,98811,100,99635,100,98808,100,99643,100,98712,100,99752,100,98472,100,99787,100,98332,100
2019-06-28 10:01:50.000000000,99199,486,99187,486,99202,100,99159,100,99229,100,99091,100,99248,200,99065,100,99400,100,98947,100,99622,100,98811,100,99635,100,98808,100,99643,100,98712,100,99752,100,98472,100,99787,100,98332,100
2019-06-28 10:02:00.000000000,99199,293,99187,293,99202,293,99159,293,99229,100,99091,100,99248,200,99065,100,99400,100,98947,100,99622,100,98811,100,99635,100,98808,100,99643,100,98712,100,99752,100,98472,100,99787,100,98332,100
2019-06-28 10:02:03.193110842,99199,293,99187,293,99202,293,99159,293,99229,100,99091,100,99248,200,99065,100,99400,100,98947,100,99622,100,98811,100,99635,100,98808,100,99643,100,98712,100,99752,100,98472,100,99787,100,98332,100
2019-06-28 10:02:10.000000000,99199,231,99187,231,99202,227,99159,227,99229,227,99091,227,99248,200,99065,100,99400,100,98947,100,99622,100,98811,100,99635,100,98808,100,99643,100,98712,100,99752,100,98472,100,99787,100,98332,100
2019-06-28 10:02:20.000000000,99199,196,99187,196,99202,196,99159,196,99229,196,99091,196,99248,296,99065,196,99400,100,98947,100,99622,100,98811,100,99635,100,98808,100,99643,100,98712,100,99752,100,98472,100,99787,100,98332,100
2019-06-28 10:02:23.080878351,99199,196,99187,196,99202,196,99159,196,99229,196,99091,196,99248,296,99065,196,99400,100,98947,100,99622,100,98811,100,99635,100,98808,100,99643,100,98712,100,99752,100,98472,100,99787,100,98332,100
2019-06-28 10:02:30.000000000,99199,196,99187,196,99202,196,99159,196,99229,196,99091,196,99248,296,99065,196,99400,100,98947,100,99622,100,98811,100,99635,100,98808,100,99643,100,98712,100,99752,100,98472,100,99787,100,98332,100
2019-06-28 10:02:40.000000000,99199,231,99187,231,99202,227,99159,227,99229,227,99091,227,99248,200,99065,100,99400,100,98947,100,99622,100,98811,100,99635,100,98808,100,99643,100,98712,100,99752,100,98472,100,99787,100,98332,100
2019-06-28 10:02:43.318853409,99199,131,99187,231,99202,227,99159,227,99229,227,99091,227,99248,200,99065,100,99400,100,98947,100,99622,100,98811,100,99635,100,98808,100,99643,100,98712,100,99752,100,98472,100,99787,100,98332,100
2019-06-28 10:02:48.731757748,99199,31,99187,231,99202,227,99159,227,99229,227,99091,227,99248,200,99065,100,99400,100,98947,100,99622,100,98811,100,99635,100,98808,100,99643,100,98712,100,99752,100,98472,100,99787,100,98332,100
2019-06-28 10:02:50.000000000,99202,293,99187,293,99229,293,99159,293,99248,200,99091,100,99400,100,99065,100,99622,100,98947,100,99635,100,98811,100,99643,100,98808,100,99752,100,98712,100,99787,100,98472,100,99812,100,98332,100
2019-06-28 10:03:00.000000000,99202,293,99187,293,99229,293,99159,293,99248,200,99091,100,99400,100,99065,100,99622,100,98947,100,99635,100,98811,100,99643,100,98808,100,99752,100,98712,100,99787,100,98472,100,99812,100,98332,100
2019-06-28 10:03:02.016316135,99202,193,99187,293,99229,293,99159,293,99248,200,99091,100,99400,100,98947,100,99622,100,98811,100,99635,100,98808,100,99643,100,98712,100,99752,100,98472,100,99787,100,98332,100,99812,100,,
2019-06-28 10:03:06.550019633,99202,193,99199,100,99229,293,99187,293,99248,200,99159,293,99400,100,99091,100,99622,100,98947,100,99635,100,98811,100,99643,100,98808,100,99752,100,98712,100,99787,100,98472,100,99812,100,98332,100
2019-06-28 10:03:10.000000000,99229,293,99199,293,99248,393,99187,293,99400,100,99159,100,99622,100,99091,100,99635,100,98947,100,99643,100,98811,100,99752,100,98808,100,99787,100,98712,100,99812,100,98472,100,99959,100,98332,100
2019-06-28 10:03:20.000000000,99229,177,99199,177,99248,277,99187,177,99400,177,99159,177,99622,177,99091,177,99635,177,98947,177,99643,100,98811,100,99752,100,98808,100,99787,100,98712,100,99812,100,98472,100,99959,100,98332,100
2019-06-28 10:03:30.000000000,99229,196,99199,196,99248,296,99187,196,99400,196,99159,196,99622,196,99091,196,99635,100,98947,100,99643,100,98811,100,99752,100,98808,100,99787,100,98712,100,99812,100,98472,100,99959,100,98332,100
2019-06-28 10:03:37.397821966,99229,96,99199,196,99248,296,99187,196,99400,196,99159,196,99622,196,99091,196,99635,100,98947,100,99643,100,98811,100,99752,100,98808,100,99787,100,98712,100,99812,100,98472,100,99959,100,98332,100
2019-06-28 10:03:40.000000000,99248,277,99199,177,99400,177,99187,177,99622,177,99159,177,99635,177,99091,177,99643,177,98947,177,99752,100,98811,100,99787,100,98808,100,99812,100,98712,100,99959,100,98472,100,99975,100,98332,100
2019-06-28 10:03:50.000000000,99248,296,99199,196,99400,196,99187,196,99622,196,99159,196,99635,196,99091,196,99643,100,98947,100,99752,100,98811,100,99787,100,98808,100,99812,100,98712,100,99959,100,98472,100,99975,100,98332,100
2019-06-28 10:04:00.000000000,99248,586,99199,486,99400,100,99187,100,99622,100,99159,100,99635,100,99091,100,99643,100,98947,100,99752,100,98811,100,99787,100,98808,100,99812,100,98712,100,99959,100,98472,100,99975,100,98332,100
2019-06-28 10:04:04.841567368,99248,586,99202,100,99400,100,99199,486,99622,100,99187,100,99635,100,99159,100,99643,100,99091,100,99752,100,98947,100,99787,100,98811,100,99812,100,98808,100,99959,100,98712,100,99975,100,98472,100
2019-06-28 10:04:10.000000000,99248,277,99202,177,99400,177,99199,177,99622,177,99187,177,99635,177,99159,177,99643,177,99091,177,99752,100,98947,100,99787,100,98811,100,99812,100,98808,100,99959,100,98712,100,99975,100,98472,100
2019-06-28 10:04:14.960010185,99248,277,99202,177,99400,177,99199,177,99622,177,99187,177,99635,177,99159,177,99643,177,99091,177,99752,100,98947,100,99787,100,98811,100,99812,100,98808,100,99959,100,98712,100,99975,100,98472,100
2019-06-28 10:04:20.000000000,99248,331,99202,231,99400,227,99199,227,99622,227,99187,227,99635,100,99159,100,99643,100,99091,100,99752,100,98947,100,99787,100,98811,100,99812,100,98808,100,99959,100,98712,100,99975,100,98472,100
2019-06-28 10:04:25.360558984,99248,331,99202,231,99400,227,99199,227,99622,227,99187,227,99635,100,99159,100,99643,100,99091,100,99752,100,98947,100,99787,100,98811,100,99812,100,98808,100,99959,100,98712,100,99975,100,98472,100
2019-06-28 10:04:30.000000000,99248,277,99202,177,99400,177,99199,177,99622,177,99187,177,99635,177,99159,177,99643,177,99091,177,99752,100,98947,100,99787,100,98811,100,99812,100,98808,100,99959,100,98712,100,99975,100,98472,100
2019-06-28 10:04:40.000000000,99248,393,99202,293,99400,293,99199,293,99622,100,99187,100,99635,100,99159,100,99643,100,99091,100,99752,100,98947,100,99787,100,98811,100,99812,100,98808,100,99959,100,98712,100,99975,100,98472,100
2019-06-28 10:04:41.847796327,99248,293,99202,293,99400,293,99199,293,99622,100,99187,100,99635,100,99159,100,99643,100,99091,100,99752,100,98947,100,99787,100,98811,100,99812,100,98808,100,99959,100,98712,100,99975,100,98472,100
2019-06-28 10:04:45.180624743,99248,293,99229,100,99400,293,99202,293,99622,100,99199,293,99635,100,99187,100,99643,100,99159,100,99752,100,99091,100,99787,100,98947,100,99812,100,98811,100,99975,100,98808,100,99992,100,98712,100
2019-06-28 10:04:50.000000000,99248,177,99229,177,99400,177,99202,177,99622,177,99199,177,99635,177,99187,177,99643,177,99159,177,99752,100,99091,100,99787,100,98947,100,99812,100,98811,100,99975,100,98808,100,99992,100,98712,100
2019-06-28 10:05:00.000000000,99248,486,99229,486,99400,100,99202,100,99622,100,99199,100,99635,100,99187,100,99643,100,99159,100,99752,100,99091,100,99787,100,98947,100,99812,100,98811,100,99975,100,98808,100,99992,100,98712,100
2019-06-28 10:05:10.000000000,99248,293,99229,293,99400,293,99202,293,99622,100,99199,100,99635,100,99187,100,99643,100,99159,100,99752,100,99091,100,99787,100,98947,100,99812,100,98811,100,99975,100,98808,100,99992,100,98712,100
2019-06-28 10:05:20.000000000,99248,177,99229,177,99400,177,99202,177,99622,177,99199,177,99635,177,99187,177,99643,177,99159,177,99752,100,99091,100,99787,100,98947,100,99812,100,98811,100,99975,100,98808,100,99992,100,98712,100
2019-06-28 10:05:26.168845550,99248,77,99229,177,99400,177,99202,177,99622,177,99199,177,99635,177,99187,177,99643,177,99159,177,99752,100,99091,100,99787,100,98947,100,99812,100,98811,100,99975,100,98808,100,99992,100,98712,100
2019-06-28 10:05:30.000000000,99400,231,99229,231,99622,227,99202,227,99635,227,99199,227,99643,100,99187,100,99752,100,99159,100,99787,100,99091,100,99812,100,98947,100,99975,100,98811,100,99992,100,98808,100,100037,100,98712,100
2019-06-28 10:05:38.600073632,99400,231,99229,231,99622,227,99202,227,99635,227,99199,227,99643,100,99187,100,99752,100,99159,100,99787,100,99091,100,99975,100,98947,100,99992,100,98811,100,100037,100,98808,100,100091,100,98712,100
2019-06-28 10:05:40.000000000,99400,486,99229,486,99622,100,99202,100,99635,100,99199,100,99643,100,99187,100,99752,100,99159,100,99787,100,99091,100,99975,100,98947,100,99992,100,98811,100,100037,100,98808,100,100091,100,98712,100
2019-06-28 10:05:42.241331781,99400,386,99229,486,99622,100,99202,100,99635,100,99199,100,99643,100,99187,100,99752,100,99159,100,99787,100,99091,100,99975,100,98947,100,99992,100,98811,100,100037,100,98808,100,100091,100,98712,100
2019-06-28 10:05:50.000000000,99622,196,99229,196,99635,196,99202,196,99643,196,99199,196,99752,196,99187,196,99787,100,99159,100,99975,100,99091,100,99992,100,98947,100,100037,100,98811,100,100091,100,98808,100,100219,100,98712,100
2019-06-28 10:06:00.000000000,99622,293,99229,293,99635,293,99202,293,99643,100,99199,100,99752,100,99187,100,99787,100,99159,100,99975,100,99091,100,99992,100,98947,100,100037,100,98811,100,100091,100,98808,100,100219,100,98712,100
2019-06-28 10:06:10.000000000,99622,177,99229,177,99635,177,99202,177,99643,177,99199,177,99752,177,99187,177,99787,177,99159,177,99975,100,99091,100,99992,100,98947,100,100037,100,98811,100,100091,100,98808,100,100219,100,98712,100
2019-06-28 10:06:20.000000000,99622,196,99229,196,99635,196,99202,196,99643,196,99199,196,99752,196,99187,196,99787,100,99159,100,99975,100,99091,100,99992,100,98947,100,100037,100,98811,100,100091,100,98808,100,100219,100,98712,100
2019-06-28 10:06:30.000000000,99622,231,99229,231,99635,227,99202,227,99643,227,99199,227,99752,100,99187,100,99787,100,99159,100,99975,100,99091,100,99992,100,98947,100,100037,100,98811,100,100091,100,98808,100,100219,100,98712,100
2019-06-28 10:06:32.145175050,99622,231,99229,231,99635,227,99202,227,99643,227,99199,227,99752,100,99187,100,99787,100,99159,100,99975,100,99091,100,99992,100,98947,100,100037,100,98811,100,100091,100,98808,100,100219,100,98472,100
2019-06-28 10:06:37.201895521,99622,131,99229,231,99635,227,99202,227,99643,227,99199,227,99752,100,99187,100,99787,100,99159,100,99975,100,99091,100,99992,100,98947,100,100037,100,98811,100,100091,100,98808,100,100219,100,98472,100
2019-06-28 10:06:40.000000000,99635,231,99229,231,99643,227,99202,227,99752,227,99199,227,99787,100,99187,100,99975,100,99159,100,99992,100,99091,100,100037,100,98947,100,100091,100,98811,100,100219,100,98808,100,100359,100,98472,100
2019-06-28 10:06:50.000000000,99635,196,99229,196,99643,196,99202,196,99752,196,99199,196,99787,196,99187,196,99975,100,99159,100,99992,100,99091,100,100037,100,98947,100,100091,100,98811,100,100219,100,98808,100,100359,100,98472,100
2019-06-28 10:07:00.000000000,99635,196,99229,196,99643,196,99202,196,99752,196,99199,196,99787,196,99187,196,99975,100,99159,100,99992,100,99091,100,100037,100,98947,100,100091,100,98811,100,100219,100,98808,100,100359,100,98472,100
2019-06-28 10:07:10.000000000,99635,231,99229,231,99643,227,99202,227,99752,227,99199,227,99787,100,99187,100,99975,100,99159,100,99992,100,99091,100,100037,100,98947,100,100091,100,98811,100,100219,100,98808,100,100359,100,98472,100
