,ask_price_1,ask_size_1,bid_price_1,bid_size_1,ask_price_2,ask_size_2,bid_price_2,bid_size_2,ask_price_3,ask_size_3,bid_price_3,bid_size_3,ask_price_4,ask_size_4,bid_price_4,bid_size_4,ask_price_5,ask_size_5,bid_price_5,bid_size_5,ask_price_6,ask_size_6,bid_price_6,bid_size_6,ask_price_7,ask_size_7,bid_price_7,bid_size_7,ask_price_8,ask_size_8,bid_price_8,bid_size_8,ask_price_9,ask_size_9,bid_price_9,bid_size_9,ask_price_10,ask_size_10,bid_price_10,bid_size_10
2019-06-28 09:30:00.000000001,,,100066,100,,,100018,100,,,,,,,,,,,,,,,,,,,,,,,,,,,,,,,,
2019-06-28 09:30:00.000000002,,,100066,100,,,100018,100,,,99920,100,,,,,,,,,,,,,,,,,,,,,,,,,,,,
2019-06-28 09:30:00.000000003,,,100018,100,,,99920,100,,,,,,,,,,,,,,,,,,,,,,,,,,,,,,,,
2019-06-28 09:30:00.000000004,100044,100,100018,100,100098,100,99964,100,,,99920,100,,,,,,,,,,,,,,,,,,,,,,,,,,,,
2019-06-28 09:30:00.000000006,100044,100,99964,100,100098,100,99920,100,,,,,,,,,,,,,,,,,,,,,,,,,,,,,,,,
2019-06-28 09:30:00.000000008,100044,100,100018,100,100098,100,99964,100,,,99920,100,,,,,,,,,,,,,,,,,,,,,,,,,,,,
2019-06-28 09:30:00.000000009,100044,100,99964,100,100098,100,99920,100,100109,100,,,,,,,,,,,,,,,,,,,,,,,,,,,,,,
2019-06-28 09:30:00.000000010,100044,100,99964,100,100098,100,99920,100,100109,100,,,100147,100,,,,,,,,,,,,,,,,,,,,,,,,,,
2019-06-28 09:30:00.000000011,100044,100,99964,100,100096,100,99920,100,100098,100,,,100109,100,,,100147,100,,,,,,,,,,,,,,,,,,,,,,
2019-06-28 09:30:00.000000013,100018,100,99964,100,100044,100,99920,100,100096,100,,,100098,100,,,100109,100,,,100147,100,,,,,,,,,,,,,,,,,,
2019-06-28 09:30:00.000000015,100044,100,99964,100,100096,100,99920,100,100098,100,,,100109,100,,,100147,100,,,,,,,,,,,,,,,,,,,,,,
2019-06-28 09:30:00.000000017,100044,100,99964,100,100096,100,99920,100,100098,100,,,100109,100,,,100113,100,,,100147,100,,,,,,,,,,,,,,,,,,
2019-06-28 09:30:00.000000021,100018,100,99964,100,100044,100,99920,100,100096,100,,,100098,100,,,100109,100,,,100113,100,,,100147,100,,,,,,,,,,,,,,
2019-06-28 09:30:00.000000022,100018,100,99964,100,100044,100,99920,100,100096,100,99918,100,100098,100,,,100109,100,,,100113,100,,,100147,100,,,,,,,,,,,,,,
2019-06-28 09:30:00.000000024,100018,100,99920,100,100044,100,99918,100,100096,100,,,100098,100,,,100109,100,,,100113,100,,,100147,100,,,,,,,,,,,,,,
2019-06-28 09:30:00.000000030,100018,100,99964,100,100044,100,99920,100,100096,100,99918,100,100098,100,,,100109,100,,,100113,100,,,100147,100,,,,,,,,,,,,,,
2019-06-28 09:30:00.000000031,100044,100,99964,100,100096,100,99920,100,100098,100,99918,100,100109,100,,,100113,100,,,100122,100,,,100147,100,,,,,,,,,,,,,,
2019-06-28 09:30:00.000000033,100044,100,99987,100,100096,100,99964,100,100098,100,99920,100,100109,100,99918,100,100113,100,,,100122,100,,,100147,100,,,,,,,,,,,,,,
2019-06-28 09:30:00.000000035,100044,100,99987,100,100093,100,99964,100,100096,100,99920,100,100098,100,99918,100,100109,100,,,100113,100,,,100122,100,,,100147,100,,,,,,,,,,
2019-06-28 09:30:00.000000037,100044,100,99987,100,100093,100,99964,100,100096,100,99920,100,100098,100,99918,100,100109,100,,,100113,100,,,100122,100,,,100147,100,,,100158,100,,,,,,
2019-06-28 09:30:00.000000040,100044,100,99987,100,100093,100,99964,100,100096,100,99920,100,100098,100,99918,100,100109,100,,,100113,100,,,100122,100,,,100147,100,,,100158,100,,,,,,
2019-06-28 09:30:00.000000041,100044,100,99987,100,100060,100,99964,100,100093,100,99920,100,100096,100,99918,100,100098,100,,,100109,100,,,100113,100,,,100122,100,,,100147,100,,,100158,100,,
2019-06-28 09:30:00.000000042,100044,100,100024,100,100060,100,99987,100,100093,100,99964,100,100096,100,99920,100,100098,100,99918,100,100109,100,,,100113,100,,,100122,100,,,100147,100,,,100158,100,,
2019-06-28 09:30:00.000000043,100044,100,100024,100,100060,100,99993,100,100093,100,99987,100,100096,100,99964,100,100098,100,99920,100,100109,100,99918,100,100113,100,,,100122,100,,,100147,100,,,100158,100,,
2019-06-28 09:30:00.000000047,100044,100,100024,100,100060,100,99993,100,100093,100,99987,100,100096,100,99964,100,100098,100,99920,100,100109,100,99918,100,100113,100,99911,100,100122,100,,,100147,100,,,100158,100,,
2019-06-28 09:30:00.000000048,100044,100,100024,100,100060,100,99993,100,100093,100,99987,100,100096,100,99964,100,100098,100,99920,100,100109,100,99918,100,100113,100,99911,100,100122,100,,,100126,100,,,100147,100,,
2019-06-28 09:30:00.000000049,100031,100,100024,100,100044,100,99993,100,100060,100,99987,100,100093,100,99976,100,100096,100,99964,100,100098,100,99920,100,100109,100,99918,100,100113,100,99911,100,100122,100,,,100126,100,,
2019-06-28 09:30:00.000000051,100031,100,100024,100,100044,100,99993,100,100060,100,99987,100,100093,100,99976,100,100096,100,99964,100,100098,100,99920,100,100109,100,99918,100,100113,100,99911,100,100122,100,99816,100,100126,100,,
2019-06-28 09:30:00.000000055,100031,100,99993,100,100044,100,99987,100,100060,100,99976,100,100093,100,99964,100,100096,100,99920,100,100098,100,99918,100,100109,100,99911,100,100113,100,99816,100,100122,100,,,100126,100,,
2019-06-28 09:30:00.000000056,100031,100,99993,100,100044,100,99990,100,100060,100,99987,100,100093,100,99976,100,100096,100,99964,100,100098,100,99920,100,100109,100,99918,100,100113,100,99911,100,100122,100,99816,100,100126,100,,
2019-06-28 09:30:00.000000057,100031,100,99993,100,100044,100,99990,100,100060,100,99987,100,100093,100,99976,100,100096,100,99964,100,100098,100,99928,100,100109,100,99920,100,100113,100,99918,100,100122,100,99911,100,100126,100,99816,100
2019-06-28 09:30:00.000000058,100031,100,100024,100,100044,100,99993,100,100060,100,99990,100,100093,100,99987,100,100096,100,99976,100,100098,100,99964,100,100109,100,99928,100,100113,100,99920,100,100122,100,99918,100,100126,100,99911,100
2019-06-28 09:30:00.000000062,100031,100,100024,100,100044,100,99993,100,100060,100,99990,100,100093,100,99987,100,100096,100,99976,100,100098,100,99964,100,100109,100,99928,100,100113,100,99920,100,100122,100,99918,100,100126,100,99911,100
2019-06-28 09:30:00.000000064,100031,100,100024,100,100044,100,99993,100,100060,100,99990,100,100093,100,99987,100,100096,100,99976,100,100098,100,99964,100,100109,100,99928,100,100110,100,99920,100,100113,100,99918,100,100122,100,99911,100
2019-06-28 09:30:00.000000065,100044,100,99993,100,100060,100,99990,100,100093,100,99987,100,100096,100,99976,100,100098,100,99964,100,100109,100,99928,100,100110,100,99920,100,100113,100,99918,100,100122,100,99911,100,100126,100,99816,100
2019-06-28 09:30:00.000000067,99995,100,99993,100,100044,100,99990,100,100060,100,99987,100,100093,100,99976,100,100096,100,99964,100,100098,100,99928,100,100109,100,99920,100,100110,100,99918,100,100113,100,99911,100,100122,100,99869,100
2019-06-28 09:30:00.000000069,100044,100,99993,100,100060,100,99990,100,100093,100,99987,100,100096,100,99976,100,100098,100,99964,100,100109,100,99951,100,100110,100,99928,100,100113,100,99920,100,100122,100,99918,100,100126,100,99911,100
2019-06-28 09:30:00.000000071,100044,100,99993,100,100060,100,99990,100,100093,100,99987,100,100096,100,99976,100,100098,100,99964,100,100109,100,99951,100,100110,100,99928,100,100113,100,99920,100,100122,100,99918,100,100126,100,99911,100
2019-06-28 09:30:00.000000072,100044,100,99993,100,100060,100,99990,100,100093,100,99987,100,100096,100,99976,100,100098,100,99964,100,100109,100,99951,100,100110,100,99944,100,100113,100,99928,100,100122,100,99920,100,100126,100,99918,100
2019-06-28 09:30:00.000000074,99999,100,99993,100,100044,100,99990,100,100060,100,99987,100,100093,100,99976,100,100096,100,99964,100,100098,100,99951,100,100109,100,99944,100,100110,100,99928,100,100113,100,99920,100,100122,100,99918,100
2019-06-28 09:30:00.000000075,99999,100,99993,100,100031,100,99990,100,100044,100,99987,100,100060,100,99976,100,100093,100,99964,100,100096,100,99951,100,100098,100,99944,100,100109,100,99928,100,100110,100,99920,100,100113,100,99918,100
2019-06-28 09:30:00.000000077,99999,100,99993,100,100031,100,99990,100,100044,100,99987,100,100060,100,99976,100,100093,100,99964,100,100096,100,99951,100,100098,100,99944,100,100109,100,99928,100,100110,100,99920,100,100113,100,99918,100
2019-06-28 09:30:00.000000078,99999,100,99993,100,100031,200,99990,100,100044,100,99987,100,100060,100,99976,100,100093,100,99964,100,100096,100,99951,100,100098,100,99944,100,100109,100,99928,100,100110,100,99920,100,100113,100,99918,100
2019-06-28 09:30:00.000000079,99999,100,99993,100,100031,200,99990,100,100044,100,99987,100,100060,100,99976,100,100093,100,99964,100,100096,100,99951,100,100098,100,99944,100,100109,100,99928,100,100110,100,99920,100,100113,100,99918,100
2019-06-28 09:30:00.000000080,99999,100,99993,100,100031,200,99990,100,100044,100,99987,100,100060,200,99976,100,100093,100,99964,100,100096,100,99951,100,100098,100,99944,100,100109,100,99928,100,100110,100,99920,100,100113,100,99918,100
2019-06-28 09:30:00.000000081,99999,100,99993,100,100031,200,99990,100,100044,100,99987,100,100060,200,99976,100,100085,100,99964,100,100093,100,99951,100,100096,100,99944,100,100098,100,99928,100,100109,100,99920,100,100110,100,99918,100
2019-06-28 09:30:00.000000082,99999,100,99993,100,100031,200,99990,100,100044,100,99987,100,100060,200,99976,100,100085,100,99964,100,100093,100,99951,100,100096,100,99949,100,100098,100,99944,100,100109,100,99928,100,100110,100,99920,100
2019-06-28 09:30:00.000000086,99999,100,99993,100,100031,200,99990,100,100044,100,99987,100,100060,200,99976,100,100085,100,99964,100,100093,100,99951,100,100096,100,99949,100,100098,100,99944,100,100109,100,99928,100,100110,100,99920,100
2019-06-28 09:30:00.000000087,99999,100,99993,100,100003,100,99990,100,100031,200,99987,100,100044,100,99976,100,100060,200,99964,100,100085,100,99951,100,100093,100,99949,100,100096,100,99944,100,100098,100,99928,100,100109,100,99920,100
2019-06-28 09:30:00.000000090,99999,100,99993,100,100003,100,99990,100,100031,200,99987,100,100044,100,99976,100,100060,200,99964,100,100085,100,99951,100,100090,100,99949,100,100093,100,99944,100,100096,100,99928,100,100098,100,99920,100
2019-06-28 09:30:00.000000094,99999,100,99993,100,100003,100,99990,100,100031,200,99987,100,100044,100,99976,100,100060,200,99964,100,100085,100,99951,100,100090,100,99949,100,100093,100,99944,100,100096,100,99928,100,100098,100,99920,100
2019-06-28 09:30:00.000000096,100003,100,99993,100,100031,200,99990,100,100044,100,99987,100,100060,200,99976,100,100085,100,99964,100,100090,100,99951,100,100093,100,99949,100,100096,100,99944,100,100098,100,99928,100,100105,100,99920,100
2019-06-28 09:30:00.000000097,100031,200,99993,100,100044,100,99990,100,100060,200,99987,100,100085,100,99976,100,100090,100,99964,100,100093,100,99951,100,100096,100,99949,100,100098,100,99944,100,100105,100,99928,100,100109,100,99920,100
2019-06-28 09:30:10.000000000,100031,304,99993,204,100044,204,99990,204,100060,304,99987,204,100085,204,99976,204,100090,100,99964,100,100093,100,99951,100,100096,100,99949,100,100098,100,99944,100,100105,100,99928,100,100109,100,99920,100
2019-06-28 09:30:20.000000000,100031,615,99993,515,100044,100,99990,100,100060,200,99987,100,100085,100,99976,100,100090,100,99964,100,100093,100,99951,100,100096,100,99949,100,100098,100,99944,100,100105,100,99928,100,100109,100,99920,100
2019-06-28 09:30:26.908142474,100031,615,99993,415,100044,100,99990,100,100060,200,99987,100,100085,100,99976,100,100090,100,99964,100,100093,100,99951,100,100096,100,99949,100,100098,100,99944,100,100105,100,99928,100,100109,100,99920,100
2019-06-28 09:30:30.000000000,100031,341,99990,241,100044,237,99987,237,100060,337,99976,237,100085,100,99964,100,100090,100,99951,100,100093,100,99949,100,100096,100,99944,100,100098,100,99928,100,100105,100,99920,100,100109,100,99918,100
2019-06-28 09:30:40.000000000,100031,283,99990,183,100044,183,99987,183,100060,283,99976,183,100085,183,99964,183,100090,183,99951,183,100093,100,99949,100,100096,100,99944,100,100098,100,99928,100,100105,100,99920,100,100109,100,99918,100
2019-06-28 09:30:48.560324084,100031,283,99990,183,100044,183,99987,183,100060,283,99976,183,100085,183,99964,183,100090,183,99951,183,100096,100,99949,100,100098,100,99944,100,100105,100,99928,100,100109,100,99920,100,100110,100,99918,100
2019-06-28 09:30:50.000000000,100031,408,99990,308,100044,308,99987,308,100060,200,99976,100,100085,100,99964,100,100090,100,99951,100,100096,100,99949,100,100098,100,99944,100,100105,100,99928,100,100109,100,99920,100,100110,100,99918,100
2019-06-28 09:31:00.000000000,100031,615,99990,515,100044,100,99987,100,100060,200,99976,100,100085,100,99964,100,100090,100,99951,100,100096,100,99949,100,100098,100,99944,100,100105,100,99928,100,100109,100,99920,100,100110,100,99918,100
2019-06-28 09:31:02.732947536,100031,615,99990,415,100044,100,99987,100,100060,100,99976,100,100085,100,99964,100,100090,100,99951,100,100096,100,99949,100,100098,100,99944,100,100105,100,99928,100,100109,100,99920,100,100110,100,99918,100
2019-06-28 09:31:10.000000000,100031,304,99987,204,100044,204,99976,204,100060,204,99964,204,100085,204,99951,204,100090,100,99949,100,100096,100,99944,100,100098,100,99928,100,100105,100,99920,100,100109,100,99918,100,100110,100,99911,100
2019-06-28 09:31:20.000000000,100031,341,99987,241,100044,237,99976,237,100060,237,99964,237,100085,100,99951,100,100090,100,99949,100,100096,100,99944,100,100098,100,99928,100,100105,100,99920,100,100109,100,99918,100,100110,100,99911,100
2019-06-28 09:31:25.193796274,100031,341,99987,241,100044,237,99976,237,100060,237,99964,237,100085,100,99951,100,100090,100,99949,100,100096,100,99944,100,100098,100,99928,100,100105,100,99920,100,100109,100,99919,100,100110,100,99918,100
2019-06-28 09:31:30.000000000,100031,304,99987,204,100044,204,99976,204,100060,204,99964,204,100085,204,99951,204,100090,100,99949,100,100096,100,99944,100,100098,100,99928,100,100105,100,99920,100,100109,100,99919,100,100110,100,99918,100
2019-06-28 09:31:30.273986394,99993,100,99987,204,100031,304,99976,204,100044,204,99964,204,100060,204,99951,204,100085,204,99949,100,100090,100,99944,100,100096,100,99928,100,100098,100,99920,100,100105,100,99919,100,100109,100,99918,100
2019-06-28 09:31:38.173408780,99993,100,99987,204,100023,100,99976,204,100031,304,99964,204,100044,204,99951,204,100060,204,99949,100,100085,204,99944,100,100090,100,99928,100,100096,100,99920,100,100098,100,99919,100,100105,100,99918,100
2019-06-28 09:31:39.609746080,99993,100,99987,204,100023,100,99976,204,100029,100,99964,204,100031,304,99951,204,100044,204,99949,100,100060,204,99944,100,100085,204,99928,100,100090,100,99920,100,100096,100,99918,100,100098,100,99911,100
2019-06-28 09:31:40.000000000,99993,308,99987,308,100023,308,99976,308,100029,100,99964,100,100031,200,99951,100,100044,100,99949,100,100060,100,99944,100,100085,100,99928,100,100090,100,99920,100,100096,100,99918,100,100098,100,99911,100
2019-06-28 09:31:50.000000000,99993,308,99987,308,100023,308,99976,308,100029,100,99964,100,100031,200,99951,100,100044,100,99949,100,100060,100,99944,100,100085,100,99928,100,100090,100,99920,100,100096,100,99918,100,100098,100,99911,100
2019-06-28 09:32:00.000000000,99993,308,99987,308,100023,308,99976,308,100029,100,99964,100,100031,200,99951,100,100044,100,99949,100,100060,100,99944,100,100085,100,99928,100,100090,100,99920,100,100096,100,99918,100,100098,100,99911,100
2019-06-28 09:32:02.669402298,99993,208,99987,308,100023,308,99976,308,100029,100,99964,100,100031,200,99951,100,100044,100,99949,100,100060,100,99944,100,100085,100,99928,100,100090,100,99920,100,100096,100,99918,100,100105,100,99911,100
2019-06-28 09:32:10.000000000,100023,308,99987,308,100029,308,99976,308,100031,200,99964,100,100044,100,99951,100,100060,100,99949,100,100085,100,99944,100,100090,100,99928,100,100096,100,99920,100,100105,100,99918,100,100109,100,99911,100
2019-06-28 09:32:16.469113017,100023,308,99987,308,100029,308,99976,308,100031,200,99964,100,100060,100,99951,100,100085,100,99949,100,100090,100,99944,100,100096,100,99928,100,100105,100,99920,100,100109,100,99918,100,100113,100,99911,100
2019-06-28 09:32:18.072283360,100023,308,99987,308,100029,308,99976,308,100031,200,99964,100,100060,100,99951,100,100085,100,99949,100,100090,100,99944,100,100096,100,99928,100,100105,100,99920,100,100109,100,99918,100,100113,100,99912,100
2019-06-28 09:32:20.000000000,100023,241,99987,241,100029,237,99976,237,100031,337,99964,237,100060,100,99951,100,100085,100,99949,100,100090,100,99944,100,100096,100,99928,100,100105,100,99920,100,100109,100,99918,100,100113,100,99912,100
2019-06-28 09:32:30.000000000,100023,515,99987,515,100029,100,99976,100,100031,200,99964,100,100060,100,99951,100,100085,100,99949,100,100090,100,99944,100,100096,100,99928,100,100105,100,99920,100,100109,100,99918,100,100113,100,99912,100
2019-06-28 09:32:40.000000000,100023,308,99987,308,100029,308,99976,308,100031,200,99964,100,100060,100,99951,100,100085,100,99949,100,100090,100,99944,100,100096,100,99928,100,100105,100,99920,100,100109,100,99918,100,100113,100,99912,100
2019-06-28 09:32:49.640310022,100023,308,99987,308,100029,308,99976,308,100031,200,99964,100,100060,100,99951,100,100085,100,99949,100,100090,100,99944,100,100096,100,99928,100,100105,100,99920,100,100109,100,99918,100,100113,100,99912,100
2019-06-28 09:32:50.000000000,100023,241,99987,241,100029,237,99976,237,100031,337,99964,237,100060,100,99951,100,100085,100,99949,100,100090,100,99944,100,100096,100,99928,100,100105,100,99920,100,100109,100,99918,100,100113,100,99912,100
2019-06-28 09:32:58.785077750,100023,241,99987,241,100029,137,99976,237,100031,337,99964,237,100060,100,99951,100,100085,100,99949,100,100090,100,99944,100,100096,100,99928,100,100105,100,99920,100,100109,100,99918,100,100113,100,99912,100
2019-06-28 09:33:00.000000000,100023,515,99987,515,100031,200,99976,100,100060,100,99964,100,100085,100,99951,100,100090,100,99949,100,100096,100,99944,100,100105,100,99928,100,100109,100,99920,100,100113,100,99918,100,100122,100,99912,100
2019-06-28 09:33:10.000000000,100023,515,99987,515,100031,200,99976,100,100060,100,99964,100,100085,100,99951,100,100090,100,99949,100,100096,100,99944,100,100105,100,99928,100,100109,100,99920,100,100113,100,99918,100,100122,100,99912,100
2019-06-28 09:33:20.000000000,100023,204,99987,204,100031,304,99976,204,100060,204,99964,204,100085,204,99951,204,100090,100,99949,100,100096,100,99944,100,100105,100,99928,100,100109,100,99920,100,100113,100,99918,100,100122,100,99912,100
2019-06-28 09:33:30.000000000,100023,515,99987,515,100031,200,99976,100,100060,100,99964,100,100085,100,99951,100,100090,100,99949,100,100096,100,99944,100,100105,100,99928,100,100109,100,99920,100,100113,100,99918,100,100122,100,99912,100
2019-06-28 09:33:40.000000000,100023,515,99987,515,100031,200,99976,100,100060,100,99964,100,100085,100,99951,100,100090,100,99949,100,100096,100,99944,100,100105,100,99928,100,100109,100,99920,100,100113,100,99918,100,100122,100,99912,100
2019-06-28 09:33:45.835105691,99992,100,99987,515,100023,515,99976,100,100031,200,99964,100,100060,100,99951,100,100085,100,99949,100,100090,100,99944,100,100096,100,99928,100,100105,100,99920,100,100109,100,99918,100,100113,100,99912,100
2019-06-28 09:33:50.000000000,99992,183,99987,183,100023,183,99976,183,100031,283,99964,183,100060,183,99951,183,100085,183,99949,183,100090,100,99944,100,100096,100,99928,100,100105,100,99920,100,100109,100,99918,100,100113,100,99912,100
2019-06-28 09:34:00.000000000,99992,241,99987,241,100023,237,99976,237,100031,337,99964,237,100060,100,99951,100,100085,100,99949,100,100090,100,99944,100,100096,100,99928,100,100105,100,99920,100,100109,100,99918,100,100113,100,99912,100
2019-06-28 09:34:10.000000000,99992,515,99987,515,100023,100,99976,100,100031,200,99964,100,100060,100,99951,100,100085,100,99949,100,100090,100,99944,100,100096,100,99928,100,100105,100,99920,100,100109,100,99918,100,100113,100,99912,100
2019-06-28 09:34:11.941753219,99992,515,99987,415,100023,100,99976,100,100031,200,99964,100,100060,100,99951,100,100085,100,99949,100,100090,100,99944,100,100096,100,99928,100,100105,100,99920,100,100109,100,99918,100,100113,100,99912,100
2019-06-28 09:34:20.000000000,99992,241,99976,241,100023,237,99964,237,100031,337,99951,237,100060,100,99949,100,100085,100,99944,100,100090,100,99928,100,100096,100,99920,100,100105,100,99918,100,100109,100,99912,100,100113,100,99911,100
2019-06-28 09:34:26.147094516,99992,241,99976,141,100023,237,99964,237,100031,337,99951,237,100060,100,99949,100,100085,100,99928,100,100090,100,99920,100,100096,100,99918,100,100105,100,99912,100,100109,100,99911,100,100113,100,99869,100
2019-06-28 09:34:27.431728541,99992,241,99976,41,100023,237,99964,237,100031,337,99951,237,100060,100,99949,100,100085,100,99928,100,100090,100,99920,100,100096,100,99918,100,100105,100,99912,100,100109,100,99911,100,100113,100,99869,100
2019-06-28 09:34:30.000000000,99992,204,99964,204,100023,204,99951,204,100031,304,99949,204,100060,204,99928,204,100085,100,99920,100,100090,100,99918,100,100096,100,99912,100,100105,100,99911,100,100109,100,99869,100,100113,100,99847,100
2019-06-28 09:34:40.000000000,99992,308,99964,308,100023,308,99951,308,100031,200,99949,100,100060,100,99928,100,100085,100,99920,100,100090,100,99918,100,100096,100,99912,100,100105,100,99911,100,100109,100,99869,100,100113,100,99847,100
2019-06-28 09:34:50.000000000,99992,308,99964,308,100023,308,99951,308,100031,200,99949,100,100060,100,99928,100,100085,100,99920,100,100090,100,99918,100,100096,100,99912,100,100105,100,99911,100,100109,100,99869,100,100113,100,99847,100
2019-06-28 09:34:57.734979755,99992,308,99964,308,100023,308,99951,308,100031,100,99949,100,100060,100,99928,100,100085,100,99920,100,100090,100,99918,100,100096,100,99912,100,100105,100,99911,100,100109,100,99869,100,100113,100,99847,100
2019-06-28 09:35:00.000000000,99992,308,99964,308,100023,308,99951,308,100031,100,99949,100,100060,100,99928,100,100085,100,99920,100,100090,100,99918,100,100096,100,99912,100,100105,100,99911,100,100109,100,99869,100,100113,100,99847,100
2019-06-28 09:35:08.860808406,99992,308,99964,208,100023,308,99951,308,100031,100,99949,100,100060,100,99928,100,100085,100,99920,100,100090,100,99918,100,100096,100,99912,100,100105,100,99911,100,100109,100,99869,100,100113,100,99847,100
2019-06-28 09:35:10.000000000,99992,204,99951,204,100023,204,99949,204,100031,204,99928,204,100060,204,99920,204,100085,100,99918,100,100090,100,99912,100,100096,100,99911,100,100105,100,99869,100,100109,100,99847,100,100113,100,99845,100
2019-06-28 09:35:16.141331090,99992,204,99951,104,100023,204,99949,204,100031,204,99928,204,100060,204,99920,204,100085,100,99918,100,100090,100,99912,100,100096,100,99869,100,100105,100,99847,100,100109,100,99845,100,100113,100,99816,100
2019-06-28 09:35:20.000000000,99992,241,99949,241,100023,237,99928,237,100031,237,99920,237,100060,100,99918,100,100085,100,99912,100,100090,100,99869,100,100096,100,99847,100,100105,100,99845,100,100109,100,99816,100,100113,100,,
2019-06-28 09:35:20.964480889,99976,100,99949,241,99992,141,99928,237,100023,237,99920,237,100031,237,99918,100,100060,100,99912,100,100085,100,99869,100,100090,100,99847,100,100096,100,99845,100,100105,100,99816,100,100109,100,,
2019-06-28 09:35:30.000000000,99976,515,99949,515,100023,100,99928,100,100031,100,99920,100,100060,100,99918,100,100085,100,99912,100,100090,100,99869,100,100096,100,99847,100,100105,100,99845,100,100109,100,99816,100,100113,100,,
2019-06-28 09:35:40.000000000,99976,515,99949,515,100023,100,99928,100,100031,100,99920,100,100060,100,99918,100,100085,100,99912,100,100090,100,99869,100,100096,100,99847,100,100105,100,99845,100,100109,100,99816,100,100113,100,,
2019-06-28 09:35:50.000000000,99976,241,99949,241,100023,237,99928,237,100031,237,99920,237,100060,100,99918,100,100085,100,99912,100,100090,100,99869,100,100096,100,99847,100,100105,100,99845,100,100109,100,99816,100,100113,100,,
2019-06-28 09:36:00.000000000,99976,515,99949,515,100023,100,99928,100,100031,100,99920,100,100060,100,99918,100,100085,100,99912,100,100090,100,99869,100,100096,100,99847,100,100105,100,99845,100,100109,100,99816,100,100113,100,,
2019-06-28 09:36:10.000000000,99976,241,99949,241,100023,237,99928,237,100031,237,99920,237,100060,100,99918,100,100085,100,99912,100,100090,100,99869,100,100096,100,99847,100,100105,100,99845,100,100109,100,99816,100,100113,100,,
2019-06-28 09:36:20.000000000,99976,204,99949,204,100023,204,99928,204,100031,204,99920,204,100060,204,99918,204,100085,100,99912,100,100090,100,99869,100,100096,100,99847,100,100105,100,99845,100,100109,100,99816,100,100113,100,,
2019-06-28 09:36:30.000000000,99976,515,99949,515,100023,100,99928,100,100031,100,99920,100,100060,100,99918,100,100085,100,99912,100,100090,100,99869,100,100096,100,99847,100,100105,100,99845,100,100109,100,99816,100,100113,100,,
2019-06-28 09:36:31.565477618,99976,515,99949,515,100023,100,99928,100,100031,100,99920,100,100060,200,99918,100,100085,100,99912,100,100090,100,99869,100,100096,100,99847,100,100105,100,99845,100,100109,100,99816,100,100113,100,,
2019-06-28 09:36:34.445072877,99976,515,99949,515,100023,100,99928,100,100031,100,99920,100,100060,200,99918,100,100085,100,99912,100,100090,100,99847,100,100096,100,99845,100,100105,100,99818,100,100109,100,99816,100,100113,100,,
2019-06-28 09:36:34.612888362,99976,515,99949,515,100023,100,99928,100,100031,100,99920,100,100060,200,99918,100,100085,100,99912,100,100090,100,99847,100,100096,100,99845,100,100105,100,99818,100,100109,100,99816,100,100113,100,99793,100
2019-06-28 09:36:40.000000000,99976,204,99949,204,100023,204,99928,204,100031,204,99920,204,100060,304,99918,204,100085,100,99912,100,100090,100,99847,100,100096,100,99845,100,100105,100,99818,100,100109,100,99816,100,100113,100,99793,100
2019-06-28 09:36:50.000000000,99976,241,99949,241,100023,237,99928,237,100031,237,99920,237,100060,200,99918,100,100085,100,99912,100,100090,100,99847,100,100096,100,99845,100,100105,100,99818,100,100109,100,99816,100,100113,100,99793,100
2019-06-28 09:37:00.000000000,99976,183,99949,183,100023,183,99928,183,100031,183,99920,183,100060,283,99918,183,100085,183,99912,183,100090,100,99847,100,100096,100,99845,100,100105,100,99818,100,100109,100,99816,100,100113,100,99793,100
2019-06-28 09:37:01.965110830,99976,183,99949,83,100023,183,99928,183,100031,183,99920,183,100060,283,99918,183,100085,183,99912,183,100090,100,99847,100,100096,100,99845,100,100105,100,99818,100,100109,100,99816,100,100113,100,99793,100
2019-06-28 09:37:10.000000000,99976,183,99928,183,100023,183,99920,183,100031,183,99918,183,100060,283,99912,183,100085,183,99847,183,100090,100,99845,100,100096,100,99818,100,100105,100,99816,100,100109,100,99793,100,100113,100,,
2019-06-28 09:37:20.000000000,99976,183,99928,183,100023,183,99920,183,100031,183,99918,183,100060,283,99912,183,100085,183,99847,183,100090,100,99845,100,100096,100,99818,100,100105,100,99816,100,100109,100,99793,100,100113,100,,
2019-06-28 09:37:24.869878642,99976,183,99928,183,100023,183,99920,183,100031,183,99918,183,100060,283,99912,183,100085,183,99847,183,100090,100,99845,100,100096,100,99818,100,100105,100,99816,100,100109,100,99793,100,100113,100,99684,100
2019-06-28 09:37:30.000000000,99976,204,99928,204,100023,204,99920,204,100031,204,99918,204,100060,304,99912,204,100085,100,99847,100,100090,100,99845,100,100096,100,99818,100,100105,100,99816,100,100109,100,99793,100,100113,100,99684,100
2019-06-28 09:37:40.000000000,99976,308,99928,308,100023,308,99920,308,100031,100,99918,100,100060,200,99912,100,100085,100,99847,100,100090,100,99845,100,100096,100,99818,100,100105,100,99816,100,100109,100,99793,100,100113,100,99684,100
2019-06-28 09:37:45.006204674,99976,208,99928,308,100023,308,99920,308,100031,100,99918,100,100060,200,99912,100,100085,100,99847,100,100090,100,99845,100,100096,100,99818,100,100105,100,99816,100,100109,100,99793,100,100113,100,99684,100
2019-06-28 09:37:50.000000000,100023,308,99928,308,100031,308,99920,308,100060,200,99918,100,100085,100,99912,100,100090,100,99847,100,100096,100,99845,100,100105,100,99818,100,100109,100,99816,100,100113,100,99793,100,100122,100,99684,100
2019-06-28 09:37:58.745855004,100023,308,99928,308,100031,308,99920,308,100060,200,99918,100,100085,100,99912,100,100090,100,99847,100,100096,100,99845,100,100105,100,99818,100,100109,100,99816,200,100113,100,99793,100,100123,100,99684,100
2019-06-28 09:38:00.000000000,100023,241,99928,241,100031,237,99920,237,100060,337,99918,237,100085,100,99912,100,100090,100,99847,100,100096,100,99845,100,100105,100,99818,100,100109,100,99816,200,100113,100,99793,100,100123,100,99684,100
2019-06-28 09:38:05.884347151,100023,241,99928,141,100031,237,99920,237,100060,337,99918,237,100085,100,99912,100,100090,100,99847,100,100096,100,99845,100,100105,100,99818,100,100109,100,99816,200,100113,100,99793,100,100123,100,99684,100
2019-06-28 09:38:10.000000000,100023,515,99920,515,100031,100,99918,100,100060,200,99912,100,100085,100,99847,100,100090,100,99845,100,100096,100,99818,100,100105,100,99816,200,100109,100,99793,100,100113,100,99684,100,100123,100,,
2019-06-28 09:38:10.877707765,100023,515,99925,100,100031,100,99920,515,100060,200,99918,100,100085,100,99847,100,100090,100,99845,100,100096,100,99818,100,100105,100,99816,200,100109,100,99793,100,100113,100,99684,100,100123,100,,
2019-06-28 09:38:14.488617557,99975,100,99925,100,100023,515,99920,515,100031,100,99918,100,100060,200,99847,100,100085,100,99845,100,100090,100,99818,100,100096,100,99816,200,100105,100,99793,100,100109,100,99684,100,100113,100,,
2019-06-28 09:38:20.000000000,99975,183,99925,183,100023,183,99920,183,100031,183,99918,183,100060,283,99847,183,100085,183,99845,183,100090,100,99818,100,100096,100,99816,200,100105,100,99793,100,100109,100,99684,100,100113,100,,
2019-06-28 09:38:30.000000000,99975,515,99925,515,100023,100,99920,100,100031,100,99918,100,100060,200,99847,100,100085,100,99845,100,100090,100,99818,100,100096,100,99816,200,100105,100,99793,100,100109,100,99684,100,100113,100,,
2019-06-28 09:38:40.000000000,99975,183,99925,183,100023,183,99920,183,100031,183,99918,183,100060,283,99847,183,100085,183,99845,183,100090,100,99818,100,100096,100,99816,200,100105,100,99793,100,100109,100,99684,100,100113,100,,
2019-06-28 09:38:50.000000000,99975,204,99925,204,100023,204,99920,204,100031,204,99918,204,100060,304,99847,204,100085,100,99845,100,100090,100,99818,100,100096,100,99816,200,100105,100,99793,100,100109,100,99684,100,100113,100,,
2019-06-28 09:38:50.847681099,99975,204,99929,100,100023,204,99925,204,100031,204,99920,204,100060,304,99918,204,100085,100,99847,204,100090,100,99845,100,100096,100,99818,100,100105,100,99816,200,100109,100,99793,100,100113,100,99684,100
2019-06-28 09:39:00.000000000,99975,515,99929,515,100023,100,99925,100,100031,100,99920,100,100060,200,99918,100,100085,100,99847,100,100090,100,99845,100,100096,100,99818,100,100105,100,99816,200,100109,100,99793,100,100113,100,99684,100
2019-06-28 09:39:10.000000000,99975,308,99929,308,100023,308,99925,308,100031,100,99920,100,100060,200,99918,100,100085,100,99847,100,100090,100,99845,100,100096,100,99818,100,100105,100,99816,200,100109,100,99793,100,100113,100,99684,100
2019-06-28 09:39:20.000000000,99975,183,99929,183,100023,183,99925,183,100031,183,99920,183,100060,283,99918,183,100085,183,99847,183,100090,100,99845,100,100096,100,99818,100,100105,100,99816,200,100109,100,99793,100,100113,100,99684,100
2019-06-28 09:39:29.120344673,99975,83,99929,183,100023,183,99925,183,100031,183,99920,183,100060,283,99918,183,100085,183,99847,183,100090,100,99845,100,100096,100,99818,100,100105,100,99816,200,100109,100,99793,100,100113,100,99684,100
2019-06-28 09:39:30.000000000,100023,204,99929,204,100031,204,99925,204,100060,304,99920,204,100085,204,99918,204,100090,100,99847,100,100096,100,99845,100,100105,100,99818,100,100109,100,99816,200,100113,100,99793,100,100123,100,99684,100
2019-06-28 09:39:37.033042901,100023,204,99929,204,100031,204,99925,204,100060,304,99920,204,100085,204,99918,204,100090,100,99847,100,100096,100,99845,100,100109,100,99818,100,100113,100,99816,200,100123,100,99793,100,100127,100,99684,100
2019-06-28 09:39:38.697854476,100023,204,99929,204,100031,204,99925,204,100060,304,99920,204,100085,204,99918,204,100090,100,99847,100,100096,100,99845,100,100109,100,99818,100,100113,100,99816,200,100123,100,99793,100,100127,100,99684,100
2019-06-28 09:39:40.000000000,100023,515,99929,515,100031,100,99925,100,100060,200,99920,100,100085,100,99918,100,100090,100,99847,100,100096,100,99845,100,100109,100,99818,100,100113,100,99816,200,100123,100,99793,100,100127,100,99684,100
2019-06-28 09:39:42.886779788,100023,415,99929,515,100031,100,99925,100,100060,200,99920,100,100085,100,99918,100,100090,100,99847,100,100096,100,99845,100,100109,100,99818,100,100113,100,99816,200,100123,100,99793,100,100127,100,99684,100
2019-06-28 09:39:43.196378925,100023,315,99929,515,100031,100,99925,100,100060,200,99920,100,100085,100,99918,100,100090,100,99847,100,100096,100,99845,100,100109,100,99818,100,100113,100,99816,100,100123,100,99793,100,100127,100,99684,100
2019-06-28 09:39:50.000000000,100031,204,99929,204,100060,304,99925,204,100085,204,99920,204,100090,204,99918,204,100096,100,99847,100,100109,100,99845,100,100113,100,99818,100,100123,100,99816,100,100127,100,99793,100,100137,100,99684,100
2019-06-28 09:40:00.000000000,100031,183,99929,183,100060,283,99925,183,100085,183,99920,183,100090,183,99918,183,100096,183,99847,183,100109,100,99845,100,100113,100,99818,100,100123,100,99816,100,100127,100,99793,100,100137,100,99684,100
2019-06-28 09:40:10.000000000,100031,241,99929,241,100060,337,99925,237,100085,237,99920,237,100090,100,99918,100,100096,100,99847,100,100109,100,99845,100,100113,100,99818,100,100123,100,99816,100,100127,100,99793,100,100137,100,99684,100
2019-06-28 09:40:20.000000000,100031,515,99929,515,100060,200,99925,100,100085,100,99920,100,100090,100,99918,100,100096,100,99847,100,100109,100,99845,100,100113,100,99818,100,100123,100,99816,100,100127,100,99793,100,100137,100,99684,100
2019-06-28 09:40:20.720228489,100022,100,99929,515,100031,515,99925,100,100060,200,99920,100,100085,100,99918,100,100090,100,99847,100,100096,100,99845,100,100109,100,99818,100,100113,100,99816,100,100123,100,99793,100,100127,100,99684,100
2019-06-28 09:40:28.804442988,100022,100,99929,515,100031,515,99925,100,100060,200,99920,100,100085,100,99918,100,100090,100,99845,100,100096,100,99818,100,100109,100,99816,100,100113,100,99793,100,100123,100,99684,100,100127,100,,
2019-06-28 09:40:30.000000000,100022,241,99929,241,100031,237,99925,237,100060,337,99920,237,100085,100,99918,100,100090,100,99845,100,100096,100,99818,100,100109,100,99816,100,100113,100,99793,100,100123,100,99684,100,100127,100,,
2019-06-28 09:40:40.000000000,100022,241,99929,241,100031,237,99925,237,100060,337,99920,237,100085,100,99918,100,100090,100,99845,100,100096,100,99818,100,100109,100,99816,100,100113,100,99793,100,100123,100,99684,100,100127,100,,
2019-06-28 09:40:50.000000000,100022,308,99929,308,100031,308,99925,308,100060,200,99920,100,100085,100,99918,100,100090,100,99845,100,100096,100,99818,100,100109,100,99816,100,100113,100,99793,100,100123,100,99684,100,100127,100,,
2019-06-28 09:41:00.000000000,100022,204,99929,204,100031,204,99925,204,100060,304,99920,204,100085,204,99918,204,100090,100,99845,100,100096,100,99818,100,100109,100,99816,100,100113,100,99793,100,100123,100,99684,100,100127,100,,
2019-06-28 09:41:04.131431010,100022,204,99929,204,100031,204,99925,204,100060,304,99920,204,100085,204,99918,204,100090,100,99845,100,100096,100,99818,100,100109,100,99816,100,100113,100,99793,100,100123,100,99684,100,100127,100,99567,100
2019-06-28 09:41:10.000000000,100022,308,99929,308,100031,308,99925,308,100060,200,99920,100,100085,100,99918,100,100090,100,99845,100,100096,100,99818,100,100109,100,99816,100,100113,100,99793,100,100123,100,99684,100,100127,100,99567,100
2019-06-28 09:41:13.890442070,100022,308,99929,208,100031,308,99925,308,100060,200,99920,100,100085,100,99918,100,100090,100,99845,100,100096,100,99818,100,100109,100,99816,100,100113,100,99793,100,100123,100,99684,100,100127,100,99567,100
2019-06-28 09:41:19.203249076,100022,308,99929,108,100031,308,99925,308,100060,200,99920,100,100085,100,99918,100,100090,100,99845,100,100109,100,99818,100,100113,100,99816,100,100123,100,99793,100,100127,100,99684,100,100137,100,99567,100
2019-06-28 09:41:20.000000000,100022,204,99925,204,100031,204,99920,204,100060,304,99918,204,100085,204,99845,204,100090,100,99818,100,100109,100,99816,100,100113,100,99793,100,100123,100,99684,100,100127,100,99567,100,100137,100,,
2019-06-28 09:41:29.297490239,100022,204,99930,100,100031,204,99925,204,100060,304,99920,204,100085,204,99918,204,100090,100,99845,204,100109,100,99818,100,100113,100,99816,100,100123,100,99793,100,100127,100,99684,100,100137,100,99567,100
2019-06-28 09:41:30.000000000,100022,515,99930,515,100031,100,99925,100,100060,200,99920,100,100085,100,99918,100,100090,100,99845,100,100109,100,99818,100,100113,100,99816,100,100123,100,99793,100,100127,100,99684,100,100137,100,99567,100
2019-06-28 09:41:33.859709973,100022,515,99930,615,100031,100,99925,100,100060,200,99920,100,100085,100,99918,100,100090,100,99845,100,100109,100,99818,100,100113,100,99816,100,100123,100,99793,100,100127,100,99684,100,100137,100,99567,100
2019-06-28 09:41:40.000000000,100022,204,99930,304,100031,204,99925,204,100060,304,99920,204,100085,204,99918,204,100090,100,99845,100,100109,100,99818,100,100113,100,99816,100,100123,100,99793,100,100127,100,99684,100,100137,100,99567,100
2019-06-28 09:41:42.618454665,100022,104,99930,304,100031,204,99925,204,100060,304,99920,204,100085,204,99918,204,100090,100,99845,100,100109,100,99818,100,100113,100,99816,100,100123,100,99793,100,100127,100,99684,100,100137,100,99567,100
2019-06-28 09:41:46.344734639,100022,104,99930,204,100031,204,99925,204,100060,304,99920,204,100085,204,99918,204,100090,100,99845,100,100109,100,99818,100,100113,100,99816,100,100123,100,99793,100,100127,100,99684,100,100137,100,99567,100
2019-06-28 09:41:50.000000000,100031,183,99930,183,100060,283,99925,183,100085,183,99920,183,100090,183,99918,183,100109,183,99845,183,100113,100,99818,100,100123,100,99816,100,100127,100,99793,100,100137,100,99684,100,100147,100,99567,100
2019-06-28 09:41:54.040826052,100031,183,99930,83,100060,283,99925,183,100085,183,99920,183,100090,183,99918,183,100109,183,99845,83,100113,100,99818,100,100123,100,99816,100,100127,100,99793,100,100137,100,99684,100,100147,100,99567,100
2019-06-28 09:41:58.433071291,100031,183,99930,83,100060,283,99925,183,100085,183,99920,183,100090,183,99918,183,100109,183,99877,100,100113,100,99845,83,100123,100,99818,100,100127,100,99816,100,100137,100,99793,100,100147,100,99684,100
2019-06-28 09:42:00.000000000,100031,308,99925,308,100060,408,99920,308,100085,100,99918,100,100090,100,99877,100,100109,100,99818,100,100113,100,99816,100,100123,100,99793,100,100127,100,99684,100,100137,100,99567,100,100147,100,,
2019-06-28 09:42:06.744597619,100031,208,99925,308,100060,408,99920,308,100085,100,99918,100,100090,100,99877,100,100109,100,99818,100,100113,100,99793,100,100123,100,99684,100,100127,100,99567,100,100137,100,,,100147,100,,
2019-06-28 09:42:10.000000000,100060,408,99925,308,100085,308,99920,308,100090,100,99918,100,100109,100,99877,100,100113,100,99818,100,100123,100,99793,100,100127,100,99684,100,100137,100,99567,100,100147,100,,,100158,100,,
2019-06-28 09:42:13.247348678,100060,408,99931,100,100085,308,99925,308,100090,100,99920,308,100109,100,99918,100,100113,100,99877,100,100123,100,99818,100,100127,100,99793,100,100137,100,99684,100,100147,100,99567,100,100158,100,,
2019-06-28 09:42:13.715088541,100008,100,99931,100,100060,408,99925,308,100085,308,99920,308,100090,100,99918,100,100109,100,99877,100,100113,100,99818,100,100123,100,99793,100,100127,100,99684,100,100137,100,99567,100,100147,100,,
2019-06-28 09:42:20.000000000,100008,183,99931,183,100060,283,99925,183,100085,183,99920,183,100090,183,99918,183,100109,183,99877,183,100113,100,99818,100,100123,100,99793,100,100127,100,99684,100,100137,100,99567,100,100147,100,,
2019-06-28 09:42:30.000000000,100008,515,99931,515,100060,200,99925,100,100085,100,99920,100,100090,100,99918,100,100109,100,99877,100,100113,100,99818,100,100123,100,99793,100,100127,100,99684,100,100137,100,99567,100,100147,100,,
2019-06-28 09:42:39.967172890,100008,415,99931,515,100060,200,99925,100,100085,100,99920,100,100109,100,99918,100,100113,100,99877,100,100123,100,99818,100,100127,100,99793,100,100137,100,99684,100,100147,100,99567,100,100158,100,,
2019-06-28 09:42:40.000000000,100060,615,99931,515,100085,100,99925,100,100109,100,99920,100,100113,100,99918,100,100123,100,99877,100,100127,100,99818,100,100137,100,99793,100,100147,100,99684,100,100158,100,99567,100,100163,100,,
2019-06-28 09:42:41.473745540,100060,615,99931,515,100085,100,99925,100,100109,100,99920,100,100113,100,99918,100,100123,100,99877,100,100127,100,99818,100,100137,100,99793,100,100147,100,99684,100,100158,100,99567,100,100163,100,,
2019-06-28 09:42:50.000000000,100060,615,99931,515,100085,100,99925,100,100109,100,99920,100,100113,100,99918,100,100123,100,99877,100,100127,100,99818,100,100137,100,99793,100,100147,100,99684,100,100158,100,99567,100,100163,100,,
2019-06-28 09:43:00.000000000,100060,304,99931,204,100085,204,99925,204,100109,204,99920,204,100113,204,99918,204,100123,100,99877,100,100127,100,99818,100,100137,100,99793,100,100147,100,99684,100,100158,100,99567,100,100163,100,,
2019-06-28 09:43:04.005680076,100060,304,99931,104,100085,204,99925,204,100109,204,99920,204,100113,204,99918,204,100123,100,99877,100,100127,100,99818,100,100137,100,99793,100,100147,100,99684,100,100158,100,99567,100,100163,100,,
2019-06-28 09:43:10.000000000,100060,615,99925,515,100085,100,99920,100,100109,100,99918,100,100113,100,99877,100,100123,100,99818,100,100127,100,99793,100,100137,100,99684,100,100147,100,99567,100,100158,100,,,100163,100,,
2019-06-28 09:43:16.435684866,100060,615,99977,100,100085,100,99925,515,100109,100,99920,100,100113,100,99918,100,100123,100,99877,100,100127,100,99818,100,100137,100,99793,100,100147,100,99684,100,100158,100,99567,100,100163,100,,
2019-06-28 09:43:20.000000000,100060,615,99977,515,100085,100,99925,100,100109,100,99920,100,100113,100,99918,100,100123,100,99877,100,100127,100,99818,100,100137,100,99793,100,100147,100,99684,100,100158,100,99567,100,100163,100,,
2019-06-28 09:43:20.119729655,100060,615,99977,415,100085,100,99925,100,100109,100,99920,100,100113,100,99918,100,100123,100,99877,100,100127,100,99818,100,100137,100,99793,100,100147,100,99567,100,100158,100,,,100163,100,,
2019-06-28 09:43:30.000000000,100060,304,99925,204,100085,204,99920,204,100109,204,99918,204,100113,204,99877,204,100123,100,99818,100,100127,100,99793,100,100137,100,99567,100,100147,100,,,100158,100,,,100163,100,,
2019-06-28 09:43:38.729617368,100060,304,99925,204,100085,204,99920,204,100109,204,99918,204,100113,204,99877,204,100123,100,99818,100,100127,100,99793,100,100147,100,99567,100,100158,100,,,100163,100,,,100199,100,,
2019-06-28 09:43:40.000000000,100060,615,99925,515,100085,100,99920,100,100109,100,99918,100,100113,100,99877,100,100123,100,99818,100,100127,100,99793,100,100147,100,99567,100,100158,100,,,100163,100,,,100199,100,,
2019-06-28 09:43:48.827044768,100060,615,99925,515,100076,100,99920,100,100085,100,99918,100,100109,100,99877,100,100113,100,99818,100,100123,100,99793,100,100127,100,99567,100,100147,100,,,100158,100,,,100163,100,,
2019-06-28 09:43:50.000000000,100060,615,99925,515,100076,100,99920,100,100085,100,99918,100,100109,100,99877,100,100113,100,99818,100,100123,100,99793,100,100127,100,99567,100,100147,100,,,100158,100,,,100163,100,,
2019-06-28 09:43:58.260316190,100060,615,99925,415,100076,100,99920,100,100085,100,99918,100,100109,100,99877,100,100113,100,99818,100,100123,100,99567,100,100127,100,,,100147,100,,,100158,100,,,100163,100,,
2019-06-28 09:44:00.000000000,100060,615,99920,515,100076,100,99918,100,100085,100,99877,100,100109,100,99818,100,100113,100,99567,100,100123,100,,,100127,100,,,100147,100,,,100158,100,,,100163,100,,
2019-06-28 09:44:10.000000000,100060,304,99920,204,100076,204,99918,204,100085,204,99877,204,100109,204,99818,204,100113,100,99567,100,100123,100,,,100127,100,,,100147,100,,,100158,100,,,100163,100,,
2019-06-28 09:44:11.514231303,100060,304,99920,204,100076,204,99918,204,100085,204,99877,204,100109,204,99818,204,100113,100,99775,100,100123,100,99567,100,100127,100,,,100147,100,,,100158,100,,,100163,100,,
2019-06-28 09:44:20.000000000,100060,615,99920,515,100076,100,99918,100,100085,100,99877,100,100109,100,99818,100,100113,100,99775,100,100123,100,99567,100,100127,100,,,100147,100,,,100158,100,,,100163,100,,
2019-06-28 09:44:20.294256006,100060,615,99920,415,100076,100,99918,100,100085,100,99877,100,100109,100,99818,100,100113,100,99775,100,100123,100,99567,100,100127,100,,,100147,100,,,100158,100,,,100163,100,,
2019-06-28 09:44:25.578202846,100060,615,99920,315,100076,100,99918,100,100085,100,99877,100,100109,100,99818,100,100113,100,99775,100,100123,100,99567,100,100127,100,,,100147,100,,,100158,100,,,100163,100,,
2019-06-28 09:44:30.000000000,100060,283,99918,183,100076,183,99877,183,100085,183,99818,183,100109,183,99775,183,100113,183,99567,183,100123,100,,,100127,100,,,100147,100,,,100158,100,,,100163,100,,
2019-06-28 09:44:40.000000000,100060,615,99918,515,100076,100,99877,100,100085,100,99818,100,100109,100,99775,100,100113,100,99567,100,100123,100,,,100127,100,,,100147,100,,,100158,100,,,100163,100,,
2019-06-28 09:44:50.000000000,100060,341,99918,241,100076,237,99877,237,100085,237,99818,237,100109,100,99775,100,100113,100,99567,100,100123,100,,,100127,100,,,100147,100,,,100158,100,,,100163,100,,
2019-06-28 09:45:00.000000000,100060,304,99918,204,100076,204,99877,204,100085,204,99818,204,100109,204,99775,204,100113,100,99567,100,100123,100,,,100127,100,,,100147,100,,,100158,100,,,100163,100,,
2019-06-28 09:45:10.000000000,100060,341,99918,241,100076,237,99877,237,100085,237,99818,237,100109,100,99775,100,100113,100,99567,100,100123,100,,,100127,100,,,100147,100,,,100158,100,,,100163,100,,
2019-06-28 09:45:12.080511326,100060,341,99918,141,100076,237,99877,237,100085,237,99818,237,100109,100,99775,100,100113,100,99567,100,100123,100,,,100127,100,,,100147,100,,,100158,100,,,100163,100,,
2019-06-28 09:45:14.431426391,99920,100,99918,141,100060,341,99877,237,100076,237,99818,237,100085,237,99775,100,100109,100,99567,100,100113,100,,,100123,100,,,100127,100,,,100147,100,,,100158,100,,
2019-06-28 09:45:20.000000000,99920,183,99877,183,100060,283,99818,183,100076,183,99775,183,100085,183,99567,183,100109,183,99566,83,100113,100,,,100123,100,,,100127,100,,,100147,100,,,100158,100,,
2019-06-28 09:45:20.467466188,99920,183,99877,83,100060,283,99818,183,100076,183,99775,183,100085,183,99567,183,100109,183,99566,83,100113,100,,,100123,100,,,100127,100,,,100147,100,,,100158,100,,
2019-06-28 09:45:30.000000000,99920,308,99818,308,100060,408,99775,308,100076,100,99567,100,100085,100,,,100109,100,,,100113,100,,,100123,100,,,100127,100,,,100147,100,,,100158,100,,
2019-06-28 09:45:40.000000000,99920,241,99818,241,100060,337,99775,237,100076,237,99567,237,100085,100,,,100109,100,,,100113,100,,,100123,100,,,100127,100,,,100147,100,,,100158,100,,
2019-06-28 09:45:44.626633055,99920,241,99818,241,100060,337,99775,237,100076,237,99567,237,100085,100,99484,100,100109,100,,,100113,100,,,100123,100,,,100127,100,,,100147,100,,,100158,100,,
2019-06-28 09:45:50.000000000,99920,183,99818,183,100060,283,99775,183,100076,183,99567,183,100085,183,99484,183,100109,183,99483,83,100113,100,,,100123,100,,,100127,100,,,100147,100,,,100158,100,,
2019-06-28 09:45:54.106301583,99918,100,99818,183,99920,183,99775,183,100060,283,99567,183,100076,183,99484,183,100085,183,99483,83,100109,183,,,100113,100,,,100123,100,,,100127,100,,,100147,100,,
2019-06-28 09:46:00.000000000,99918,183,99818,183,99920,183,99775,183,100060,283,99567,183,100076,183,99484,183,100085,183,99483,83,100109,100,,,100113,100,,,100123,100,,,100127,100,,,100147,100,,
2019-06-28 09:46:10.000000000,99918,204,99818,204,99920,204,99775,204,100060,304,99567,204,100076,204,99484,204,100085,100,,,100109,100,,,100113,100,,,100123,100,,,100127,100,,,100147,100,,
2019-06-28 09:46:19.045519053,99918,204,99893,100,99920,204,99818,204,100060,304,99775,204,100076,204,99567,204,100085,100,99484,204,100109,100,,,100113,100,,,100123,100,,,100127,100,,,100147,100,,
2019-06-28 09:46:20.000000000,99918,204,99893,204,99920,204,99818,204,100060,304,99775,204,100076,204,99567,204,100085,100,99484,100,100109,100,,,100113,100,,,100123,100,,,100127,100,,,100147,100,,
2019-06-28 09:46:30.000000000,99918,204,99893,204,99920,204,99818,204,100060,304,99775,204,100076,204,99567,204,100085,100,99484,100,100109,100,,,100113,100,,,100123,100,,,100127,100,,,100147,100,,
2019-06-28 09:46:40.000000000,99918,183,99893,183,99920,183,99818,183,100060,283,99775,183,100076,183,99567,183,100085,183,99484,183,100109,100,,,100113,100,,,100123,100,,,100127,100,,,100147,100,,
2019-06-28 09:46:50.000000000,99918,204,99893,204,99920,204,99818,204,100060,304,99775,204,100076,204,99567,204,100085,100,99484,100,100109,100,,,100113,100,,,100123,100,,,100127,100,,,100147,100,,
2019-06-28 09:46:51.718960476,99918,104,99893,204,99920,204,99818,204,100060,304,99775,204,100076,204,99567,204,100085,100,99484,100,100109,100,,,100113,100,,,100123,100,,,100127,100,,,100147,100,,
2019-06-28 09:46:56.047594992,99918,4,99893,204,99920,204,99818,204,100060,304,99775,204,100076,204,99567,204,100085,100,99484,100,100109,100,,,100113,100,,,100123,100,,,100127,100,,,100147,100,,
2019-06-28 09:47:00.000000000,99920,183,99893,183,100060,283,99818,183,100076,183,99775,183,100085,183,99567,183,100109,183,99484,183,100113,100,,,100123,100,,,100127,100,,,100147,100,,,100158,100,,
2019-06-28 09:47:10.000000000,99920,183,99893,183,100060,283,99818,183,100076,183,99775,183,100085,183,99567,183,100109,183,99484,183,100113,100,,,100123,100,,,100127,100,,,100147,100,,,100158,100,,
2019-06-28 09:47:20.000000000,99920,308,99893,308,100060,408,99818,308,100076,100,99775,100,100085,100,99567,100,100109,100,99484,100,100113,100,,,100123,100,,,100127,100,,,100147,100,,,100158,100,,
2019-06-28 09:47:22.597338305,99920,208,99893,308,100060,408,99818,308,100076,100,99775,100,100085,100,99567,100,100109,100,99484,100,100113,100,,,100123,100,,,100127,100,,,100147,100,,,100158,100,,
2019-06-28 09:47:30.000000000,100060,283,99893,183,100076,183,99818,183,100085,183,99775,183,100109,183,99567,183,100113,183,99484,183,100123,100,,,100127,100,,,100147,100,,,100158,100,,,100163,100,,
2019-06-28 09:47:40.000000000,100060,408,99893,308,100076,308,99818,308,100085,100,99775,100,100109,100,99567,100,100113,100,99484,100,100123,100,,,100127,100,,,100147,100,,,100158,100,,,100163,100,,
2019-06-28 09:47:50.000000000,100060,615,99893,515,100076,100,99818,100,100085,100,99775,100,100109,100,99567,100,100113,100,99484,100,100123,100,,,100127,100,,,100147,100,,,100158,100,,,100163,100,,
2019-06-28 09:48:00.000000000,100060,283,99893,183,100076,183,99818,183,100085,183,99775,183,100109,183,99567,183,100113,183,99484,183,100123,100,,,100127,100,,,100147,100,,,100158,100,,,100163,100,,
2019-06-28 09:48:08.435815687,100060,283,99893,183,100076,183,99818,183,100085,183,99775,183,100109,183,99567,183,100113,183,99484,183,100123,100,,,100127,100,,,100147,100,,,100158,100,,,100163,100,,
2019-06-28 09:48:10.000000000,100060,283,99893,183,100076,183,99818,183,100085,183,99775,183,100109,183,99567,183,100113,183,99484,183,100123,100,,,100127,100,,,100147,100,,,100158,100,,,100163,100,,
2019-06-28 09:48:15.569769901,100060,283,99918,100,100076,183,99893,183,100085,183,99818,183,100109,183,99775,183,100113,183,99567,183,100123,100,99484,183,100127,100,,,100147,100,,,100158,100,,,100163,100,,
2019-06-28 09:48:20.000000000,100060,408,99918,308,100076,308,99893,308,100085,100,99818,100,100109,100,99775,100,100113,100,99567,100,100123,100,99484,100,100127,100,,,100147,100,,,100158,100,,,100163,100,,
2019-06-28 09:48:30.000000000,100060,304,99918,204,100076,204,99893,204,100085,204,99818,204,100109,204,99775,204,100113,100,99567,100,100123,100,99484,100,100127,100,,,100147,100,,,100158,100,,,100163,100,,
2019-06-28 09:48:34.393930436,100060,204,99918,204,100076,204,99893,204,100085,204,99818,204,100109,204,99775,204,100113,100,99567,100,100123,100,99484,100,100127,100,,,100147,100,,,100158,100,,,100163,100,,
2019-06-28 09:48:35.339261191,100060,204,99918,204,100076,204,99893,204,100085,204,99818,204,100109,204,99775,204,100113,100,99567,100,100123,100,99484,100,100127,100,,,100147,100,,,100158,100,,,100163,100,,
2019-06-28 09:48:40.000000000,100060,308,99918,308,100076,308,99893,308,100085,100,99818,100,100109,100,99775,100,100113,100,99567,100,100123,100,99484,100,100127,100,,,100147,100,,,100158,100,,,100163,100,,
2019-06-28 09:48:40.496085260,100060,208,99918,308,100076,308,99893,308,100085,100,99818,100,100109,100,99775,100,100113,100,99567,100,100123,100,99484,100,100127,100,,,100147,100,,,100158,100,,,100163,100,,
2019-06-28 09:48:50.000000000,100076,515,99918,515,100085,100,99893,100,100109,100,99818,100,100113,100,99775,100,100123,100,99567,100,100127,100,99484,100,100147,100,,,100158,100,,,100163,100,,,100199,100,,
2019-06-28 09:48:58.253777672,100076,515,99918,515,100085,100,99893,100,100109,100,99818,100,100113,100,99775,100,100123,100,99567,100,100127,100,99484,100,100147,100,,,100158,100,,,100163,100,,,100199,100,,
2019-06-28 09:49:00.000000000,100076,241,99918,241,100085,237,99893,237,100109,237,99818,237,100113,100,99775,100,100123,100,99567,100,100127,100,99484,100,100147,100,,,100158,100,,,100163,100,,,100199,100,,
2019-06-28 09:49:00.248469325,100076,141,99918,241,100085,237,99893,237,100109,237,99818,237,100113,100,99775,100,100123,100,99567,100,100127,100,99484,100,100147,100,,,100158,100,,,100163,100,,,100199,100,,
2019-06-28 09:49:10.000000000,100085,204,99918,204,100109,204,99893,204,100113,204,99818,204,100123,204,99775,204,100127,100,99567,100,100147,100,99484,100,100158,100,,,100163,100,,,100199,100,,,100373,100,,
2019-06-28 09:49:12.476581035,100085,204,99918,204,100109,204,99893,204,100113,204,99818,204,100123,204,99775,204,100127,100,99567,100,100147,100,99484,100,100158,100,,,100163,100,,,100199,100,,,100297,100,,
2019-06-28 09:49:13.784925237,100085,204,99918,204,100109,204,99893,204,100113,204,99818,204,100123,204,99775,204,100127,100,99567,100,100147,100,99484,100,100158,100,,,100163,100,,,100199,100,,,100297,100,,
2019-06-28 09:49:20.000000000,100085,204,99918,204,100109,204,99893,204,100113,204,99818,204,100123,204,99775,204,100127,100,99567,100,100147,100,99484,100,100158,100,,,100163,100,,,100199,100,,,100297,100,,
2019-06-28 09:49:30.000000000,100085,183,99918,183,100109,183,99893,183,100113,183,99818,183,100123,183,99775,183,100127,183,99567,183,100147,100,99484,100,100158,100,,,100163,100,,,100199,100,,,100297,100,,
2019-06-28 09:49:33.160913670,100085,183,100060,100,100109,183,99918,83,100113,183,99893,183,100123,183,99818,183,100127,183,99775,183,100147,100,99567,183,100158,100,99484,100,100163,100,,,100199,100,,,100297,100,,
2019-06-28 09:49:37.121219180,100085,83,100060,100,100109,183,99918,83,100113,183,99893,183,100123,183,99818,183,100127,183,99775,183,100147,100,99567,183,100158,100,99484,100,100163,100,,,100199,100,,,100297,100,,
2019-06-28 09:49:40.000000000,100109,308,100060,308,100113,308,99893,308,100123,100,99818,100,100127,100,99775,100,100147,100,99567,100,100158,100,99484,100,100163,100,,,100199,100,,,100297,100,,,100373,100,,
2019-06-28 09:49:50.000000000,100109,183,100060,183,100113,183,99893,183,100123,183,99818,183,100127,183,99775,183,100147,183,99567,183,100158,100,99484,100,100163,100,,,100199,100,,,100297,100,,,100373,100,,
2019-06-28 09:50:00.000000000,100109,241,100060,241,100113,237,99893,237,100123,237,99818,237,100127,100,99775,100,100147,100,99567,100,100158,100,99484,100,100163,100,,,100199,100,,,100297,100,,,100373,100,,
2019-06-28 09:50:10.000000000,100109,241,100060,241,100113,237,99893,237,100123,237,99818,237,100127,100,99775,100,100147,100,99567,100,100158,100,99484,100,100163,100,,,100199,100,,,100297,100,,,100373,100,,
2019-06-28 09:50:20.000000000,100109,183,100060,183,100113,183,99893,183,100123,183,99818,183,100127,183,99775,183,100147,183,99567,183,100158,100,99484,100,100163,100,,,100199,100,,,100297,100,,,100373,100,,
2019-06-28 09:50:25.118841521,100109,183,100060,183,100113,183,99893,183,100123,183,99818,183,100127,183,99775,183,100147,183,99567,183,100158,100,99484,100,100163,100,,,100199,100,,,100297,100,,,100373,100,,
2019-06-28 09:50:30.000000000,100109,241,100060,241,100113,237,99893,237,100123,237,99818,237,100127,100,99775,100,100147,100,99567,100,100158,100,99484,100,100163,100,,,100199,100,,,100297,100,,,100373,100,,
2019-06-28 09:50:32.520389938,100109,241,100076,100,100113,237,100060,241,100123,237,99893,237,100127,100,99818,237,100147,100,99775,100,100158,100,99567,100,100163,100,99484,100,100199,100,,,100297,100,,,100373,100,,
2019-06-28 09:50:40.000000000,100109,183,100076,183,100113,183,100060,183,100123,183,99893,183,100127,183,99818,183,100147,183,99775,183,100158,100,99567,100,100163,100,99484,100,100199,100,,,100297,100,,,100373,100,,
2019-06-28 09:50:50.000000000,100109,241,100076,241,100113,237,100060,237,100123,237,99893,237,100127,100,99818,100,100147,100,99775,100,100158,100,99567,100,100163,100,99484,100,100199,100,,,100297,100,,,100373,100,,
2019-06-28 09:50:51.401269753,100109,241,100076,341,100113,237,100060,237,100123,237,99893,237,100127,100,99818,100,100147,100,99775,100,100158,100,99567,100,100163,100,99484,100,100199,100,,,100297,100,,,100373,100,,
2019-06-28 09:51:00.000000000,100109,308,100076,408,100113,308,100060,308,100123,100,99893,100,100127,100,99818,100,100147,100,99775,100,100158,100,99567,100,100163,100,99484,100,100199,100,,,100297,100,,,100373,100,,
2019-06-28 09:51:08.514438992,100109,208,100076,408,100113,208,100060,308,100123,100,99893,100,100127,100,99818,100,100147,100,99775,100,100158,100,99567,100,100163,100,99484,100,100199,100,,,100297,100,,,100373,100,,
2019-06-28 09:51:10.000000000,100123,183,100076,283,100127,183,100060,183,100147,183,99893,183,100158,183,99818,183,100163,183,99775,183,100199,100,99567,100,100297,100,99484,100,100373,100,,,100524,100,,,100533,100,,
2019-06-28 09:51:20.000000000,100123,515,100076,615,100127,100,100060,100,100147,100,99893,100,100158,100,99818,100,100163,100,99775,100,100199,100,99567,100,100297,100,99484,100,100373,100,,,100524,100,,,100533,100,,
2019-06-28 09:51:23.945974953,100123,415,100076,615,100127,100,100060,100,100147,100,99893,100,100158,100,99818,100,100163,100,99775,100,100199,100,99567,100,100297,100,99484,100,100373,100,,,100524,100,,,100533,100,,
2019-06-28 09:51:28.054061153,100123,415,100076,615,100127,100,100060,100,100147,100,99893,100,100158,100,99818,100,100163,100,99775,100,100199,100,99567,100,100297,100,99484,100,100373,100,,,100430,100,,,100524,100,,
2019-06-28 09:51:28.857051820,100123,415,100076,615,100127,100,100060,100,100147,100,99893,100,100158,100,99818,100,100163,100,99775,100,100199,100,99567,100,100297,100,99484,100,100373,100,,,100430,100,,,100524,100,,
2019-06-28 09:51:30.000000000,100127,241,100076,341,100147,237,100060,237,100158,237,99893,237,100163,100,99818,100,100199,100,99775,100,100297,100,99567,100,100373,100,99484,100,100430,100,,,100524,100,,,100533,100,,
2019-06-28 09:51:40.000000000,100127,515,100076,615,100147,100,100060,100,100158,100,99893,100,100163,100,99818,100,100199,100,99775,100,100297,100,99567,100,100373,100,99484,100,100430,100,,,100524,100,,,100533,100,,
2019-06-28 09:51:40.312778198,100127,515,100109,100,100147,100,100076,615,100158,100,100060,100,100163,100,99893,100,100199,100,99818,100,100297,100,99775,100,100373,100,99567,100,100430,100,99484,100,100524,100,,,100533,100,,
2019-06-28 09:51:50.000000000,100127,308,100109,308,100147,308,100076,408,100158,100,100060,100,100163,100,99893,100,100199,100,99818,100,100297,100,99775,100,100373,100,99567,100,100430,100,99484,100,100524,100,,,100533,100,,
2019-06-28 09:51:55.354624869,100127,208,100109,308,100147,308,100076,408,100158,100,100060,100,100163,100,99893,100,100199,100,99818,100,100297,100,99775,100,100373,100,99567,100,100524,100,99484,100,100533,100,,,100651,100,,
2019-06-28 09:52:00.000000000,100147,183,100109,183,100158,183,100076,283,100163,183,100060,183,100199,183,99893,183,100297,183,99818,183,100373,100,99775,100,100524,100,99567,100,100533,100,99484,100,100651,100,,,100719,100,,
2019-06-28 09:52:10.000000000,100147,515,100109,515,100158,100,100076,200,100163,100,100060,100,100199,100,99893,100,100297,100,99818,100,100373,100,99775,100,100524,100,99567,100,100533,100,99484,100,100651,100,,,100719,100,,
2019-06-28 09:52:20.000000000,100147,204,100109,204,100158,204,100076,304,100163,204,100060,204,100199,204,99893,204,100297,100,99818,100,100373,100,99775,100,100524,100,99567,100,100533,100,99484,100,100651,100,,,100719,100,,
2019-06-28 09:52:30.000000000,100147,204,100109,204,100158,204,100076,304,100163,204,100060,204,100199,204,99893,204,100297,100,99818,100,100373,100,99775,100,100524,100,99567,100,100533,100,99484,100,100651,100,,,100719,100,,
2019-06-28 09:52:33.918010778,100147,204,100109,204,100158,204,100076,304,100163,204,100060,204,100199,204,99893,204,100297,100,99818,100,100373,100,99775,100,100524,100,99567,100,100533,100,99484,100,100587,100,,,100651,100,,
2019-06-28 09:52:40.000000000,100147,308,100109,308,100158,308,100076,408,100163,100,100060,100,100199,100,99893,100,100297,100,99818,100,100373,100,99775,100,100524,100,99567,100,100533,100,99484,100,100587,100,,,100651,100,,
2019-06-28 09:52:43.067070469,100147,308,100123,100,100158,308,100109,308,100163,100,100076,408,100199,100,100060,100,100297,100,99893,100,100373,100,99818,100,100524,100,99775,100,100533,100,99567,100,100587,100,99484,100,100651,100,,
2019-06-28 09:52:50.000000000,100147,308,100123,308,100158,308,100109,308,100163,100,100076,200,100199,100,100060,100,100297,100,99893,100,100373,100,99818,100,100524,100,99775,100,100533,100,99567,100,100587,100,99484,100,100651,100,,
2019-06-28 09:52:58.818318114,100147,208,100123,308,100158,308,100109,308,100163,100,100076,200,100199,100,100060,100,100297,100,99893,100,100373,100,99818,100,100524,100,99775,100,100533,100,99567,100,100587,100,99484,100,100651,100,,
2019-06-28 09:53:00.000000000,100158,241,100123,241,100163,237,100109,237,100199,237,100076,337,100297,100,100060,100,100373,100,99893,100,100524,100,99818,100,100533,100,99775,100,100587,100,99567,100,100651,100,99484,100,100719,100,,
2019-06-28 09:53:10.000000000,100158,241,100123,241,100163,237,100109,237,100199,237,100076,337,100297,100,100060,100,100373,100,99893,100,100524,100,99818,100,100533,100,99775,100,100587,100,99567,100,100651,100,99484,100,100719,100,,
2019-06-28 09:53:10.143812032,100158,141,100123,241,100163,237,100109,237,100199,237,100076,337,100297,100,100060,100,100373,100,99818,100,100524,100,99775,100,100533,100,99567,100,100587,100,99484,100,100651,100,,,100719,100,,
2019-06-28 09:53:20.000000000,100163,308,100123,308,100199,308,100109,308,100297,100,100076,200,100373,100,100060,100,100524,100,99818,100,100533,100,99775,100,100587,100,99567,100,100651,100,99484,100,100719,100,,,100842,100,,
2019-06-28 09:53:21.108953340,100163,308,100123,308,100199,308,100109,308,100297,100,100076,200,100373,100,100060,100,100524,100,99818,100,100533,100,99775,100,100577,100,99567,100,100587,100,99484,100,100651,100,,,100719,100,,
2019-06-28 09:53:30.000000000,100163,241,100123,241,100199,237,100109,237,100297,237,100076,337,100373,100,100060,100,100524,100,99818,100,100533,100,99775,100,100577,100,99567,100,100587,100,99484,100,100651,100,,,100719,100,,
2019-06-28 09:53:32.808525435,100163,241,100147,100,100199,237,100123,241,100297,237,100109,237,100373,100,100076,337,100524,100,100060,100,100533,100,99818,100,100577,100,99775,100,100587,100,99567,100,100651,100,99484,100,100719,100,,
2019-06-28 09:53:40.000000000,100163,241,100147,241,100199,237,100123,237,100297,237,100109,237,100373,100,100076,200,100524,100,100060,100,100533,100,99818,100,100577,100,99775,100,100587,100,99567,100,100651,100,99484,100,100719,100,,
2019-06-28 09:53:50.000000000,100163,308,100147,308,100199,308,100123,308,100297,100,100109,100,100373,100,100076,200,100524,100,100060,100,100533,100,99818,100,100577,100,99775,100,100587,100,99567,100,100651,100,99484,100,100719,100,,
2019-06-28 09:54:00.000000000,100163,241,100147,241,100199,237,100123,237,100297,237,100109,237,100373,100,100076,200,100524,100,100060,100,100533,100,99818,100,100577,100,99775,100,100587,100,99567,100,100651,100,99484,100,100719,100,,
2019-06-28 09:54:10.000000000,100163,515,100147,515,100199,100,100123,100,100297,100,100109,100,100373,100,100076,200,100524,100,100060,100,100533,100,99818,100,100577,100,99775,100,100587,100,99567,100,100651,100,99484,100,100719,100,,
2019-06-28 09:54:16.483731448,100163,515,100147,515,100199,100,100123,100,100297,100,100109,100,100373,100,100076,100,100524,100,100060,100,100533,100,99818,100,100577,100,99775,100,100587,100,99567,100,100651,100,99484,100,100719,100,,
2019-06-28 09:54:20.000000000,100163,515,100147,515,100199,100,100123,100,100297,100,100109,100,100373,100,100076,100,100524,100,100060,100,100533,100,99818,100,100577,100,99775,100,100587,100,99567,100,100651,100,99484,100,100719,100,,
2019-06-28 09:54:30.000000000,100163,515,100147,515,100199,100,100123,100,100297,100,100109,100,100373,100,100076,100,100524,100,100060,100,100533,100,99818,100,100577,100,99775,100,100587,100,99567,100,100651,100,99484,100,100719,100,,
2019-06-28 09:54:40.000000000,100163,183,100147,183,100199,183,100123,183,100297,183,100109,183,100373,183,100076,183,100524,183,100060,183,100533,100,99818,100,100577,100,99775,100,100587,100,99567,100,100651,100,99484,100,100719,100,,
2019-06-28 09:54:50.000000000,100163,241,100147,241,100199,237,100123,237,100297,237,100109,237,100373,100,100076,100,100524,100,100060,100,100533,100,99818,100,100577,100,99775,100,100587,100,99567,100,100651,100,99484,100,100719,100,,
2019-06-28 09:54:59.561489250,100163,241,100147,141,100199,237,100123,237,100297,237,100109,237,100373,100,100076,100,100524,100,100060,100,100533,100,99818,100,100577,100,99775,100,100587,100,99567,100,100651,100,99484,100,100719,100,,
2019-06-28 09:55:00.000000000,100163,241,100123,241,100199,237,100109,237,100297,237,100076,237,100373,100,100060,100,100524,100,99818,100,100533,100,99775,100,100577,100,99567,100,100587,100,99484,100,100651,100,,,100719,100,,
2019-06-28 09:55:10.000000000,100163,515,100123,515,100199,100,100109,100,100297,100,100076,100,100373,100,100060,100,100524,100,99818,100,100533,100,99775,100,100577,100,99567,100,100587,100,99484,100,100651,100,,,100719,100,,
2019-06-28 09:55:15.268114857,100163,515,100123,415,100199,100,100109,100,100297,100,100076,100,100373,100,100060,100,100524,100,99818,100,100533,100,99775,100,100577,100,99567,100,100587,100,99484,100,100651,100,,,100719,100,,
2019-06-28 09:55:20.000000000,100163,308,100109,308,100199,308,100076,308,100297,100,100060,100,100373,100,99818,100,100524,100,99775,100,100533,100,99567,100,100577,100,99484,100,100587,100,,,100651,100,,,100719,100,,
2019-06-28 09:55:30.000000000,100163,241,100109,241,100199,237,100076,237,100297,237,100060,237,100373,100,99818,100,100524,100,99775,100,100533,100,99567,100,100577,100,99484,100,100587,100,,,100651,100,,,100719,100,,
2019-06-28 09:55:39.550766632,100147,100,100109,241,100163,241,100076,237,100199,237,100060,237,100297,237,99818,100,100373,100,99775,100,100524,100,99567,100,100533,100,99484,100,100577,100,,,100587,100,,,100651,100,,
2019-06-28 09:55:40.000000000,100147,183,100109,183,100163,183,100076,183,100199,183,100060,183,100297,183,99818,183,100373,183,99775,183,100524,100,99567,100,100533,100,99484,100,100577,100,,,100587,100,,,100651,100,,
2019-06-28 09:55:50.000000000,100147,308,100109,308,100163,308,100076,308,100199,100,100060,100,100297,100,99818,100,100373,100,99775,100,100524,100,99567,100,100533,100,99484,100,100577,100,,,100587,100,,,100651,100,,
2019-06-28 09:56:00.000000000,100147,183,100109,183,100163,183,100076,183,100199,183,100060,183,100297,183,99818,183,100373,183,99775,183,100524,100,99567,100,100533,100,99484,100,100577,100,,,100587,100,,,100651,100,,
2019-06-28 09:56:10.000000000,100147,241,100109,241,100163,237,100076,237,100199,237,100060,237,100297,100,99818,100,100373,100,99775,100,100524,100,99567,100,100533,100,99484,100,100577,100,,,100587,100,,,100651,100,,
2019-06-28 09:56:20.000000000,100147,204,100109,204,100163,204,100076,204,100199,204,100060,204,100297,204,99818,204,100373,100,99775,100,100524,100,99567,100,100533,100,99484,100,100577,100,,,100587,100,,,100651,100,,
2019-06-28 09:56:30.000000000,100147,515,100109,515,100163,100,100076,100,100199,100,100060,100,100297,100,99818,100,100373,100,99775,100,100524,100,99567,100,100533,100,99484,100,100577,100,,,100587,100,,,100651,100,,
2019-06-28 09:56:40.000000000,100147,241,100109,241,100163,237,100076,237,100199,237,100060,237,100297,100,99818,100,100373,100,99775,100,100524,100,99567,100,100533,100,99484,100,100577,100,,,100587,100,,,100651,100,,
2019-06-28 09:56:40.491863534,100147,241,100109,241,100163,237,100076,237,100199,237,100060,237,100297,100,99818,100,100373,100,99775,100,100524,100,99567,100,100533,100,99484,100,100577,100,98851,100,100587,100,,,100651,100,,
2019-06-28 09:56:50.000000000,100147,204,100109,204,100163,204,100076,204,100199,204,100060,204,100297,204,99818,204,100373,100,99775,100,100524,100,99567,100,100533,100,99484,100,100577,100,98851,100,100587,100,,,100651,100,,
2019-06-28 09:57:00.000000000,100147,515,100109,515,100163,100,100076,100,100199,100,100060,100,100297,100,99818,100,100373,100,99775,100,100524,100,99567,100,100533,100,99484,100,100577,100,98851,100,100587,100,,,100651,100,,
2019-06-28 09:57:10.000000000,100147,241,100109,241,100163,237,100076,237,100199,237,100060,237,100297,100,99818,100,100373,100,99775,100,100524,100,99567,100,100533,100,99484,100,100577,100,98851,100,100587,100,,,100651,100,,
2019-06-28 09:57:10.980453580,100147,241,100109,141,100163,237,100076,237,100199,237,100060,237,100297,100,99818,100,100373,100,99775,100,100524,100,99567,100,100533,100,99484,100,100577,100,98851,100,100587,100,,,100651,100,,
2019-06-28 09:57:14.119259114,100147,241,100109,141,100163,237,100076,237,100199,137,100060,237,100297,100,99818,100,100373,100,99775,100,100524,100,99567,100,100533,100,99484,100,100577,100,98851,100,100587,100,98785,100,100651,100,,
2019-06-28 09:57:20.000000000,100147,183,100076,183,100163,183,100060,183,100297,183,99818,183,100373,183,99775,183,100524,183,99567,183,100533,100,99484,100,100577,100,98851,100,100587,100,98785,100,100651,100,,,100842,100,,
2019-06-28 09:57:20.379821708,100123,100,100076,183,100147,183,100060,183,100163,183,99818,183,100297,183,99775,183,100373,183,99567,183,100524,183,99484,100,100533,100,98851,100,100577,100,98785,100,100587,100,,,100651,100,,
2019-06-28 09:57:30.000000000,100123,241,100076,241,100147,237,100060,237,100163,237,99818,237,100297,100,99775,100,100373,100,99567,100,100524,100,99484,100,100533,100,98851,100,100577,100,98785,100,100587,100,,,100651,100,,
2019-06-28 09:57:40.000000000,100123,204,100076,204,100147,204,100060,204,100163,204,99818,204,100297,204,99775,204,100373,100,99567,100,100524,100,99484,100,100533,100,98851,100,100577,100,98785,100,100587,100,,,100651,100,,
2019-06-28 09:57:50.000000000,100123,515,100076,515,100147,100,100060,100,100163,100,99818,100,100297,100,99775,100,100373,100,99567,100,100524,100,99484,100,100533,100,98851,100,100577,100,98785,100,100587,100,,,100651,100,,
2019-06-28 09:57:59.567247334,100123,515,100076,515,100147,100,100060,100,100163,100,99818,100,100297,100,99775,100,100373,100,99567,100,100524,100,99484,100,100533,100,99361,100,100577,100,98851,100,100587,100,98785,100,100651,100,,
2019-06-28 09:58:00.000000000,100123,183,100076,183,100147,183,100060,183,100163,183,99818,183,100297,183,99775,183,100373,183,99567,183,100524,100,99484,100,100533,100,99361,100,100577,100,98851,100,100587,100,98785,100,100651,100,,
2019-06-28 09:58:10.000000000,100123,241,100076,241,100147,237,100060,237,100163,237,99818,237,100297,100,99775,100,100373,100,99567,100,100524,100,99484,100,100533,100,99361,100,100577,100,98851,100,100587,100,98785,100,100651,100,,
2019-06-28 09:58:11.180492731,100123,241,100076,141,100147,237,100060,237,100163,237,99818,237,100297,100,99775,100,100373,100,99567,100,100524,100,99484,100,100533,100,99361,100,100577,100,98851,100,100587,100,98785,100,100651,100,,
2019-06-28 09:58:12.478017406,100109,100,100076,141,100123,241,100060,237,100147,237,99818,237,100163,237,99775,100,100297,100,99567,100,100373,100,99484,100,100524,100,99361,100,100533,100,98851,100,100577,100,98785,100,100587,100,,
2019-06-28 09:58:20.000000000,100109,241,100060,241,100123,237,99818,237,100147,237,99775,237,100163,100,99567,100,100297,100,99484,100,100373,100,99361,100,100524,100,98851,100,100533,100,98785,100,100577,100,,,100587,100,,
2019-06-28 09:58:30.000000000,100109,241,100060,241,100123,237,99818,237,100147,237,99775,237,100163,100,99567,100,100297,100,99484,100,100373,100,99361,100,100524,100,98851,100,100533,100,98785,100,100577,100,,,100587,100,,
2019-06-28 09:58:36.618978998,100109,241,100060,241,100123,237,99818,237,100147,237,99775,237,100163,100,99567,100,100297,100,99484,100,100373,100,99361,100,100524,100,99177,100,100533,100,98851,100,100577,100,98785,100,100587,100,,
2019-06-28 09:58:40.000000000,100109,183,100060,183,100123,183,99818,183,100147,183,99775,183,100163,183,99567,183,100297,183,99484,183,100373,100,99361,100,100524,100,99177,100,100533,100,98851,100,100577,100,98785,100,100587,100,,
2019-06-28 09:58:50.000000000,100109,183,100060,183,100123,183,99818,183,100147,183,99775,183,100163,183,99567,183,100297,183,99484,183,100373,100,99361,100,100524,100,99177,100,100533,100,98851,100,100577,100,98785,100,100587,100,,
2019-06-28 09:58:54.731632474,100109,183,100060,83,100123,183,99818,183,100147,183,99775,183,100163,183,99567,183,100297,183,99484,183,100373,100,99361,100,100524,100,99177,100,100533,100,98851,100,100577,100,98785,100,100587,100,,
2019-06-28 09:59:00.000000000,100109,204,99818,204,100123,204,99775,204,100147,204,99567,204,100163,204,99484,204,100297,100,99361,100,100373,100,99177,100,100524,100,98851,100,100533,100,98785,100,100577,100,,,100587,100,,
2019-06-28 09:59:10.000000000,100109,308,99818,308,100123,308,99775,308,100147,100,99567,100,100163,100,99484,100,100297,100,99361,100,100373,100,99177,100,100524,100,98851,100,100533,100,98785,100,100577,100,,,100587,100,,
2019-06-28 09:59:14.460519430,100109,308,99818,208,100123,308,99775,308,100147,100,99567,100,100163,100,99484,100,100297,100,99361,100,100373,100,99177,100,100524,100,98851,100,100533,100,98785,100,100577,100,,,100587,100,,
2019-06-28 09:59:17.224458686,100109,308,99818,108,100123,308,99775,308,100147,100,99567,100,100163,100,99484,100,100297,100,99361,100,100373,100,99177,100,100524,100,98851,100,100533,100,98785,100,100577,100,,,100587,100,,
2019-06-28 09:59:20.000000000,100109,183,99775,183,100123,183,99567,183,100147,183,99484,183,100163,183,99361,183,100297,183,99177,183,100373,100,98851,100,100524,100,98785,100,100533,100,,,100577,100,,,100587,100,,
2019-06-28 09:59:23.822757684,100109,183,99775,83,100123,183,99567,183,100147,183,99484,183,100163,183,99361,183,100297,183,99177,183,100373,100,98851,100,100524,100,98785,100,100533,100,,,100577,100,,,100587,100,,
2019-06-28 09:59:24.453370060,100109,183,99775,83,100123,183,99567,183,100147,183,99484,183,100163,183,99361,183,100297,183,99177,183,100373,100,98942,100,100524,100,98851,100,100533,100,98785,100,100577,100,,,100587,100,,
2019-06-28 09:59:25.426350175,99775,17,99567,183,100109,183,99484,183,100123,183,99361,183,100147,183,99177,183,100163,183,98942,100,100297,183,98851,100,100524,100,98785,100,100533,100,,,100577,100,,,100587,100,,
2019-06-28 09:59:27.660120461,99775,17,99567,83,100109,183,99484,183,100123,183,99361,183,100147,183,99177,183,100163,183,98942,100,100297,183,98851,100,100524,100,98785,100,100533,100,,,100577,100,,,100587,100,,
2019-06-28 09:59:30.000000000,99775,158,99484,241,100109,237,99361,237,100123,237,99177,237,100147,100,98942,100,100163,100,98851,100,100297,100,98785,100,100524,100,,,100533,100,,,100577,100,,,100587,100,,
2019-06-28 09:59:38.297718238,99775,158,99484,241,100109,237,99361,237,100123,237,99359,100,100147,100,99177,237,100163,100,98942,100,100297,100,98851,100,100524,100,98785,100,100533,100,,,100577,100,,,100587,100,,
2019-06-28 09:59:40.000000000,99775,100,99484,183,100109,183,99361,183,100123,183,99359,183,100147,183,99177,183,100163,183,98942,183,100297,100,98851,100,100524,100,98785,100,100533,100,,,100577,100,,,100587,100,,
2019-06-28 09:59:46.745753381,99775,100,99484,183,100109,183,99361,183,100123,83,99359,183,100147,183,99177,183,100163,183,98942,183,100297,100,98851,100,100524,100,98785,100,100533,100,,,100577,100,,,100587,100,,
2019-06-28 09:59:50.000000000,99775,100,99484,183,100109,183,99361,183,100147,183,99359,183,100163,183,99177,183,100297,183,98942,183,100524,100,98851,100,100533,100,98785,100,100577,100,,,100587,100,,,,,,
2019-06-28 09:59:53.129118735,99775,100,99484,183,100109,183,99361,183,100147,183,99359,183,100163,183,99177,183,100297,183,99055,100,100524,100,98942,183,100533,100,98851,100,100577,100,98785,100,100587,100,,,,,,
2019-06-28 09:59:55.812448904,99775,100,99484,83,100109,183,99361,183,100147,183,99359,183,100163,183,99177,183,100297,183,99055,100,100524,100,98942,183,100533,100,98851,100,100577,100,98785,100,100587,100,,,,,,
2019-06-28 09:59:56.252253847,99484,17,99361,183,99775,100,99359,183,100109,183,99177,183,100147,183,99055,100,100163,183,98942,183,100297,183,98851,100,100524,100,98785,100,100533,100,,,100577,100,,,100587,100,,
2019-06-28 10:00:00.000000000,99484,432,99361,515,99775,17,99359,100,100109,100,99177,100,100147,100,99055,100,100163,100,98942,100,100297,100,98851,100,100524,100,98785,100,100533,100,,,100577,100,,,100587,100,,
2019-06-28 10:00:09.897085614,99484,432,99361,515,99775,17,99359,100,100109,100,99177,100,100147,100,99055,100,100163,100,98951,100,100297,100,98942,100,100524,100,98851,100,100533,100,98785,100,100577,100,,,100587,100,,
2019-06-28 10:00:10.000000000,99484,100,99361,183,99775,100,99359,183,100109,183,99177,183,100147,183,99055,183,100163,183,98951,183,100297,100,98942,100,100524,100,98851,100,100533,100,98785,100,100577,100,,,100587,100,,
2019-06-28 10:00:12.880730426,99484,100,99361,183,99775,100,99359,183,100109,183,99177,183,100147,183,99170,100,100163,183,99055,183,100297,100,98951,183,100524,100,98942,100,100533,100,98851,100,100577,100,98785,100,100587,100,,
2019-06-28 10:00:13.026118027,99484,100,99361,183,99775,100,99359,183,100109,183,99177,183,100147,183,99170,100,100163,183,99117,100,100524,100,99055,183,100533,100,98951,183,100577,100,98942,100,100587,100,98851,100,,,98785,100
2019-06-28 10:00:14.238036045,99484,100,99361,183,99775,100,99359,183,100109,183,99201,100,100147,183,99177,183,100163,183,99170,100,100524,100,99117,100,100533,100,99055,183,100577,100,98951,183,100587,100,98942,100,,,98851,100
2019-06-28 10:00:20.000000000,99484,100,99361,183,99775,100,99359,183,100109,183,99201,183,100147,183,99177,183,100163,183,99170,183,100524,100,99117,100,100533,100,99055,100,100577,100,98951,100,100587,100,98942,100,,,98851,100
2019-06-28 10:00:21.979507272,99484,200,99361,183,99775,100,99359,183,100109,183,99201,183,100147,183,99177,183,100163,183,99170,183,100524,100,99117,100,100533,100,99055,100,100577,100,98951,100,100587,100,98942,100,,,98851,100
2019-06-28 10:00:30.000000000,99484,200,99361,183,99775,100,99359,183,100109,183,99201,183,100147,183,99177,183,100163,183,99170,183,100524,100,99117,100,100533,100,99055,100,100577,100,98951,100,100587,100,98942,100,,,98851,100
2019-06-28 10:00:37.431663507,99484,300,99361,183,99775,100,99359,183,100109,183,99201,183,100147,183,99177,183,100163,183,99170,183,100524,100,99117,100,100533,100,99055,100,100577,100,98951,100,100587,100,98942,100,,,98851,100
2019-06-28 10:00:40.000000000,99484,321,99361,204,99775,121,99359,204,100109,204,99201,204,100147,204,99177,204,100163,100,99170,100,100524,100,99117,100,100533,100,99055,100,100577,100,98951,100,100587,100,98942,100,,,98851,100
2019-06-28 10:00:45.266725979,99484,321,99361,204,99775,121,99359,204,100109,204,99201,204,100147,204,99177,204,100163,100,99170,100,100524,100,99117,100,100533,100,99055,100,100577,100,99015,100,100587,100,98951,100,,,98851,100
2019-06-28 10:00:50.000000000,99484,300,99361,183,99775,100,99359,183,100109,183,99201,183,100147,183,99177,183,100163,183,99170,183,100524,100,99117,100,100533,100,99055,100,100577,100,99015,100,100587,100,98951,100,,,98851,100
2019-06-28 10:01:00.000000000,99484,358,99361,241,99775,154,99359,237,100109,237,99201,237,100147,100,99177,100,100163,100,99170,100,100524,100,99117,100,100533,100,99055,100,100577,100,99015,100,100587,100,98951,100,,,98851,100
2019-06-28 10:01:03.403169818,99484,358,99361,141,99775,154,99359,237,100109,237,99201,237,100147,100,99177,100,100163,100,99170,100,100524,100,99117,100,100533,100,99055,100,100577,100,99015,100,100587,100,98951,100,,,98851,100
2019-06-28 10:01:10.000000000,99484,321,99359,204,99775,121,99201,204,100109,204,99177,204,100147,204,99170,204,100163,100,99117,100,100524,100,99055,100,100533,100,99015,100,100577,100,98951,100,100587,100,98851,100,,,98785,100
2019-06-28 10:01:14.378159990,99484,321,99362,100,99775,121,99359,204,100109,204,99201,204,100147,204,99177,204,100163,100,99170,204,100524,100,99117,100,100533,100,99055,100,100577,100,99015,100,100587,100,98951,100,,,98851,100
2019-06-28 10:01:20.000000000,99484,300,99362,183,99775,100,99359,183,100109,183,99201,183,100147,183,99177,183,100163,183,99170,183,100524,100,99117,100,100533,100,99055,100,100577,100,99015,100,100587,100,98951,100,,,98851,100
2019-06-28 10:01:30.000000000,99484,358,99362,241,99775,154,99359,237,100109,237,99201,237,100147,100,99177,100,100163,100,99170,100,100524,100,99117,100,100533,100,99055,100,100577,100,99015,100,100587,100,98951,100,,,98851,100
2019-06-28 10:01:31.832350720,99484,358,99410,100,99775,154,99362,241,100109,237,99359,237,100147,100,99201,237,100163,100,99177,100,100524,100,99170,100,100533,100,99117,100,100577,100,99055,100,100587,100,99015,100,,,98951,100
2019-06-28 10:01:38.531943837,99484,358,99410,100,99775,154,99362,241,100109,237,99359,237,100147,100,99344,100,100163,100,99201,137,100524,100,99177,100,100533,100,99170,100,100577,100,99117,100,100587,100,99055,100,,,99015,100
2019-06-28 10:01:40.000000000,99484,321,99410,204,99775,121,99362,204,100109,204,99359,204,100147,204,99344,204,100163,100,99177,100,100524,100,99170,100,100533,100,99117,100,100577,100,99055,100,100587,100,99015,100,,,98951,100
2019-06-28 10:01:40.783467330,99483,100,99410,204,99484,321,99362,204,99775,121,99359,204,100109,104,99344,204,100147,204,99177,100,100163,100,99170,100,100524,100,99117,100,100533,100,99055,100,100577,100,99015,100,100587,100,98951,100
2019-06-28 10:01:43.497420357,99483,100,99410,204,99484,321,99362,204,99512,100,99359,204,99775,121,99344,204,100109,104,99177,100,100147,204,99170,100,100524,100,99117,100,100533,100,99055,100,100577,100,99015,100,100587,100,98951,100
2019-06-28 10:01:50.000000000,99483,241,99410,241,99484,354,99362,237,99512,237,99359,237,99775,17,99344,100,100147,100,99177,100,100524,100,99170,100,100533,100,99117,100,100577,100,99055,100,100587,100,99015,100,,,98951,100
2019-06-28 10:01:50.583126768,99483,241,99410,241,99484,354,99362,337,99512,237,99359,237,99775,17,99344,100,100147,100,99177,100,100524,100,99170,100,100533,100,99117,100,100577,100,99055,100,100587,100,99015,100,,,98951,100
2019-06-28 10:02:00.000000000,99483,308,99410,308,99484,425,99362,408,99512,100,99359,100,99775,17,99344,100,100147,100,99177,100,100524,100,99170,100,100533,100,99117,100,100577,100,99055,100,100587,100,99015,100,,,98951,100
2019-06-28 10:02:10.000000000,99483,308,99410,308,99484,425,99362,408,99512,100,99359,100,99775,17,99344,100,100147,100,99177,100,100524,100,99170,100,100533,100,99117,100,100577,100,99055,100,100587,100,99015,100,,,98951,100
2019-06-28 10:02:13.483211200,99483,308,99410,208,99484,425,99362,408,99512,100,99359,100,99775,17,99344,100,100147,100,99177,100,100524,100,99170,100,100533,100,99117,100,100577,100,99055,100,100587,100,99015,100,,,98951,100
2019-06-28 10:02:18.511885813,99483,308,99410,208,99484,425,99362,408,99512,100,99359,100,99775,17,99344,100,100147,100,99177,100,100524,100,99133,100,100533,100,99117,100,100577,100,99055,100,100587,100,99015,100,,,98951,100
2019-06-28 10:02:20.000000000,99483,308,99362,408,99484,425,99359,308,99512,100,99344,100,99775,17,99177,100,100147,100,99133,100,100524,100,99117,100,100533,100,99055,100,100577,100,99015,100,100587,100,98951,100,,,98851,100
2019-06-28 10:02:23.979595000,99483,308,99362,308,99484,425,99359,308,99512,100,99344,100,99775,17,99177,100,100147,100,99133,100,100524,100,99117,100,100533,100,99055,100,100577,100,99015,100,100587,100,98951,100,,,98851,100
2019-06-28 10:02:25.818801292,99483,308,99419,100,99484,425,99362,308,99512,100,99359,308,99775,17,99344,100,100147,100,99177,100,100524,100,99133,100,100533,100,99117,100,100577,100,99055,100,100587,100,99015,100,,,98951,100
2019-06-28 10:02:25.906183851,99483,308,99362,308,99484,425,99359,308,99512,100,99344,100,99775,17,99177,100,100147,100,99133,100,100524,100,99117,100,100533,100,99055,100,100577,100,99015,100,100587,100,98951,100,,,98851,100
2019-06-28 10:02:27.546396976,99483,308,99363,100,99484,425,99362,308,99512,100,99359,308,99775,17,99344,100,100147,100,99177,100,100524,100,99133,100,100533,100,99117,100,100577,100,99055,100,100587,100,99015,100,,,98951,100
2019-06-28 10:02:30.000000000,99483,183,99363,183,99484,300,99362,183,99512,183,99359,183,99775,100,99344,183,100147,183,99177,183,100524,100,99133,100,100533,100,99117,100,100577,100,99055,100,100587,100,99015,100,,,98951,100
2019-06-28 10:02:40.000000000,99483,204,99363,204,99484,321,99362,204,99512,204,99359,204,99775,121,99344,204,100147,100,99177,100,100524,100,99133,100,100533,100,99117,100,100577,100,99055,100,100587,100,99015,100,,,98951,100
2019-06-28 10:02:50.000000000,99483,515,99363,515,99484,217,99362,100,99512,100,99359,100,99775,17,99344,100,100147,100,99177,100,100524,100,99133,100,100533,100,99117,100,100577,100,99055,100,100587,100,99015,100,,,98951,100
2019-06-28 10:02:55.075325182,99483,515,99363,615,99484,217,99362,100,99512,100,99359,100,99775,17,99344,100,100524,100,99177,100,100533,100,99133,100,100577,100,99117,100,100587,100,99055,100,,,99015,100,,,98951,100
2019-06-28 10:03:00.000000000,99483,241,99363,341,99484,354,99362,237,99512,237,99359,237,99775,17,99344,100,100524,100,99177,100,100533,100,99133,100,100577,100,99117,100,100587,100,99055,100,,,99015,100,,,98951,100
2019-06-28 10:03:10.000000000,99483,308,99363,408,99484,425,99362,308,99512,100,99359,100,99775,17,99344,100,100524,100,99177,100,100533,100,99133,100,100577,100,99117,100,100587,100,99055,100,,,99015,100,,,98951,100
2019-06-28 10:03:20.000000000,99483,515,99363,615,99484,217,99362,100,99512,100,99359,100,99775,17,99344,100,100524,100,99177,100,100533,100,99133,100,100577,100,99117,100,100587,100,99055,100,,,99015,100,,,98951,100
2019-06-28 10:03:30.000000000,99483,308,99363,408,99484,425,99362,308,99512,100,99359,100,99775,17,99344,100,100524,100,99177,100,100533,100,99133,100,100577,100,99117,100,100587,100,99055,100,,,99015,100,,,98951,100
2019-06-28 10:03:40.000000000,99483,183,99363,283,99484,300,99362,183,99512,183,99359,183,99775,100,99344,183,100524,183,99177,183,100533,100,99133,100,100577,100,99117,100,100587,100,99055,100,,,99015,100,,,98951,100
2019-06-28 10:03:50.000000000,99483,515,99363,615,99484,217,99362,100,99512,100,99359,100,99775,17,99344,100,100524,100,99177,100,100533,100,99133,100,100577,100,99117,100,100587,100,99055,100,,,99015,100,,,98951,100
2019-06-28 10:04:00.000000000,99483,183,99363,283,99484,300,99362,183,99512,183,99359,183,99775,100,99344,183,100524,183,99177,183,100533,100,99133,100,100577,100,99117,100,100587,100,99055,100,,,99015,100,,,98951,100
2019-06-28 10:04:10.000000000,99483,204,99363,304,99484,321,99362,204,99512,204,99359,204,99775,121,99344,204,100524,100,99177,100,100533,100,99133,100,100577,100,99117,100,100587,100,99055,100,,,99015,100,,,98951,100
2019-06-28 10:04:10.894321169,99483,204,99363,304,99484,321,99362,204,99512,204,99359,204,99775,121,99344,204,100024,100,99177,100,100524,100,99133,100,100533,100,99117,100,100577,100,99055,100,100587,100,99015,100,,,98951,100
2019-06-28 10:04:15.063702247,99483,204,99363,304,99484,321,99362,204,99512,204,99359,204,99775,121,99344,204,100023,100,99177,100,100024,100,99133,100,100524,100,99055,100,100533,100,99015,100,100577,100,98951,100,100587,100,98785,100
2019-06-28 10:04:17.765171110,99483,104,99363,304,99484,321,99362,204,99512,204,99359,204,99775,121,99344,204,100023,100,99177,100,100024,100,99133,100,100524,100,99055,100,100533,100,99015,100,100577,100,98951,100,100587,100,98785,100
2019-06-28 10:04:18.489053086,99483,104,99419,100,99484,321,99363,304,99512,204,99362,204,99775,121,99359,204,100023,100,99344,204,100024,100,99177,100,100524,100,99133,100,100533,100,99055,100,100577,100,99015,100,100587,100,98951,100
2019-06-28 10:04:18.833117952,99483,4,99419,100,99484,321,99363,304,99512,204,99362,204,99775,121,99359,204,100023,100,99344,204,100024,100,99177,100,100524,100,99133,100,100533,100,99055,100,100577,100,99015,100,100587,100,98951,100
2019-06-28 10:04:20.000000000,99484,358,99419,241,99512,237,99363,337,99775,154,99362,237,100023,100,99359,100,100024,100,99344,100,100524,100,99177,100,100533,100,99133,100,100577,100,99055,100,100587,100,99015,100,,,98951,100
2019-06-28 10:04:25.255602764,99484,258,99419,241,99512,237,99363,337,99775,154,99362,237,100023,100,99359,100,100024,100,99344,100,100524,100,99177,100,100533,100,99133,100,100577,100,99055,100,100587,100,99015,100,,,98951,100
2019-06-28 10:04:30.000000000,99484,200,99419,183,99512,183,99363,283,99775,100,99362,183,100023,183,99359,183,100024,183,99344,183,100524,100,99177,100,100533,100,99133,100,100577,100,99055,100,100587,100,99015,100,,,98951,100
2019-06-28 10:04:40.000000000,99484,221,99419,204,99512,204,99363,304,99775,121,99362,204,100023,204,99359,204,100024,100,99344,100,100524,100,99177,100,100533,100,99133,100,100577,100,99055,100,100587,100,99015,100,,,98951,100
2019-06-28 10:04:50.000000000,99484,532,99419,515,99512,100,99363,200,99775,17,99362,100,100023,100,99359,100,100024,100,99344,100,100524,100,99177,100,100533,100,99133,100,100577,100,99055,100,100587,100,99015,100,,,98951,100
2019-06-28 10:05:00.000000000,99484,221,99419,204,99512,204,99363,304,99775,121,99362,204,100023,204,99359,204,100024,100,99344,100,100524,100,99177,100,100533,100,99133,100,100577,100,99055,100,100587,100,99015,100,,,98951,100
2019-06-28 10:05:10.000000000,99484,532,99419,515,99512,100,99363,200,99775,17,99362,100,100023,100,99359,100,100024,100,99344,100,100524,100,99177,100,100533,100,99133,100,100577,100,99055,100,100587,100,99015,100,,,98951,100
2019-06-28 10:05:20.000000000,99484,325,99419,308,99512,308,99363,408,99775,17,99362,100,100023,100,99359,100,100024,100,99344,100,100524,100,99177,100,100533,100,99133,100,100577,100,99055,100,100587,100,99015,100,,,98951,100
2019-06-28 10:05:20.495440648,99484,225,99419,308,99512,308,99363,408,99775,17,99362,100,100023,100,99359,100,100024,100,99344,100,100524,100,99177,100,100533,100,99133,100,100577,100,99015,100,100587,100,98951,100,,,98785,100
2019-06-28 10:05:30.000000000,99484,158,99419,241,99512,237,99363,337,99775,154,99362,237,100023,100,99359,100,100024,100,99344,100,100524,100,99177,100,100533,100,99133,100,100577,100,99015,100,100587,100,98951,100,,,98785,100
2019-06-28 10:05:38.564699740,99484,158,99419,241,99512,237,99363,337,99633,100,99362,237,99775,154,99359,100,100023,100,99344,100,100024,100,99177,100,100524,100,99133,100,100533,100,99015,100,100577,100,98951,100,100587,100,,
2019-06-28 10:05:40.000000000,99484,225,99419,308,99512,308,99363,408,99633,100,99362,100,99775,17,99359,100,100023,100,99344,100,100024,100,99177,100,100524,100,99133,100,100533,100,99015,100,100577,100,98951,100,100587,100,,
2019-06-28 10:05:45.332104716,99484,225,99419,308,99512,308,99413,100,99633,100,99363,408,99775,17,99362,100,100023,100,99359,100,100024,100,99344,100,100524,100,99177,100,100533,100,99133,100,100577,100,99015,100,100587,100,98951,100
2019-06-28 10:05:47.923844537,99484,225,99419,308,99512,308,99413,100,99633,100,99374,100,99775,17,99363,408,100023,100,99362,100,100024,100,99359,100,100524,100,99344,100,100533,100,99177,100,100577,100,99133,100,100587,100,99015,100
2019-06-28 10:05:48.132945545,99484,225,99419,308,99512,308,99413,100,99633,100,99374,100,99775,17,99363,408,99864,100,99362,100,100023,100,99359,100,100024,100,99344,100,100524,100,99177,100,100533,100,99133,100,100577,100,99015,100
2019-06-28 10:05:50.000000000,99484,121,99419,204,99512,204,99413,204,99633,204,99374,204,99775,121,99363,304,99864,100,99362,100,100023,100,99359,100,100024,100,99344,100,100524,100,99177,100,100533,100,99133,100,100577,100,99015,100
2019-06-28 10:05:57.564117718,99483,100,99419,204,99484,121,99413,204,99512,204,99374,204,99633,204,99363,304,99775,121,99362,100,99864,100,99359,100,100023,100,99344,100,100024,100,99177,100,100524,100,99133,100,100533,100,99015,100
2019-06-28 10:06:00.000000000,99483,183,99419,183,99484,100,99413,183,99512,183,99374,183,99633,183,99363,283,99775,100,99362,183,99864,100,99359,100,100023,100,99344,100,100024,100,99177,100,100524,100,99133,100,100533,100,99015,100
2019-06-28 10:06:10.000000000,99483,308,99419,308,99484,225,99413,308,99512,100,99374,100,99633,100,99363,200,99775,17,99362,100,99864,100,99359,100,100023,100,99344,100,100024,100,99177,100,100524,100,99133,100,100533,100,99015,100
2019-06-28 10:06:11.146738206,99483,208,99419,208,99484,225,99413,308,99512,100,99374,100,99633,100,99363,200,99775,17,99362,100,99864,100,99359,100,100023,100,99344,100,100024,100,99177,100,100524,100,99133,100,100533,100,99015,100
2019-06-28 10:06:20.000000000,99484,432,99413,515,99512,100,99374,100,99633,100,99363,200,99775,17,99362,100,99864,100,99359,100,100023,100,99344,100,100024,100,99177,100,100524,100,99133,100,100533,100,99015,100,100577,100,98951,100
2019-06-28 10:06:30.000000000,99484,432,99413,515,99512,100,99374,100,99633,100,99363,200,99775,17,99362,100,99864,100,99359,100,100023,100,99344,100,100024,100,99177,100,100524,100,99133,100,100533,100,99015,100,100577,100,98951,100
2019-06-28 10:06:40.000000000,99484,432,99413,515,99512,100,99374,100,99633,100,99363,200,99775,17,99362,100,99864,100,99359,100,100023,100,99344,100,100024,100,99177,100,100524,100,99133,100,100533,100,99015,100,100577,100,98951,100
2019-06-28 10:06:50.000000000,99484,100,99413,183,99512,183,99374,183,99633,183,99363,283,99775,100,99362,183,99864,183,99359,183,100023,100,99344,100,100024,100,99177,100,100524,100,99133,100,100533,100,99015,100,100577,100,98951,100
2019-06-28 10:06:57.841544052,99469,100,99413,83,99484,100,99374,183,99512,183,99363,283,99633,183,99362,183,99775,100,99359,183,99864,183,99344,100,100023,100,99177,100,100024,100,99133,100,100524,100,99015,100,100533,100,98951,100
2019-06-28 10:07:00.000000000,99469,183,99374,183,99484,100,99363,283,99512,183,99362,183,99633,183,99359,183,99775,100,99344,183,99864,100,99177,100,100023,100,99133,100,100024,100,99015,100,100524,100,98951,100,100533,100,,
2019-06-28 10:07:10.000000000,99469,241,99374,241,99484,154,99363,337,99512,237,99362,237,99633,100,99359,100,99775,17,99344,100,99864,100,99177,100,100023,100,99133,100,100024,100,99015,100,100524,100,98951,100,100533,100,,
2019-06-28 10:07:12.695886277,99469,141,99374,241,99484,154,99363,337,99512,237,99362,237,99633,100,99359,100,99775,17,99344,100,99864,100,99177,100,100023,100,99133,100,100024,100,99015,100,100524,100,98951,100,100533,100,,
2019-06-28 10:07:20.000000000,99484,121,99374,204,99512,204,99363,304,99633,204,99362,204,99775,121,99359,204,99864,100,99344,100,100023,100,99177,100,100024,100,99133,100,100524,100,99015,100,100533,100,98951,100,100577,100,,
2019-06-28 10:07:30.000000000,99484,121,99374,204,99512,204,99363,304,99633,204,99362,204,99775,121,99359,204,99864,100,99344,100,100023,100,99177,100,100024,100,99133,100,100524,100,99015,100,100533,100,98951,100,100577,100,,
2019-06-28 10:07:40.000000000,99484,432,99374,515,99512,100,99363,200,99633,100,99362,100,99775,17,99359,100,99864,100,99344,100,100023,100,99177,100,100024,100,99133,100,100524,100,99015,100,100533,100,98951,100,100577,100,,
2019-06-28 10:07:41.109068884,99484,332,99374,515,99512,100,99363,200,99633,100,99362,100,99775,17,99359,100,100023,100,99344,100,100024,100,99177,100,100524,100,99133,100,100533,100,99015,100,100577,100,98951,100,100587,100,,
2019-06-28 10:07:43.727049563,99484,332,99374,515,99512,100,99363,200,99633,100,99362,100,99655,100,99359,100,99775,17,99344,100,100023,100,99177,100,100024,100,99133,100,100524,100,99015,100,100533,100,98951,100,100577,100,,
2019-06-28 10:07:50.000000000,99512,308,99374,308,99633,308,99363,408,99655,100,99362,100,99775,17,99359,100,100023,100,99344,100,100024,100,99177,100,100524,100,99133,100,100533,100,99015,100,100577,100,98951,100,100587,100,,
2019-06-28 10:07:55.755776304,99512,308,99374,308,99633,308,99363,408,99655,100,99362,100,99768,100,99359,100,99775,17,99344,100,100023,100,99177,100,100024,100,99133,100,100524,100,99015,100,100533,100,98951,100,100577,100,,
2019-06-28 10:08:00.000000000,99512,515,99374,515,99633,100,99363,200,99655,100,99362,100,99768,100,99359,100,99775,17,99344,100,100023,100,99177,100,100024,100,99133,100,100524,100,99015,100,100533,100,98951,100,100577,100,,
2019-06-28 10:08:07.117931770,99512,515,99469,100,99633,100,99374,515,99655,100,99363,200,99768,100,99362,100,99775,17,99359,100,100023,100,99344,100,100024,100,99177,100,100524,100,99133,100,100533,100,99015,100,100577,100,98951,100
2019-06-28 10:08:08.887475954,99512,515,99477,100,99633,100,99469,100,99655,100,99374,515,99768,100,99363,200,99775,17,99362,100,100023,100,99359,100,100024,100,99177,100,100524,100,99133,100,100533,100,99015,100,100577,100,98951,100
2019-06-28 10:08:08.974786482,99512,415,99477,100,99633,100,99469,100,99655,100,99374,515,99768,100,99363,200,99775,17,99362,100,100023,100,99359,100,100024,100,99177,100,100524,100,99133,100,100533,100,99015,100,100577,100,98951,100
2019-06-28 10:08:10.000000000,99633,515,99477,515,99655,100,99469,100,99768,100,99374,100,99775,17,99363,200,100023,100,99362,100,100024,100,99359,100,100524,100,99177,100,100533,100,99133,100,100577,100,99015,100,100587,100,98951,100
2019-06-28 10:08:11.517469125,99633,515,99477,515,99655,100,99469,100,99768,100,99403,100,99775,17,99374,100,100023,100,99363,200,100524,100,99362,100,100533,100,99359,100,100577,100,99177,100,100587,100,99133,100,,,99015,100
2019-06-28 10:08:20.000000000,99633,241,99477,241,99655,237,99469,237,99768,237,99403,237,99775,17,99374,100,100023,100,99363,200,100524,100,99362,100,100533,100,99359,100,100577,100,99177,100,100587,100,99133,100,,,99015,100
2019-06-28 10:08:30.000000000,99633,204,99477,204,99655,204,99469,204,99768,204,99403,204,99775,121,99374,204,100023,100,99363,200,100524,100,99362,100,100533,100,99359,100,100577,100,99177,100,100587,100,99133,100,,,99015,100
