,ask_price_1,ask_size_1,bid_price_1,bid_size_1,ask_price_2,ask_size_2,bid_price_2,bid_size_2,ask_price_3,ask_size_3,bid_price_3,bid_size_3,ask_price_4,ask_size_4,bid_price_4,bid_size_4,ask_price_5,ask_size_5,bid_price_5,bid_size_5,ask_price_6,ask_size_6,bid_price_6,bid_size_6,ask_price_7,ask_size_7,bid_price_7,bid_size_7,ask_price_8,ask_size_8,bid_price_8,bid_size_8,ask_price_9,ask_size_9,bid_price_9,bid_size_9,ask_price_10,ask_size_10,bid_price_10,bid_size_10
2019-06-28 09:30:00.000000000,100116,100,99964,100,,,,,,,,,,,,,,,,,,,,,,,,,,,,,,,,,,,,
2019-06-28 09:30:00.000000002,,,99964,100,,,,,,,,,,,,,,,,,,,,,,,,,,,,,,,,,,,,
2019-06-28 09:30:00.000000003,100133,100,99964,100,,,,,,,,,,,,,,,,,,,,,,,,,,,,,,,,,,,,
2019-06-28 09:30:00.000000004,99975,100,99964,100,100071,100,99919,100,100133,100,,,,,,,,,,,,,,,,,,,,,,,,,,,,,,
2019-06-28 09:30:00.000000006,99975,100,99964,100,100071,100,99919,100,100133,100,99894,100,,,,,,,,,,,,,,,,,,,,,,,,,,,,
2019-06-28 09:30:00.000000007,99975,100,99964,100,100062,100,99919,100,100071,100,99894,100,100133,100,,,,,,,,,,,,,,,,,,,,,,,,,,
2019-06-28 09:30:00.000000010,99975,100,99965,100,100062,100,99964,100,100071,100,99919,100,100133,100,99894,100,,,,,,,,,,,,,,,,,,,,,,,,
2019-06-28 09:30:00.000000015,99975,100,99965,100,100062,100,99964,200,100071,100,99919,100,100133,100,99894,100,,,,,,,,,,,,,,,,,,,,,,,,
2019-06-28 09:30:00.000000017,99975,100,99965,100,100062,100,99964,200,100071,100,99919,100,100081,100,99894,100,100133,100,,,,,,,,,,,,,,,,,,,,,,
2019-06-28 09:30:00.000000018,99975,100,99965,100,100051,100,99964,200,100062,100,99919,100,100071,100,99894,100,100081,100,99881,100,100133,100,,,,,,,,,,,,,,,,,,
2019-06-28 09:30:00.000000019,99975,100,99965,100,100012,100,99964,200,100051,100,99959,100,100062,100,99919,100,100071,100,99894,100,100081,100,99881,100,100133,100,99791,100,,,,,,,,,,,,
2019-06-28 09:30:00.000000022,99975,100,99965,100,100012,100,99964,200,100026,100,99959,100,100051,100,99919,100,100062,100,99894,100,100071,100,99881,100,100081,100,99791,100,100133,100,,,,,,,,,,
2019-06-28 09:30:00.000000029,99975,100,99965,100,99986,100,99964,200,100012,100,99959,100,100026,100,99919,100,100051,100,99894,100,100062,100,99881,100,100071,100,99791,100,100081,100,,,100133,100,,,,,,
2019-06-28 09:30:00.000000031,99975,100,99965,100,99986,100,99964,200,100012,100,99959,100,100021,100,99919,100,100026,100,99894,100,100051,100,99881,100,100062,100,99791,100,100071,100,,,100081,100,,,100133,100,,
2019-06-28 09:30:00.000000032,99986,100,99965,100,100012,100,99964,200,100021,100,99959,100,100026,100,99919,100,100051,100,99894,100,100062,100,99881,100,100071,100,99791,100,100081,100,,,100133,100,,,,,,
2019-06-28 09:30:00.000000035,99986,100,99965,100,100012,100,99964,200,100021,100,99959,100,100026,100,99919,100,100051,100,99894,100,100062,100,99881,100,100071,100,99791,100,100081,100,,,100116,100,,,100133,100,,
2019-06-28 09:30:00.000000037,100010,100,99965,100,100012,100,99964,200,100021,100,99959,100,100026,100,99919,100,100051,100,99894,100,100062,100,99881,100,100071,100,99791,100,100081,100,,,100116,100,,,100133,100,,
2019-06-28 09:30:00.000000038,100010,100,99965,100,100012,100,99964,200,100021,100,99959,100,100026,100,99928,100,100051,100,99924,100,100062,100,99919,100,100071,100,99894,100,100081,100,99881,100,100116,100,99791,100,100133,100,,
2019-06-28 09:30:00.000000039,100010,100,99975,100,100012,100,99965,100,100021,100,99964,200,100026,100,99959,100,100034,100,99928,100,100051,100,99924,100,100062,100,99919,100,100071,100,99894,100,100081,100,99881,100,100116,100,99791,100
2019-06-28 09:30:00.000000040,100010,100,99975,100,100012,100,99965,100,100021,100,99964,200,100026,100,99959,100,100034,100,99928,100,100051,100,99924,100,100062,100,99919,100,100071,100,99894,100,100081,100,99881,100,100116,100,99791,100
2019-06-28 09:30:00.000000042,99986,100,99975,100,100010,100,99965,100,100012,100,99964,200,100021,100,99959,100,100026,100,99928,100,100034,100,99924,100,100051,100,99919,100,100062,100,99894,100,100071,100,99881,100,100081,100,99791,100
2019-06-28 09:30:00.000000043,99986,100,99975,200,100010,100,99965,100,100012,100,99964,200,100021,100,99959,100,100026,100,99928,100,100034,100,99924,100,100051,100,99919,100,100062,100,99894,100,100071,100,99881,100,100081,100,99846,100
2019-06-28 09:30:00.000000045,99986,100,99975,200,100010,100,99965,100,100012,100,99964,200,100021,100,99959,100,100025,100,99928,100,100026,100,99924,100,100034,100,99919,100,100051,100,99894,100,100062,100,99881,100,100071,100,99846,100
2019-06-28 09:30:00.000000049,99986,100,99975,200,100010,100,99965,100,100012,100,99964,200,100021,100,99959,100,100025,100,99928,100,100026,100,99924,100,100034,100,99919,100,100051,100,99894,100,100062,100,99881,100,100071,100,99846,100
2019-06-28 09:30:00.000000050,99986,100,99975,200,100010,100,99965,100,100012,100,99964,200,100021,100,99959,100,100025,100,99928,100,100026,100,99924,100,100034,100,99919,100,100051,100,99894,100,100062,100,99881,100,100071,100,99846,100
2019-06-28 09:30:00.000000052,99986,100,99975,300,100010,100,99965,100,100012,100,99964,200,100021,100,99959,100,100025,100,99928,100,100026,100,99924,100,100034,100,99919,100,100051,100,99894,100,100062,100,99881,100,100071,100,99846,100
2019-06-28 09:30:00.000000055,99986,100,99975,300,100010,100,99965,100,100012,100,99964,200,100021,100,99959,100,100025,100,99928,100,100026,100,99924,200,100034,100,99919,100,100051,100,99910,100,100062,100,99894,100,100071,100,99881,100
2019-06-28 09:30:00.000000056,100010,100,99975,300,100012,100,99965,100,100021,100,99964,200,100025,100,99959,100,100026,100,99928,100,100034,100,99924,200,100051,100,99919,100,100062,100,99910,100,100071,100,99894,100,100081,100,99881,100
2019-06-28 09:30:00.000000065,100010,100,99975,300,100012,100,99965,100,100021,100,99964,200,100023,100,99959,100,100025,100,99928,100,100026,100,99924,200,100034,100,99919,100,100051,100,99910,100,100062,100,99894,100,100071,100,99881,100
2019-06-28 09:30:00.000000068,100010,100,99986,100,100012,100,99975,300,100021,100,99965,100,100023,100,99964,200,100025,100,99959,100,100026,100,99928,100,100034,100,99924,200,100051,100,99919,100,100062,100,99910,100,100071,100,99894,100
2019-06-28 09:30:00.000000070,100010,100,100008,100,100012,100,99986,100,100021,100,99975,300,100023,100,99965,100,100025,100,99964,200,100026,100,99959,100,100034,100,99928,100,100051,100,99924,200,100062,100,99919,100,100071,100,99910,100
2019-06-28 09:30:00.000000071,100010,100,100008,100,100012,100,99986,200,100021,100,99975,300,100023,100,99973,100,100025,100,99965,100,100026,100,99964,200,100034,100,99959,100,100051,100,99928,100,100062,100,99924,200,100071,100,99919,100
2019-06-28 09:30:00.000000075,100010,100,100008,100,100012,100,99986,200,100021,100,99975,300,100023,100,99973,100,100025,100,99965,100,100026,100,99964,200,100034,100,99959,100,100051,100,99928,100,100061,100,99924,200,100062,100,99919,100
2019-06-28 09:30:00.000000076,100010,100,100008,100,100012,100,99986,200,100021,100,99975,300,100023,100,99973,100,100025,100,99965,100,100026,100,99964,200,100034,100,99959,100,100051,100,99928,100,100061,100,99924,200,100062,100,99919,100
2019-06-28 09:30:00.000000079,100010,100,100008,100,100012,100,99986,200,100021,100,99975,300,100023,100,99973,100,100025,100,99967,100,100026,100,99965,100,100034,100,99964,200,100051,100,99959,100,100061,100,99928,100,100062,100,99924,200
2019-06-28 09:30:00.000000080,100010,100,100008,100,100012,100,99986,200,100021,100,99975,300,100023,100,99973,100,100025,100,99967,100,100026,100,99965,100,100034,100,99964,200,100051,100,99959,100,100061,100,99928,100,100062,100,99924,200
2019-06-28 09:30:00.000000082,100010,100,100008,100,100012,100,99986,200,100021,100,99975,300,100023,100,99973,100,100025,100,99967,100,100026,100,99965,100,100034,100,99964,200,100051,100,99959,100,100061,100,99928,100,100062,100,99924,200
2019-06-28 09:30:00.000000083,100010,100,100008,100,100012,100,99986,200,100021,100,99975,300,100023,100,99973,100,100025,100,99967,100,100026,100,99965,100,100034,100,99964,200,100044,100,99959,100,100051,100,99928,100,100061,100,99924,200
2019-06-28 09:30:00.000000084,100010,100,100008,100,100012,100,99986,200,100021,100,99975,300,100023,100,99973,100,100025,100,99967,100,100026,100,99965,100,100034,100,99964,200,100044,100,99959,100,100051,100,99928,100,100061,100,99924,200
2019-06-28 09:30:00.000000085,100010,100,100008,100,100012,100,99986,200,100021,100,99975,300,100023,100,99973,100,100025,100,99967,100,100026,100,99965,100,100034,100,99964,200,100044,100,99959,100,100051,100,99928,100,100057,100,99924,200
2019-06-28 09:30:00.000000086,100010,100,100008,100,100012,100,99992,100,100021,100,99986,200,100023,100,99975,300,100025,100,99973,100,100026,100,99967,100,100034,100,99965,100,100044,100,99964,200,100051,100,99959,100,100057,100,99929,100
2019-06-28 09:30:00.000000089,100010,100,99992,100,100012,100,99986,200,100021,100,99975,300,100023,100,99973,100,100025,100,99967,100,100026,100,99965,100,100034,100,99964,200,100044,100,99959,100,100051,100,99929,100,100057,100,99928,100
2019-06-28 09:30:00.000000090,100010,100,99992,100,100012,100,99986,200,100021,100,99975,300,100023,100,99973,100,100025,100,99967,100,100026,100,99965,100,100034,100,99964,200,100044,100,99959,100,100051,100,99929,100,100057,100,99928,100
2019-06-28 09:30:00.000000091,100010,100,99993,100,100012,100,99992,100,100021,100,99986,200,100023,100,99975,300,100025,100,99973,100,100026,100,99967,100,100034,100,99965,100,100044,100,99964,200,100051,100,99959,100,100057,100,99929,100
2019-06-28 09:30:00.000000092,100010,100,99993,100,100012,100,99992,100,100021,100,99986,200,100023,100,99975,300,100025,100,99973,100,100026,100,99967,100,100034,100,99965,100,100044,100,99964,200,100051,100,99959,100,100057,100,99929,100
2019-06-28 09:30:00.000000093,100010,100,99993,100,100012,100,99992,100,100021,100,99987,100,100023,100,99986,200,100025,100,99975,300,100026,100,99973,100,100034,100,99967,100,100044,100,99965,100,100051,100,99964,200,100057,100,99959,100
2019-06-28 09:30:00.000000095,100010,100,99993,100,100012,100,99992,100,100021,100,99987,100,100023,100,99986,200,100025,100,99975,300,100026,100,99973,100,100034,100,99967,100,100044,100,99965,100,100051,100,99964,200,100057,100,99959,100
2019-06-28 09:30:00.000000096,100012,100,99993,100,100021,100,99992,100,100023,100,99987,100,100025,100,99986,200,100026,100,99975,300,100034,100,99973,100,100044,100,99967,100,100051,100,99965,100,100057,100,99964,200,100061,100,99959,100
2019-06-28 09:30:00.000000097,100010,100,99992,100,100012,100,99987,100,100021,100,99986,200,100023,100,99975,300,100025,100,99973,100,100026,100,99967,100,100034,100,99965,100,100044,100,99964,200,100051,100,99959,100,100057,100,99929,100
2019-06-28 09:30:00.000000098,100010,100,99992,100,100012,100,99987,100,100021,100,99986,200,100023,100,99975,300,100025,100,99973,100,100026,100,99967,100,100034,100,99965,100,100044,100,99964,200,100051,100,99959,100,100057,100,99929,100
2019-06-28 09:30:02.200681448,100010,200,99992,100,100012,100,99987,100,100021,100,99986,200,100023,100,99975,300,100025,100,99973,100,100026,100,99967,100,100034,100,99965,100,100044,100,99964,200,100051,100,99959,100,100057,100,99929,100
2019-06-28 09:30:10.000000000,100010,502,99992,402,100012,100,99987,100,100021,100,99986,200,100023,100,99975,300,100025,100,99973,100,100026,100,99967,100,100034,100,99965,100,100044,100,99964,200,100051,100,99959,100,100057,100,99929,100
2019-06-28 09:30:20.000000000,100010,502,99992,402,100012,100,99987,100,100021,100,99986,200,100023,100,99975,300,100025,100,99973,100,100026,100,99967,100,100034,100,99965,100,100044,100,99964,200,100051,100,99959,100,100057,100,99929,100
2019-06-28 09:30:24.729429493,100010,502,99992,402,100012,100,99987,100,100021,100,99986,200,100023,100,99975,300,100025,100,99973,100,100026,100,99967,100,100034,100,99965,100,100044,100,99964,200,100051,100,99959,100,100057,100,99929,100
2019-06-28 09:30:29.020612903,100010,502,99992,402,100012,100,99987,100,100021,100,99986,200,100023,100,99975,300,100025,100,99973,100,100026,100,99967,100,100034,100,99965,100,100044,100,99964,200,100051,100,99959,100,100057,100,99928,100
2019-06-28 09:30:30.000000000,100010,260,99992,160,100012,160,99987,160,100021,160,99986,260,100023,160,99975,360,100025,160,99973,160,100026,100,99967,100,100034,100,99965,100,100044,100,99964,200,100051,100,99959,100,100057,100,99928,100
2019-06-28 09:30:33.100291239,100010,260,99992,60,100012,160,99987,160,100021,160,99986,260,100023,160,99975,360,100025,160,99973,160,100026,100,99967,100,100034,100,99965,100,100044,100,99964,200,100051,100,99959,100,100057,100,99928,100
2019-06-28 09:30:40.000000000,100010,260,99987,160,100012,160,99986,260,100021,160,99975,360,100023,160,99973,160,100025,160,99967,160,100026,100,99965,100,100034,100,99964,200,100044,100,99959,100,100051,100,99928,100,100057,100,99924,200
2019-06-28 09:30:41.060782393,100010,260,99987,160,100012,160,99986,260,100021,160,99975,360,100023,160,99973,160,100025,160,99967,160,100026,100,99965,100,100034,100,99964,200,100044,100,99959,100,100051,100,99928,100,100057,100,99924,100
2019-06-28 09:30:50.000000000,100010,502,99987,402,100012,100,99986,200,100021,100,99975,300,100023,100,99973,100,100025,100,99967,100,100026,100,99965,100,100034,100,99964,200,100044,100,99959,100,100051,100,99928,100,100057,100,99924,100
2019-06-28 09:31:00.000000000,100010,260,99987,160,100012,160,99986,260,100021,160,99975,360,100023,160,99973,160,100025,160,99967,160,100026,100,99965,100,100034,100,99964,200,100044,100,99959,100,100051,100,99928,100,100057,100,99924,100
2019-06-28 09:31:10.000000000,100010,502,99987,402,100012,100,99986,200,100021,100,99975,300,100023,100,99973,100,100025,100,99967,100,100026,100,99965,100,100034,100,99964,200,100044,100,99959,100,100051,100,99928,100,100057,100,99924,100
2019-06-28 09:31:20.000000000,100010,351,99987,251,100012,251,99986,351,100021,100,99975,300,100023,100,99973,100,100025,100,99967,100,100026,100,99965,100,100034,100,99964,200,100044,100,99959,100,100051,100,99928,100,100057,100,99924,100
2019-06-28 09:31:30.000000000,100010,276,99987,176,100012,176,99986,276,100021,176,99975,376,100023,176,99973,176,100025,100,99967,100,100026,100,99965,100,100034,100,99964,200,100044,100,99959,100,100051,100,99928,100,100057,100,99924,100
2019-06-28 09:31:40.000000000,100010,276,99987,176,100012,176,99986,276,100021,176,99975,376,100023,176,99973,176,100025,100,99967,100,100026,100,99965,100,100034,100,99964,200,100044,100,99959,100,100051,100,99928,100,100057,100,99924,100
2019-06-28 09:31:50.000000000,100010,303,99987,203,100012,200,99986,300,100021,200,99975,400,100023,100,99973,100,100025,100,99967,100,100026,100,99965,100,100034,100,99964,200,100044,100,99959,100,100051,100,99928,100,100057,100,99924,100
2019-06-28 09:31:55.031764943,100010,303,99987,203,100012,200,99986,300,100021,200,99975,400,100023,100,99973,100,100025,100,99967,100,100026,100,99965,100,100034,100,99964,200,100044,100,99959,100,100051,100,99928,100,100057,100,99924,100
2019-06-28 09:32:00.000000000,100010,276,99987,176,100012,176,99986,276,100021,176,99975,376,100023,176,99973,176,100025,100,99967,100,100026,100,99965,100,100034,100,99964,200,100044,100,99959,100,100051,100,99928,100,100057,100,99924,100
2019-06-28 09:32:01.361035705,99993,100,99987,176,100010,276,99986,276,100012,176,99975,376,100021,176,99973,176,100023,176,99967,100,100025,100,99965,100,100026,100,99964,200,100034,100,99959,100,100044,100,99928,100,100051,100,99924,100
2019-06-28 09:32:02.307559957,99993,100,99987,76,100010,276,99986,276,100012,176,99975,376,100021,176,99973,176,100023,176,99967,100,100025,100,99965,100,100026,100,99964,200,100034,100,99959,100,100044,100,99928,100,100051,100,99924,100
2019-06-28 09:32:10.000000000,99993,402,99986,502,100010,200,99975,300,100012,100,99973,100,100021,100,99967,100,100023,100,99965,100,100025,100,99964,200,100026,100,99959,100,100034,100,99928,100,100044,100,99924,100,100051,100,99919,100
2019-06-28 09:32:16.444155207,99993,402,99986,402,100010,200,99975,300,100012,100,99973,100,100021,100,99967,100,100023,100,99965,100,100025,100,99964,200,100026,100,99959,100,100034,100,99928,100,100044,100,99924,100,100051,100,99919,100
2019-06-28 09:32:20.000000000,99993,402,99986,402,100010,200,99975,300,100012,100,99973,100,100021,100,99967,100,100023,100,99965,100,100025,100,99964,200,100026,100,99959,100,100034,100,99928,100,100044,100,99924,100,100051,100,99919,100
2019-06-28 09:32:20.846644632,99993,402,99986,302,100010,200,99975,300,100012,100,99973,100,100021,100,99965,100,100023,100,99964,200,100025,100,99959,100,100026,100,99928,100,100034,100,99924,100,100044,100,99919,100,100051,100,99894,100
2019-06-28 09:32:23.641838072,99993,402,99986,202,100010,200,99975,300,100012,100,99973,100,100021,100,99965,100,100023,100,99964,200,100025,100,99959,100,100026,100,99928,100,100034,100,99924,100,100044,100,99919,100,100051,100,99894,100
2019-06-28 09:32:29.664917829,99993,402,99986,202,100010,200,99975,300,100012,100,99973,100,100021,100,99965,100,100023,100,99964,200,100025,100,99959,100,100026,100,99928,100,100034,100,99924,100,100044,100,99919,100,100051,100,99894,100
2019-06-28 09:32:30.000000000,99993,251,99975,451,100010,351,99973,251,100012,100,99965,100,100021,100,99964,200,100023,100,99959,100,100025,100,99928,100,100026,100,99924,100,100034,100,99919,100,100044,100,99894,100,100051,100,99877,100
2019-06-28 09:32:32.652458776,99993,251,99975,451,100010,351,99973,251,100021,100,99965,100,100023,100,99964,200,100025,100,99959,100,100026,100,99928,100,100034,100,99924,100,100044,100,99919,100,100051,100,99894,100,100057,100,99877,100
2019-06-28 09:32:34.140154318,99993,251,99975,451,100010,351,99973,251,100021,100,99965,100,100023,100,99964,200,100025,100,99959,100,100026,100,99928,100,100034,100,99924,100,100044,100,99919,100,100051,100,99894,100,100057,100,99877,100
2019-06-28 09:32:40.000000000,99993,176,99975,376,100010,276,99973,176,100021,176,99965,176,100023,176,99964,276,100025,100,99959,100,100026,100,99928,100,100034,100,99924,100,100044,100,99919,100,100051,100,99894,100,100057,100,99877,100
2019-06-28 09:32:50.000000000,99993,203,99975,403,100010,300,99973,200,100021,200,99965,200,100023,100,99964,200,100025,100,99959,100,100026,100,99928,100,100034,100,99924,100,100044,100,99919,100,100051,100,99894,100,100057,100,99877,100
2019-06-28 09:32:54.729567714,99993,203,99975,403,100010,300,99973,200,100021,200,99965,200,100023,100,99964,200,100025,100,99959,100,100026,100,99928,100,100034,100,99924,100,100044,100,99919,100,100051,100,99894,100,100057,100,99877,100
2019-06-28 09:33:00.000000000,99993,203,99975,403,100010,300,99973,200,100021,200,99965,200,100023,100,99964,200,100025,100,99959,100,100026,100,99928,100,100034,100,99924,100,100044,100,99919,100,100051,100,99894,100,100057,100,99877,100
2019-06-28 09:33:10.000000000,99993,176,99975,376,100010,276,99973,176,100021,176,99965,176,100023,176,99964,276,100025,100,99959,100,100026,100,99928,100,100034,100,99924,100,100044,100,99919,100,100051,100,99894,100,100057,100,99877,100
2019-06-28 09:33:19.250595497,99993,176,99975,376,100010,276,99973,176,100021,176,99965,176,100023,176,99964,276,100025,100,99959,100,100026,100,99928,100,100034,100,99924,100,100044,100,99919,100,100051,100,99894,100,100057,100,99877,100
2019-06-28 09:33:20.000000000,99993,203,99975,403,100010,300,99973,200,100021,200,99965,200,100023,100,99964,200,100025,100,99959,100,100026,100,99928,100,100034,100,99924,100,100044,100,99919,100,100051,100,99894,100,100057,100,99877,100
2019-06-28 09:33:30.000000000,99993,160,99975,360,100010,260,99973,160,100021,160,99965,160,100023,160,99964,260,100025,160,99959,160,100026,100,99928,100,100034,100,99924,100,100044,100,99919,100,100051,100,99894,100,100057,100,99877,100
2019-06-28 09:33:40.000000000,99993,251,99975,451,100010,351,99973,251,100021,100,99965,100,100023,100,99964,200,100025,100,99959,100,100026,100,99928,100,100034,100,99924,100,100044,100,99919,100,100051,100,99894,100,100057,100,99877,100
2019-06-28 09:33:50.000000000,99993,160,99975,360,100010,260,99973,160,100021,160,99965,160,100023,160,99964,260,100025,160,99959,160,100026,100,99928,100,100034,100,99924,100,100044,100,99919,100,100051,100,99894,100,100057,100,99877,100
2019-06-28 09:34:00.000000000,99993,203,99975,403,100010,300,99973,200,100021,200,99965,200,100023,100,99964,200,100025,100,99959,100,100026,100,99928,100,100034,100,99924,100,100044,100,99919,100,100051,100,99894,100,100057,100,99877,100
2019-06-28 09:34:10.000000000,99993,402,99975,602,100010,200,99973,100,100021,100,99965,100,100023,100,99964,200,100025,100,99959,100,100026,100,99928,100,100034,100,99924,100,100044,100,99919,100,100051,100,99894,100,100057,100,99877,100
2019-06-28 09:34:14.014266539,99993,402,99975,502,100010,200,99973,100,100021,100,99965,100,100023,100,99964,200,100025,100,99959,100,100026,100,99928,100,100034,100,99924,100,100044,100,99919,100,100051,100,99894,100,100057,100,99877,100
2019-06-28 09:34:16.183930123,99993,402,99975,402,100010,200,99973,100,100021,100,99965,100,100023,100,99964,200,100025,100,99959,100,100026,100,99928,100,100034,100,99924,100,100044,100,99919,100,100051,100,99877,100,100057,100,99868,200
2019-06-28 09:34:20.000000000,99993,203,99975,203,100010,300,99973,200,100021,200,99965,200,100023,100,99964,200,100025,100,99959,100,100026,100,99928,100,100034,100,99924,100,100044,100,99919,100,100051,100,99877,100,100057,100,99868,200
2019-06-28 09:34:23.591759578,99993,203,99975,103,100010,300,99973,200,100021,200,99965,200,100023,100,99964,200,100025,100,99959,100,100026,100,99928,100,100034,100,99924,100,100044,100,99919,100,100051,100,99877,100,100057,100,99868,200
2019-06-28 09:34:24.864309872,99993,203,99975,3,100010,300,99973,200,100021,200,99965,200,100023,100,99964,200,100025,100,99959,100,100026,100,99928,100,100034,100,99924,100,100044,100,99919,100,100051,100,99877,100,100057,100,99868,200
2019-06-28 09:34:26.876637594,99993,203,99975,3,100010,300,99973,200,100021,200,99965,200,100023,100,99964,200,100025,100,99959,100,100026,100,99928,100,100034,100,99924,100,100044,100,99919,100,100051,100,99877,100,100057,100,99868,200
2019-06-28 09:34:30.000000000,99993,402,99973,402,100010,200,99965,100,100021,100,99964,200,100023,100,99959,100,100025,100,99928,100,100026,100,99924,100,100034,100,99919,100,100044,100,99877,100,100051,100,99868,200,100057,100,99846,100
2019-06-28 09:34:40.000000000,99993,203,99973,203,100010,300,99965,200,100021,200,99964,300,100023,100,99959,100,100025,100,99928,100,100026,100,99924,100,100034,100,99919,100,100044,100,99877,100,100051,100,99868,200,100057,100,99846,100
2019-06-28 09:34:50.000000000,99993,402,99973,402,100010,200,99965,100,100021,100,99964,200,100023,100,99959,100,100025,100,99928,100,100026,100,99924,100,100034,100,99919,100,100044,100,99877,100,100051,100,99868,200,100057,100,99846,100
2019-06-28 09:35:00.000000000,99993,251,99973,251,100010,351,99965,251,100021,100,99964,200,100023,100,99959,100,100025,100,99928,100,100026,100,99924,100,100034,100,99919,100,100044,100,99877,100,100051,100,99868,200,100057,100,99846,100
2019-06-28 09:35:10.000000000,99993,160,99973,160,100010,260,99965,160,100021,160,99964,260,100023,160,99959,160,100025,160,99928,160,100026,100,99924,100,100034,100,99919,100,100044,100,99877,100,100051,100,99868,200,100057,100,99846,100
2019-06-28 09:35:20.000000000,99993,176,99973,176,100010,276,99965,176,100021,176,99964,276,100023,176,99959,176,100025,100,99928,100,100026,100,99924,100,100034,100,99919,100,100044,100,99877,100,100051,100,99868,200,100057,100,99846,100
2019-06-28 09:35:29.082875530,99975,100,99973,176,99993,176,99965,176,100010,276,99964,276,100021,176,99959,176,100023,176,99928,100,100025,100,99924,100,100026,100,99919,100,100034,100,99877,100,100044,100,99868,200,100051,100,99846,100
2019-06-28 09:35:30.000000000,99975,160,99973,160,99993,160,99965,160,100010,260,99964,260,100021,160,99959,160,100023,160,99928,160,100025,100,99924,100,100026,100,99919,100,100034,100,99877,100,100044,100,99868,200,100051,100,99846,100
2019-06-28 09:35:40.000000000,99975,160,99973,160,99993,160,99965,160,100010,260,99964,260,100021,160,99959,160,100023,160,99928,160,100025,100,99924,100,100026,100,99919,100,100034,100,99877,100,100044,100,99868,200,100051,100,99846,100
2019-06-28 09:35:44.800869923,99975,160,99973,60,99993,160,99965,160,100010,260,99964,260,100021,160,99959,160,100023,160,99928,160,100025,100,99924,100,100026,100,99919,100,100034,100,99877,100,100044,100,99868,200,100051,100,99846,100
2019-06-28 09:35:50.000000000,99975,251,99965,251,99993,251,99964,351,100010,200,99959,100,100021,100,99928,100,100023,100,99924,100,100025,100,99919,100,100026,100,99877,100,100034,100,99868,200,100044,100,99846,100,100051,100,99818,100
2019-06-28 09:36:00.000000000,99975,251,99965,251,99993,251,99964,351,100010,200,99959,100,100021,100,99928,100,100023,100,99924,100,100025,100,99919,100,100026,100,99877,100,100034,100,99868,200,100044,100,99846,100,100051,100,99818,100
2019-06-28 09:36:02.684454125,99975,251,99965,151,99993,251,99964,351,100010,200,99959,100,100021,100,99928,100,100023,100,99919,100,100025,100,99877,100,100026,100,99868,200,100034,100,99846,100,100044,100,99818,100,100051,100,99791,100
2019-06-28 09:36:05.816081130,99975,251,99965,151,99993,251,99964,351,100010,200,99959,100,100021,100,99928,100,100023,100,99919,100,100025,100,99877,100,100026,100,99868,200,100034,100,99846,100,100044,100,99818,100,100051,100,99791,100
2019-06-28 09:36:10.000000000,99975,160,99964,260,99993,160,99959,160,100010,260,99928,160,100021,160,99919,160,100023,160,99877,160,100025,100,99868,200,100026,100,99846,100,100034,100,99818,100,100044,100,99791,100,100051,100,99473,100
2019-06-28 09:36:20.000000000,99975,251,99964,351,99993,251,99959,251,100010,200,99928,100,100021,100,99919,100,100023,100,99877,100,100025,100,99868,200,100026,100,99846,100,100034,100,99818,100,100044,100,99791,100,100051,100,99473,100
2019-06-28 09:36:29.621309916,99975,251,99964,351,99993,251,99959,251,100010,200,99928,100,100021,100,99919,100,100023,100,99877,100,100025,100,99868,200,100026,100,99846,100,100034,100,99818,100,100044,100,99791,100,100051,100,99473,100
2019-06-28 09:36:30.000000000,99975,160,99964,260,99993,160,99959,160,100010,260,99928,160,100021,160,99919,160,100023,160,99877,160,100025,100,99868,200,100026,100,99846,100,100034,100,99818,100,100044,100,99791,100,100051,100,99473,100
2019-06-28 09:36:35.900246508,99973,100,99964,260,99975,160,99959,160,99993,160,99928,160,100010,260,99919,160,100021,160,99877,160,100023,160,99868,200,100025,100,99846,100,100026,100,99818,100,100034,100,99791,100,100044,100,99473,100
2019-06-28 09:36:40.000000000,99973,160,99964,260,99975,160,99959,160,99993,160,99928,160,100010,260,99919,160,100021,160,99877,160,100023,100,99868,200,100025,100,99846,100,100026,100,99818,100,100034,100,99791,100,100044,100,99473,100
2019-06-28 09:36:41.791381680,99973,160,99964,160,99975,160,99959,160,99993,160,99928,160,100010,260,99919,160,100021,160,99877,160,100023,100,99868,200,100025,100,99846,100,100026,100,99818,100,100034,100,99791,100,100044,100,99473,100
2019-06-28 09:36:42.730974233,99973,160,99964,60,99975,160,99959,160,99993,160,99928,160,100010,260,99919,160,100021,160,99877,160,100023,100,99868,200,100025,100,99846,100,100026,100,99818,100,100034,100,99791,100,100044,100,99473,100
2019-06-28 09:36:50.000000000,99973,203,99959,203,99975,200,99928,200,99993,200,99919,200,100010,200,99877,100,100021,100,99868,200,100023,100,99846,100,100025,100,99818,100,100026,100,99791,100,100034,100,99473,100,100044,100,99329,100
2019-06-28 09:36:50.456172095,99964,100,99959,203,99973,203,99928,200,99975,200,99919,200,99993,200,99877,100,100010,200,99868,200,100021,100,99846,100,100023,100,99818,100,100025,100,99791,100,100026,100,99473,100,100034,100,99329,100
2019-06-28 09:37:00.000000000,99964,251,99959,251,99973,251,99928,251,99975,100,99919,100,99993,100,99877,100,100010,200,99868,200,100021,100,99846,100,100023,100,99818,100,100025,100,99791,100,100026,100,99473,100,100034,100,99329,100
2019-06-28 09:37:01.204536836,99964,251,99959,251,99973,251,99928,251,99975,100,99919,100,99993,100,99877,100,100010,200,99868,200,100021,100,99846,100,100023,100,99818,100,100025,100,99791,100,100026,100,99473,100,100034,100,99348,100
2019-06-28 09:37:10.000000000,99964,176,99959,176,99973,176,99928,176,99975,176,99919,176,99993,176,99877,176,100010,200,99868,200,100021,100,99846,100,100023,100,99818,100,100025,100,99791,100,100026,100,99473,100,100034,100,99348,100
2019-06-28 09:37:10.077007219,99964,176,99959,176,99973,176,99928,176,99975,176,99919,176,99993,176,99877,176,100010,200,99868,200,100021,100,99818,100,100023,100,99791,100,100025,100,99473,100,100026,100,99348,100,100034,100,99329,100
2019-06-28 09:37:20.000000000,99964,251,99959,251,99973,251,99928,251,99975,100,99919,100,99993,100,99877,100,100010,200,99868,200,100021,100,99818,100,100023,100,99791,100,100025,100,99473,100,100026,100,99348,100,100034,100,99329,100
2019-06-28 09:37:30.000000000,99964,402,99959,402,99973,100,99928,100,99975,100,99919,100,99993,100,99877,100,100010,200,99868,200,100021,100,99818,100,100023,100,99791,100,100025,100,99473,100,100026,100,99348,100,100034,100,99329,100
2019-06-28 09:37:40.000000000,99964,160,99959,160,99973,160,99928,160,99975,160,99919,160,99993,160,99877,160,100010,260,99868,260,100021,100,99818,100,100023,100,99791,100,100025,100,99473,100,100026,100,99348,100,100034,100,99329,100
2019-06-28 09:37:50.000000000,99964,176,99959,176,99973,176,99928,176,99975,176,99919,176,99993,176,99877,176,100010,200,99868,200,100021,100,99818,100,100023,100,99791,100,100025,100,99473,100,100026,100,99348,100,100034,100,99329,100
2019-06-28 09:37:58.434445237,99964,176,99959,176,99973,176,99928,176,99975,176,99919,176,99993,176,99877,176,100010,200,99868,100,100021,100,99818,100,100023,100,99791,100,100025,100,99473,100,100026,100,99348,100,100034,100,99329,100
2019-06-28 09:38:00.000000000,99964,251,99959,251,99973,251,99928,251,99975,100,99919,100,99993,100,99877,100,100010,200,99868,100,100021,100,99818,100,100023,100,99791,100,100025,100,99473,100,100026,100,99348,100,100034,100,99329,100
2019-06-28 09:38:04.873645930,99964,251,99959,151,99973,251,99928,251,99975,100,99919,100,99993,100,99877,100,100010,200,99868,100,100021,100,99818,100,100023,100,99791,100,100025,100,99473,100,100026,100,99348,100,100034,100,99329,100
2019-06-28 09:38:10.000000000,99964,251,99928,251,99973,251,99919,251,99975,100,99877,100,99993,100,99868,100,100010,200,99818,100,100021,100,99791,100,100023,100,99473,100,100025,100,99348,100,100026,100,99329,100,100034,100,99228,100
2019-06-28 09:38:17.331255250,99964,251,99928,151,99973,251,99919,251,99975,100,99877,100,99993,100,99868,100,100010,200,99818,100,100021,100,99791,100,100023,100,99473,100,100025,100,99348,100,100026,100,99329,100,100034,100,99228,100
2019-06-28 09:38:20.000000000,99964,160,99919,160,99973,160,99877,160,99975,160,99868,160,99993,160,99818,160,100010,260,99791,160,100021,100,99473,100,100023,100,99348,100,100025,100,99329,100,100026,100,99228,100,100034,100,99188,100
2019-06-28 09:38:24.829293078,99964,160,99919,60,99973,160,99877,160,99975,160,99868,160,99993,160,99818,160,100010,260,99791,160,100021,100,99473,100,100023,100,99348,100,100025,100,99329,100,100026,100,99228,100,100034,100,99188,100
2019-06-28 09:38:30.000000000,99964,251,99877,251,99973,251,99868,251,99975,100,99818,100,99993,100,99791,100,100010,200,99473,100,100021,100,99348,100,100023,100,99329,100,100025,100,99228,100,100026,100,99188,100,100034,100,98935,100
2019-06-28 09:38:40.000000000,99964,203,99877,203,99973,200,99868,200,99975,200,99818,200,99993,100,99791,100,100010,200,99473,100,100021,100,99348,100,100023,100,99329,100,100025,100,99228,100,100026,100,99188,100,100034,100,98935,100
2019-06-28 09:38:50.000000000,99964,251,99877,251,99973,251,99868,251,99975,100,99818,100,99993,100,99791,100,100010,200,99473,100,100021,100,99348,100,100023,100,99329,100,100025,100,99228,100,100026,100,99188,100,100034,100,98935,100
2019-06-28 09:38:58.476161164,99928,100,99877,251,99964,251,99868,251,99973,251,99818,100,99975,100,99791,100,99993,100,99473,100,100010,200,99348,100,100021,100,99329,100,100023,100,99228,100,100025,100,99188,100,100026,100,98935,100
2019-06-28 09:39:00.000000000,99928,160,99877,160,99964,160,99868,160,99973,160,99818,160,99975,160,99791,160,99993,160,99473,160,100010,200,99348,100,100021,100,99329,100,100023,100,99228,100,100025,100,99188,100,100026,100,98935,100
2019-06-28 09:39:10.000000000,99928,176,99877,176,99964,176,99868,176,99973,176,99818,176,99975,176,99791,176,99993,100,99473,100,100010,200,99348,100,100021,100,99329,100,100023,100,99228,100,100025,100,99188,100,100026,100,98935,100
2019-06-28 09:39:20.000000000,99928,203,99877,203,99964,200,99868,200,99973,200,99818,200,99975,100,99791,100,99993,100,99473,100,100010,200,99348,100,100021,100,99329,100,100023,100,99228,100,100025,100,99188,100,100026,100,98935,100
2019-06-28 09:39:30.000000000,99928,402,99877,402,99964,100,99868,100,99973,100,99818,100,99975,100,99791,100,99993,100,99473,100,100010,200,99348,100,100021,100,99329,100,100023,100,99228,100,100025,100,99188,100,100026,100,98935,100
2019-06-28 09:39:40.000000000,99928,203,99877,203,99964,200,99868,200,99973,200,99818,200,99975,100,99791,100,99993,100,99473,100,100010,200,99348,100,100021,100,99329,100,100023,100,99228,100,100025,100,99188,100,100026,100,98935,100
2019-06-28 09:39:46.874545396,99928,203,99877,203,99964,200,99868,200,99973,200,99818,200,99975,100,99791,100,99993,100,99473,100,100010,200,99348,100,100021,100,99329,100,100023,100,99228,100,100025,100,99188,100,100026,100,98935,100
2019-06-28 09:39:50.000000000,99928,160,99877,160,99964,160,99868,160,99973,160,99818,160,99975,160,99791,160,99993,160,99473,160,100010,200,99348,100,100021,100,99329,100,100023,100,99228,100,100025,100,99188,100,100026,100,98935,100
2019-06-28 09:39:59.890839341,99928,160,99877,160,99964,160,99868,160,99973,160,99818,160,99975,160,99791,160,99993,160,99473,160,100010,200,99348,100,100021,100,99329,100,100023,100,99228,100,100025,100,99188,100,100026,100,98935,100
2019-06-28 09:40:00.000000000,99928,176,99877,176,99964,176,99868,176,99973,176,99818,176,99975,176,99791,176,99993,100,99473,100,100010,200,99348,100,100021,100,99329,100,100023,100,99228,100,100025,100,99188,100,100026,100,98935,100
2019-06-28 09:40:03.499778127,99928,276,99877,176,99964,176,99868,176,99973,176,99818,176,99975,176,99791,176,99993,100,99473,100,100010,200,99348,100,100021,100,99329,100,100023,100,99228,100,100025,100,99188,100,100026,100,98935,100
2019-06-28 09:40:10.000000000,99928,502,99877,402,99964,100,99868,100,99973,100,99818,100,99975,100,99791,100,99993,100,99473,100,100010,200,99348,100,100021,100,99329,100,100023,100,99228,100,100025,100,99188,100,100026,100,98935,100
2019-06-28 09:40:20.000000000,99928,502,99877,402,99964,100,99868,100,99973,100,99818,100,99975,100,99791,100,99993,100,99473,100,100010,200,99348,100,100021,100,99329,100,100023,100,99228,100,100025,100,99188,100,100026,100,98935,100
2019-06-28 09:40:30.000000000,99928,260,99877,160,99964,160,99868,160,99973,160,99818,160,99975,160,99791,160,99993,160,99473,160,100010,200,99348,100,100021,100,99329,100,100023,100,99228,100,100025,100,99188,100,100026,100,98935,100
2019-06-28 09:40:40.000000000,99928,351,99877,251,99964,251,99868,251,99973,100,99818,100,99975,100,99791,100,99993,100,99473,100,100010,200,99348,100,100021,100,99329,100,100023,100,99228,100,100025,100,99188,100,100026,100,98935,100
2019-06-28 09:40:50.000000000,99928,260,99877,160,99964,160,99868,160,99973,160,99818,160,99975,160,99791,160,99993,160,99473,160,100010,200,99348,100,100021,100,99329,100,100023,100,99228,100,100025,100,99188,100,100026,100,98935,100
2019-06-28 09:41:00.000000000,99928,351,99877,251,99964,251,99868,251,99973,100,99818,100,99975,100,99791,100,99993,100,99473,100,100010,200,99348,100,100021,100,99329,100,100023,100,99228,100,100025,100,99188,100,100026,100,98935,100
2019-06-28 09:41:10.000000000,99928,351,99877,251,99964,251,99868,251,99973,100,99818,100,99975,100,99791,100,99993,100,99473,100,100010,200,99348,100,100021,100,99329,100,100023,100,99228,100,100025,100,99188,100,100026,100,98935,100
2019-06-28 09:41:20.000000000,99928,303,99877,203,99964,200,99868,200,99973,200,99818,200,99975,100,99791,100,99993,100,99473,100,100010,200,99348,100,100021,100,99329,100,100023,100,99228,100,100025,100,99188,100,100026,100,98935,100
2019-06-28 09:41:28.163219293,99928,303,99877,103,99964,200,99868,200,99973,200,99818,200,99975,100,99791,100,99993,100,99473,100,100010,200,99348,100,100021,100,99329,100,100023,100,99228,100,100025,100,99188,100,100026,100,98935,100
2019-06-28 09:41:30.000000000,99928,303,99868,203,99964,200,99818,200,99973,200,99791,200,99975,100,99473,100,99993,100,99348,100,100010,200,99329,100,100021,100,99228,100,100023,100,99188,100,100025,100,98935,100,100026,100,98898,100
2019-06-28 09:41:40.000000000,99928,260,99868,160,99964,160,99818,160,99973,160,99791,160,99975,160,99473,160,99993,160,99348,160,100010,200,99329,100,100021,100,99228,100,100023,100,99188,100,100025,100,98935,100,100026,100,98898,100
2019-06-28 09:41:47.868513440,99928,260,99868,60,99964,160,99818,160,99973,160,99791,160,99975,160,99473,160,99993,160,99348,160,100010,200,99329,100,100021,100,99228,100,100025,100,99188,100,100026,100,98935,100,100034,100,98898,100
2019-06-28 09:41:50.000000000,99928,260,99818,160,99964,160,99791,160,99973,160,99473,160,99975,160,99348,160,99993,160,99329,160,100010,200,99228,100,100021,100,99188,100,100025,100,98935,100,100026,100,98898,100,100034,100,98873,100
2019-06-28 09:42:00.000000000,99928,502,99818,402,99964,100,99791,100,99973,100,99473,100,99975,100,99348,100,99993,100,99329,100,100010,200,99228,100,100021,100,99188,100,100025,100,98935,100,100026,100,98898,100,100034,100,98873,100
2019-06-28 09:42:06.034548058,99928,502,99818,402,99964,100,99473,100,99973,100,99348,100,99975,100,99329,100,99993,100,99228,100,100010,200,99188,100,100021,100,98935,100,100025,100,98898,100,100026,100,98873,100,100034,100,98812,100
2019-06-28 09:42:10.000000000,99928,260,99818,160,99964,160,99473,160,99973,160,99348,160,99975,160,99329,160,99993,160,99228,160,100010,200,99188,100,100021,100,98935,100,100025,100,98898,100,100026,100,98873,100,100034,100,98812,100
2019-06-28 09:42:20.000000000,99928,303,99818,203,99964,200,99473,200,99973,200,99348,200,99975,100,99329,100,99993,100,99228,100,100010,200,99188,100,100021,100,98935,100,100025,100,98898,100,100026,100,98873,100,100034,100,98812,100
2019-06-28 09:42:30.000000000,99928,303,99818,203,99964,200,99473,200,99973,200,99348,200,99975,100,99329,100,99993,100,99228,100,100010,200,99188,100,100021,100,98935,100,100025,100,98898,100,100026,100,98873,100,100034,100,98812,100
2019-06-28 09:42:31.132898237,99928,303,99818,203,99964,200,99473,200,99973,200,99348,200,99975,100,99329,100,99993,100,99228,100,100010,200,99204,100,100021,100,99188,100,100025,100,98935,100,100026,100,98898,100,100034,100,98873,100
2019-06-28 09:42:40.000000000,99928,260,99818,160,99964,160,99473,160,99973,160,99348,160,99975,160,99329,160,99993,160,99228,160,100010,200,99204,100,100021,100,99188,100,100025,100,98935,100,100026,100,98898,100,100034,100,98873,100
2019-06-28 09:42:50.000000000,99928,351,99818,251,99964,251,99473,251,99973,100,99348,100,99975,100,99329,100,99993,100,99228,100,100010,200,99204,100,100021,100,99188,100,100025,100,98935,100,100026,100,98898,100,100034,100,98873,100
2019-06-28 09:42:53.549028392,99928,351,99818,251,99964,251,99473,251,99973,100,99441,100,99975,100,99348,100,99993,100,99329,100,100010,200,99228,100,100021,100,99204,100,100025,100,99188,100,100026,100,98935,100,100034,100,98898,100
2019-06-28 09:42:54.035756200,99877,100,99818,251,99928,351,99473,251,99964,251,99441,100,99973,100,99348,100,99975,100,99329,100,99993,100,99228,100,100010,200,99204,100,100021,100,99188,100,100025,100,98935,100,100026,100,98898,100
2019-06-28 09:43:00.000000000,99877,160,99818,160,99928,260,99473,160,99964,160,99441,160,99973,160,99348,160,99975,160,99329,160,99993,100,99228,100,100010,200,99204,100,100021,100,99188,100,100025,100,98935,100,100026,100,98898,100
2019-06-28 09:43:10.000000000,99877,203,99818,203,99928,300,99473,200,99964,200,99441,200,99973,100,99348,100,99975,100,99329,100,99993,100,99228,100,100010,200,99204,100,100021,100,99188,100,100025,100,98935,100,100026,100,98898,100
2019-06-28 09:43:14.114741101,99877,203,99818,203,99928,300,99473,200,99964,200,99448,100,99973,100,99441,200,99975,100,99348,100,99993,100,99329,100,100010,200,99228,100,100021,100,99204,100,100025,100,99188,100,100026,100,98935,100
2019-06-28 09:43:20.000000000,99877,402,99818,402,99928,200,99473,100,99964,100,99448,100,99973,100,99441,100,99975,100,99348,100,99993,100,99329,100,100010,200,99228,100,100021,100,99204,100,100025,100,99188,100,100026,100,98935,100
2019-06-28 09:43:30.000000000,99877,402,99818,402,99928,200,99473,100,99964,100,99448,100,99973,100,99441,100,99975,100,99348,100,99993,100,99329,100,100010,200,99228,100,100021,100,99204,100,100025,100,99188,100,100026,100,98935,100
2019-06-28 09:43:34.897481291,99877,402,99818,402,99928,200,99448,100,99964,100,99441,100,99973,100,99348,100,99975,100,99329,100,99993,100,99228,100,100010,200,99215,100,100021,100,99204,100,100025,100,99188,100,100026,100,98935,100
2019-06-28 09:43:40.000000000,99877,203,99818,203,99928,300,99448,200,99964,200,99441,200,99973,100,99348,100,99975,100,99329,100,99993,100,99228,100,100010,200,99215,100,100021,100,99204,100,100025,100,99188,100,100026,100,98935,100
2019-06-28 09:43:50.000000000,99877,160,99818,160,99928,260,99448,160,99964,160,99441,160,99973,160,99348,160,99975,160,99329,160,99993,100,99228,100,100010,200,99215,100,100021,100,99204,100,100025,100,99188,100,100026,100,98935,100
2019-06-28 09:43:58.731075831,99877,160,99818,160,99928,260,99646,100,99964,160,99448,160,99973,160,99441,160,99975,160,99348,160,99993,100,99329,160,100010,200,99228,100,100021,100,99215,100,100025,100,99204,100,100026,100,99188,100
2019-06-28 09:44:00.000000000,99877,402,99818,402,99928,200,99646,100,99964,100,99448,100,99973,100,99441,100,99975,100,99348,100,99993,100,99329,100,100010,200,99228,100,100021,100,99215,100,100025,100,99204,100,100026,100,99188,100
2019-06-28 09:44:10.000000000,99877,176,99818,176,99928,276,99646,176,99964,176,99448,176,99973,176,99441,176,99975,100,99348,100,99993,100,99329,100,100010,200,99228,100,100021,100,99215,100,100025,100,99204,100,100026,100,99188,100
2019-06-28 09:44:20.000000000,99877,203,99818,203,99928,300,99646,200,99964,200,99448,200,99973,100,99441,100,99975,100,99348,100,99993,100,99329,100,100010,200,99228,100,100021,100,99215,100,100025,100,99204,100,100026,100,99188,100
2019-06-28 09:44:30.000000000,99877,176,99818,176,99928,276,99646,176,99964,176,99448,176,99973,176,99441,176,99975,100,99348,100,99993,100,99329,100,100010,200,99228,100,100021,100,99215,100,100025,100,99204,100,100026,100,99188,100
2019-06-28 09:44:40.000000000,99877,402,99818,402,99928,200,99646,100,99964,100,99448,100,99973,100,99441,100,99975,100,99348,100,99993,100,99329,100,100010,200,99228,100,100021,100,99215,100,100025,100,99204,100,100026,100,99188,100
2019-06-28 09:44:50.000000000,99877,176,99818,176,99928,276,99646,176,99964,176,99448,176,99973,176,99441,176,99975,100,99348,100,99993,100,99329,100,100010,200,99228,100,100021,100,99215,100,100025,100,99204,100,100026,100,99188,100
2019-06-28 09:45:00.000000000,99877,251,99818,251,99928,351,99646,251,99964,100,99448,100,99973,100,99441,100,99975,100,99348,100,99993,100,99329,100,100010,200,99228,100,100021,100,99215,100,100025,100,99204,100,100026,100,99188,100
2019-06-28 09:45:08.656276254,99877,251,99818,251,99928,351,99646,251,99964,100,99629,100,99973,100,99448,100,99975,100,99441,100,99993,100,99348,100,100010,200,99329,100,100021,100,99228,100,100025,100,99215,100,100026,100,99204,100
2019-06-28 09:45:10.000000000,99877,402,99818,402,99928,200,99646,100,99964,100,99629,100,99973,100,99448,100,99975,100,99441,100,99993,100,99348,100,100010,200,99329,100,100021,100,99228,100,100025,100,99215,100,100026,100,99204,100
2019-06-28 09:45:13.658137792,99877,402,99818,302,99928,200,99646,100,99964,100,99629,100,99973,100,99448,100,99975,100,99441,100,99993,100,99348,100,100010,200,99329,100,100021,100,99228,100,100025,100,99215,100,100026,100,99204,100
2019-06-28 09:45:18.579890812,99868,100,99818,302,99877,402,99646,100,99928,200,99629,100,99964,100,99448,100,99973,100,99441,100,99993,100,99348,100,100010,200,99329,100,100021,100,99228,100,100025,100,99215,100,100026,100,99204,100
2019-06-28 09:45:19.051647135,99868,200,99818,302,99877,402,99646,100,99928,200,99629,100,99964,100,99448,100,99973,100,99441,100,99993,100,99348,100,100010,200,99329,100,100021,100,99228,100,100025,100,99215,100,100026,100,99204,100
2019-06-28 09:45:20.000000000,99868,502,99646,402,99877,100,99629,100,99928,200,99448,100,99964,100,99441,100,99973,100,99348,100,99993,100,99329,100,100010,200,99228,100,100021,100,99215,100,100025,100,99204,100,100026,100,99188,100
2019-06-28 09:45:30.000000000,99868,276,99646,176,99877,176,99629,176,99928,276,99448,176,99964,176,99441,176,99973,100,99348,100,99993,100,99329,100,100010,200,99228,100,100021,100,99215,100,100025,100,99204,100,100026,100,99188,100
2019-06-28 09:45:32.188418060,99868,276,99646,76,99877,176,99629,176,99928,276,99448,176,99964,176,99441,176,99973,100,99348,100,99993,100,99329,100,100010,200,99228,100,100021,100,99215,100,100025,100,99204,100,100026,100,99188,100
2019-06-28 09:45:40.000000000,99868,351,99629,251,99877,251,99448,251,99928,200,99441,100,99964,100,99348,100,99973,100,99329,100,99993,100,99228,100,100010,200,99215,100,100021,100,99204,100,100025,100,99188,100,100026,100,98935,100
2019-06-28 09:45:50.000000000,99868,351,99629,251,99877,251,99448,251,99928,200,99441,100,99964,100,99348,100,99973,100,99329,100,99993,100,99228,100,100010,200,99215,100,100021,100,99204,100,100025,100,99188,100,100026,100,98935,100
2019-06-28 09:45:52.763037925,99868,351,99629,151,99877,251,99448,251,99928,200,99441,100,99964,100,99348,100,99973,100,99329,100,99993,100,99228,100,100010,200,99215,100,100021,100,99204,100,100025,100,99188,100,100026,100,98935,100
2019-06-28 09:45:55.008589627,99868,351,99629,51,99877,251,99448,251,99928,200,99441,100,99964,100,99348,100,99973,100,99329,100,99993,100,99228,100,100010,200,99215,100,100021,100,99204,100,100025,100,99188,100,100034,100,98935,100
2019-06-28 09:46:00.000000000,99868,502,99448,402,99877,100,99441,100,99928,200,99348,100,99964,100,99329,100,99973,100,99228,100,99993,100,99215,100,100010,200,99204,100,100021,100,99188,100,100025,100,98935,100,100034,100,98898,100
2019-06-28 09:46:06.968107999,99868,502,99448,402,99928,200,99441,100,99964,100,99348,100,99973,100,99329,100,99993,100,99228,100,100010,200,99215,100,100021,100,99204,100,100025,100,99188,100,100034,100,98935,100,100044,100,98898,100
2019-06-28 09:46:10.000000000,99868,303,99448,203,99928,300,99441,200,99964,200,99348,200,99973,100,99329,100,99993,100,99228,100,100010,200,99215,100,100021,100,99204,100,100025,100,99188,100,100034,100,98935,100,100044,100,98898,100
2019-06-28 09:46:20.000000000,99868,260,99448,160,99928,260,99441,160,99964,160,99348,160,99973,160,99329,160,99993,160,99228,160,100010,200,99215,100,100021,100,99204,100,100025,100,99188,100,100034,100,98935,100,100044,100,98898,100
2019-06-28 09:46:20.302436471,99868,260,99448,60,99928,260,99441,160,99964,160,99348,160,99973,160,99329,160,99993,160,99228,160,100010,200,99215,100,100021,100,99204,100,100025,100,99188,100,100034,100,98935,100,100044,100,98898,100
2019-06-28 09:46:21.134229538,99448,40,99441,160,99868,260,99348,160,99928,260,99329,160,99964,160,99228,160,99973,160,99215,100,99993,160,99204,100,100010,200,99188,100,100021,100,98935,100,100025,100,98898,100,100034,100,98873,100
2019-06-28 09:46:27.490213605,99448,40,99441,60,99868,260,99348,160,99928,260,99329,160,99964,160,99228,160,99973,160,99215,100,99993,160,99204,100,100010,200,99188,100,100021,100,98935,100,100025,100,98898,100,100034,100,98873,100
2019-06-28 09:46:30.000000000,99448,143,99348,203,99868,300,99329,200,99928,300,99228,200,99964,100,99215,100,99973,100,99204,100,99993,100,99188,100,100010,200,98935,100,100021,100,98898,100,100025,100,98873,100,100034,100,98812,100
2019-06-28 09:46:40.000000000,99448,100,99348,160,99868,260,99329,160,99928,260,99228,160,99964,160,99215,160,99973,160,99204,160,99993,100,99188,100,100010,200,98935,100,100021,100,98898,100,100025,100,98873,100,100034,100,98812,100
2019-06-28 09:46:50.000000000,99448,100,99348,160,99868,260,99329,160,99928,260,99228,160,99964,160,99215,160,99973,160,99204,160,99993,100,99188,100,100010,200,98935,100,100021,100,98898,100,100025,100,98873,100,100034,100,98812,100
2019-06-28 09:47:00.000000000,99448,342,99348,402,99868,200,99329,100,99928,200,99228,100,99964,100,99215,100,99973,100,99204,100,99993,100,99188,100,100010,200,98935,100,100021,100,98898,100,100025,100,98873,100,100034,100,98812,100
2019-06-28 09:47:05.879857275,99448,342,99348,402,99868,200,99329,100,99928,200,99228,100,99964,100,99215,100,99973,100,99204,100,99993,100,98935,100,100010,200,98898,100,100021,100,98873,100,100025,100,98812,100,100034,100,98767,100
2019-06-28 09:47:10.000000000,99448,191,99348,251,99868,351,99329,251,99928,200,99228,100,99964,100,99215,100,99973,100,99204,100,99993,100,98935,100,100010,200,98898,100,100021,100,98873,100,100025,100,98812,100,100034,100,98767,100
2019-06-28 09:47:16.737566846,99448,191,99348,251,99868,351,99329,251,99928,200,99228,100,99964,100,99215,100,99973,100,99204,100,99993,100,98935,100,100010,200,98898,100,100021,100,98873,100,100025,100,98812,100,100034,100,98767,100
2019-06-28 09:47:20.000000000,99448,342,99348,402,99868,200,99329,100,99928,200,99228,100,99964,100,99215,100,99973,100,99204,100,99993,100,98935,100,100010,200,98898,100,100021,100,98873,100,100025,100,98812,100,100034,100,98767,100
2019-06-28 09:47:30.000000000,99448,116,99348,176,99868,276,99329,176,99928,276,99228,176,99964,176,99215,176,99973,100,99204,100,99993,100,98935,100,100010,200,98898,100,100021,100,98873,100,100025,100,98812,100,100034,100,98767,100
2019-06-28 09:47:40.000000000,99448,342,99348,402,99868,200,99329,100,99928,200,99228,100,99964,100,99215,100,99973,100,99204,100,99993,100,98935,100,100010,200,98898,100,100021,100,98873,100,100025,100,98812,100,100034,100,98767,100
2019-06-28 09:47:50.000000000,99448,100,99348,160,99868,260,99329,160,99928,260,99228,160,99964,160,99215,160,99973,160,99204,160,99993,100,98935,100,100010,200,98898,100,100021,100,98873,100,100025,100,98812,100,100034,100,98767,100
2019-06-28 09:48:00.000000000,99448,342,99348,402,99868,200,99329,100,99928,200,99228,100,99964,100,99215,100,99973,100,99204,100,99993,100,98935,100,100010,200,98898,100,100021,100,98873,100,100025,100,98812,100,100034,100,98767,100
2019-06-28 09:48:10.000000000,99448,100,99348,160,99868,260,99329,160,99928,260,99228,160,99964,160,99215,160,99973,160,99204,160,99993,100,98935,100,100010,200,98898,100,100021,100,98873,100,100025,100,98812,100,100034,100,98767,100
2019-06-28 09:48:20.000000000,99448,143,99348,203,99868,300,99329,200,99928,300,99228,200,99964,100,99215,100,99973,100,99204,100,99993,100,98935,100,100010,200,98898,100,100021,100,98873,100,100025,100,98812,100,100034,100,98767,100
2019-06-28 09:48:30.000000000,99448,342,99348,402,99868,200,99329,100,99928,200,99228,100,99964,100,99215,100,99973,100,99204,100,99993,100,98935,100,100010,200,98898,100,100021,100,98873,100,100025,100,98812,100,100034,100,98767,100
2019-06-28 09:48:40.000000000,99448,342,99348,402,99868,200,99329,100,99928,200,99228,100,99964,100,99215,100,99973,100,99204,100,99993,100,98935,100,100010,200,98898,100,100021,100,98873,100,100025,100,98812,100,100034,100,98767,100
2019-06-28 09:48:50.000000000,99448,191,99348,251,99868,351,99329,251,99928,200,99228,100,99964,100,99215,100,99973,100,99204,100,99993,100,98935,100,100010,200,98898,100,100021,100,98873,100,100025,100,98812,100,100034,100,98767,100
2019-06-28 09:49:00.000000000,99448,100,99348,160,99868,260,99329,160,99928,260,99228,160,99964,160,99215,160,99973,160,99204,160,99993,100,98935,100,100010,200,98898,100,100021,100,98873,100,100025,100,98812,100,100034,100,98767,100
2019-06-28 09:49:10.000000000,99448,116,99348,176,99868,276,99329,176,99928,276,99228,176,99964,176,99215,176,99973,100,99204,100,99993,100,98935,100,100010,200,98898,100,100021,100,98873,100,100025,100,98812,100,100034,100,98767,100
2019-06-28 09:49:20.000000000,99448,191,99348,251,99868,351,99329,251,99928,200,99228,100,99964,100,99215,100,99973,100,99204,100,99993,100,98935,100,100010,200,98898,100,100021,100,98873,100,100025,100,98812,100,100034,100,98767,100
2019-06-28 09:49:30.000000000,99448,143,99348,203,99868,300,99329,200,99928,300,99228,200,99964,100,99215,100,99973,100,99204,100,99993,100,98935,100,100010,200,98898,100,100021,100,98873,100,100025,100,98812,100,100034,100,98767,100
2019-06-28 09:49:35.535899229,99448,143,99348,203,99868,300,99329,200,99928,300,99228,200,99964,100,99215,100,99973,100,99204,100,99993,100,98935,100,100010,200,98898,100,100025,100,98873,100,100034,100,98812,100,100044,100,98767,100
2019-06-28 09:49:36.915198389,99448,103,99348,103,99868,300,99329,200,99928,300,99228,200,99964,100,99215,100,99973,100,99204,100,99993,100,98935,100,100010,200,98898,100,100025,100,98873,100,100034,100,98812,100,100044,100,98767,100
2019-06-28 09:49:37.201416022,99448,103,99348,3,99868,300,99329,200,99928,300,99228,200,99964,100,99215,100,99973,100,99204,100,99993,100,98935,100,100010,200,98898,100,100025,100,98812,100,100034,100,98767,100,100044,100,98729,100
2019-06-28 09:49:40.000000000,99868,276,99329,176,99928,276,99228,176,99964,176,99215,176,99973,176,99204,176,99993,100,98935,100,100010,200,98898,100,100025,100,98812,100,100034,100,98767,100,100044,100,98729,100,100051,100,98650,100
2019-06-28 09:49:40.190554180,99868,276,99329,76,99928,276,99228,176,99964,176,99215,176,99973,176,99204,176,99993,100,98935,100,100010,200,98898,100,100025,100,98812,100,100034,100,98767,100,100044,100,98729,100,100051,100,98650,100
2019-06-28 09:49:45.958247526,99329,24,99228,176,99868,276,99215,176,99928,276,99204,176,99964,176,98935,100,99973,176,98898,100,99993,100,98812,100,100010,200,98767,100,100025,100,98729,100,100034,100,98650,100,100044,100,98641,100
2019-06-28 09:49:48.810258286,99329,124,99228,176,99868,276,99215,176,99928,276,99204,176,99964,76,98935,100,99973,176,98898,100,99993,100,98812,100,100010,200,98767,100,100025,100,98729,100,100034,100,98650,100,100044,100,98641,100
2019-06-28 09:49:50.000000000,99329,227,99228,203,99868,300,99215,200,99928,300,99204,200,99973,100,98935,100,99993,100,98898,100,100010,200,98812,100,100025,100,98767,100,100034,100,98729,100,100044,100,98650,100,100051,100,98641,100
2019-06-28 09:49:59.594516332,99329,227,99228,203,99868,300,99215,200,99928,300,99204,200,99973,100,98935,100,99993,100,98898,100,100010,200,98812,100,100025,100,98779,100,100034,100,98729,100,100044,100,98650,100,100051,100,98641,100
2019-06-28 09:50:00.000000000,99329,200,99228,176,99868,276,99215,176,99928,276,99204,176,99973,176,98935,176,99993,100,98898,100,100010,200,98812,100,100025,100,98779,100,100034,100,98729,100,100044,100,98650,100,100051,100,98641,100
2019-06-28 09:50:10.000000000,99329,200,99228,176,99868,276,99215,176,99928,276,99204,176,99973,176,98935,176,99993,100,98898,100,100010,200,98812,100,100025,100,98779,100,100034,100,98729,100,100044,100,98650,100,100051,100,98641,100
2019-06-28 09:50:20.000000000,99329,200,99228,176,99868,276,99215,176,99928,276,99204,176,99973,176,98935,176,99993,100,98898,100,100010,200,98812,100,100025,100,98779,100,100034,100,98729,100,100044,100,98650,100,100051,100,98641,100
2019-06-28 09:50:21.161912315,99329,300,99228,176,99868,276,99215,176,99928,176,99204,176,99973,176,98935,176,99993,100,98898,100,100010,200,98812,100,100025,100,98779,100,100034,100,98729,100,100044,100,98650,100,100051,100,98641,100
2019-06-28 09:50:22.669889106,99329,300,99228,176,99336,100,99215,176,99868,276,99204,176,99928,176,98935,176,99973,176,98898,100,99993,100,98812,100,100010,200,98779,100,100025,100,98729,100,100034,100,98650,100,100044,100,98641,100
2019-06-28 09:50:29.809846714,99273,100,99228,176,99329,300,99215,176,99336,100,99204,176,99868,276,98935,176,99928,176,98898,100,99973,176,98812,100,99993,100,98779,100,100010,200,98729,100,100025,100,98650,100,100034,100,98641,100
2019-06-28 09:50:30.000000000,99273,160,99228,160,99329,284,99215,160,99336,160,99204,160,99868,260,98935,160,99928,160,98898,160,99973,100,98812,100,99993,100,98779,100,100010,200,98729,100,100025,100,98650,100,100034,100,98641,100
2019-06-28 09:50:35.008925206,99273,160,99228,60,99329,284,99215,160,99336,160,99204,160,99868,260,98935,160,99928,160,98898,160,99973,100,98812,100,99993,100,98779,100,100010,200,98729,100,100025,100,98650,100,100034,100,98641,100
2019-06-28 09:50:38.984922436,99273,160,99228,60,99329,284,99215,160,99336,160,99204,160,99868,260,99202,100,99928,160,98935,160,99973,100,98898,160,99993,100,98812,100,100010,200,98779,100,100025,100,98729,100,100034,100,98650,100
2019-06-28 09:50:39.203843897,99273,160,99242,100,99329,284,99228,60,99336,160,99215,160,99868,260,99204,160,99928,160,99202,100,99973,100,98935,160,99993,100,98898,160,100010,200,98812,100,100025,100,98779,100,100034,100,98729,100
2019-06-28 09:50:40.000000000,99273,176,99242,176,99329,300,99215,176,99336,176,99204,176,99868,276,99202,176,99928,100,98935,100,99973,100,98898,100,99993,100,98812,100,100010,200,98779,100,100025,100,98729,100,100034,100,98650,100
2019-06-28 09:50:50.000000000,99273,251,99242,251,99329,375,99215,251,99336,100,99204,100,99868,200,99202,100,99928,100,98935,100,99973,100,98898,100,99993,100,98812,100,100010,200,98779,100,100025,100,98729,100,100034,100,98650,100
2019-06-28 09:50:52.583614458,99273,251,99242,251,99329,351,99215,251,99336,100,99204,100,99868,200,99202,100,99928,100,99168,100,99973,100,98935,100,99993,100,98898,100,100010,200,98812,100,100025,100,98779,100,100034,100,98729,100
2019-06-28 09:50:58.281972421,99273,151,99242,251,99329,351,99215,251,99336,100,99204,100,99868,200,99202,100,99928,100,99168,100,99973,100,98935,100,99993,100,98898,100,100010,200,98812,100,100025,100,98779,100,100034,100,98729,100
2019-06-28 09:51:00.000000000,99329,260,99242,160,99336,160,99215,160,99868,260,99204,160,99928,160,99202,160,99973,160,99168,160,99993,100,98935,100,100010,200,98898,100,100025,100,98812,100,100034,100,98779,100,100044,100,98729,100
2019-06-28 09:51:10.000000000,99329,260,99242,160,99336,160,99215,160,99868,260,99204,160,99928,160,99202,160,99973,160,99168,160,99993,100,98935,100,100010,200,98898,100,100025,100,98812,100,100034,100,98779,100,100044,100,98729,100
2019-06-28 09:51:19.922727771,99269,100,99242,160,99329,260,99215,160,99336,160,99204,160,99868,260,99202,160,99928,160,99168,160,99973,160,98935,100,99993,100,98898,100,100010,200,98779,100,100025,100,98729,100,100034,100,98650,100
2019-06-28 09:51:20.000000000,99269,160,99242,160,99329,260,99215,160,99336,160,99204,160,99868,260,99202,160,99928,160,99168,160,99973,100,98935,100,99993,100,98898,100,100010,200,98779,100,100025,100,98729,100,100034,100,98650,100
2019-06-28 09:51:30.000000000,99269,176,99242,176,99329,276,99215,176,99336,176,99204,176,99868,276,99202,176,99928,100,99168,100,99973,100,98935,100,99993,100,98898,100,100010,200,98779,100,100025,100,98729,100,100034,100,98650,100
2019-06-28 09:51:33.551728768,99269,176,99242,176,99329,276,99215,176,99336,176,99204,176,99868,276,99202,176,99973,100,99168,100,99993,100,98935,100,100010,200,98898,100,100025,100,98779,100,100034,100,98729,100,100044,100,98650,100
2019-06-28 09:51:34.643879392,99269,176,99242,76,99329,276,99215,176,99336,176,99204,176,99868,276,99202,176,99973,100,99168,100,99993,100,98935,100,100010,200,98898,100,100025,100,98779,100,100034,100,98729,100,100044,100,98650,100
2019-06-28 09:51:40.000000000,99269,203,99215,203,99329,300,99204,200,99336,200,99202,200,99868,200,99168,100,99973,100,98935,100,99993,100,98898,100,100010,200,98779,100,100025,100,98729,100,100034,100,98650,100,100044,100,98641,100
2019-06-28 09:51:40.870149748,99269,203,99215,203,99329,300,99204,200,99336,200,99202,200,99868,200,99168,100,99973,100,98935,100,99993,100,98898,100,100010,200,98779,100,100025,100,98720,100,100034,100,98650,100,100044,100,98641,100
2019-06-28 09:51:50.000000000,99269,251,99215,251,99329,351,99204,251,99336,100,99202,100,99868,200,99168,100,99973,100,98935,100,99993,100,98898,100,100010,200,98779,100,100025,100,98720,100,100034,100,98650,100,100044,100,98641,100
2019-06-28 09:51:53.596482855,99268,100,99215,251,99269,251,99204,251,99329,251,99202,100,99336,100,99168,100,99868,200,98935,100,99973,100,98898,100,99993,100,98779,100,100010,200,98720,100,100025,100,98650,100,100034,100,98641,100
2019-06-28 09:52:00.000000000,99268,203,99215,203,99269,200,99204,200,99329,200,99202,200,99336,100,99168,100,99868,200,98935,100,99973,100,98898,100,99993,100,98779,100,100010,200,98720,100,100025,100,98650,100,100034,100,98641,100
2019-06-28 09:52:10.000000000,99268,176,99215,176,99269,176,99204,176,99329,176,99202,176,99336,176,99168,176,99868,200,98935,100,99973,100,98898,100,99993,100,98779,100,100010,200,98720,100,100025,100,98650,100,100034,100,98641,100
2019-06-28 09:52:20.000000000,99268,176,99215,176,99269,176,99204,176,99329,176,99202,176,99336,176,99168,176,99868,200,98935,100,99973,100,98898,100,99993,100,98779,100,100010,200,98720,100,100025,100,98650,100,100034,100,98641,100
2019-06-28 09:52:30.000000000,99268,176,99215,176,99269,176,99204,176,99329,176,99202,176,99336,176,99168,176,99868,200,98935,100,99973,100,98898,100,99993,100,98779,100,100010,200,98720,100,100025,100,98650,100,100034,100,98641,100
2019-06-28 09:52:40.000000000,99268,203,99215,203,99269,200,99204,200,99329,200,99202,200,99336,100,99168,100,99868,200,98935,100,99973,100,98898,100,99993,100,98779,100,100010,200,98720,100,100025,100,98650,100,100034,100,98641,100
2019-06-28 09:52:40.578829513,99268,203,99215,203,99269,200,99204,100,99329,200,99202,200,99336,100,99168,100,99484,100,98935,100,99868,200,98898,100,99973,100,98779,100,99993,100,98720,100,100010,200,98650,100,100025,100,98641,100
2019-06-28 09:52:50.000000000,99268,251,99215,251,99269,251,99202,251,99329,100,99168,100,99336,100,98935,100,99484,100,98898,100,99868,200,98779,100,99973,100,98720,100,99993,100,98650,100,100010,200,98641,100,100025,100,98335,100
2019-06-28 09:53:00.000000000,99268,203,99215,203,99269,200,99202,200,99329,200,99168,200,99336,100,98935,100,99484,100,98898,100,99868,200,98779,100,99973,100,98720,100,99993,100,98650,100,100010,200,98641,100,100025,100,98335,100
2019-06-28 09:53:03.506382096,99268,203,99215,203,99269,200,99202,200,99329,200,99168,200,99336,100,98935,100,99362,100,98898,100,99484,100,98779,100,99868,200,98720,100,99973,100,98650,100,99993,100,98641,100,100010,200,98335,100
2019-06-28 09:53:10.000000000,99268,203,99215,203,99269,200,99202,200,99329,200,99168,200,99336,100,98935,100,99362,100,98898,100,99484,100,98779,100,99868,200,98720,100,99973,100,98650,100,99993,100,98641,100,100010,200,98335,100
2019-06-28 09:53:17.458061250,99268,203,99215,203,99269,200,99202,200,99329,200,99168,200,99336,100,98935,100,99362,100,98898,100,99484,100,98779,100,99566,100,98720,100,99868,200,98650,100,99973,100,98641,100,99993,100,98335,100
2019-06-28 09:53:20.000000000,99268,251,99215,251,99269,251,99202,251,99329,100,99168,100,99336,100,98935,100,99362,100,98898,100,99484,100,98779,100,99566,100,98720,100,99868,200,98650,100,99973,100,98641,100,99993,100,98335,100
2019-06-28 09:53:20.235906693,99268,251,99243,100,99269,251,99215,251,99329,100,99202,251,99336,100,99168,100,99362,100,98935,100,99484,100,98898,100,99566,100,98779,100,99868,200,98720,100,99973,100,98650,100,99993,100,98641,100
2019-06-28 09:53:20.798161282,99268,251,99243,100,99269,251,99215,251,99329,100,99202,151,99336,100,99168,100,99362,100,98935,100,99454,100,98898,100,99484,100,98779,100,99566,100,98720,100,99868,200,98650,100,99973,100,98641,100
2019-06-28 09:53:30.000000000,99268,160,99243,160,99269,160,99215,160,99329,160,99168,160,99336,160,98935,160,99362,160,98898,160,99454,100,98779,100,99484,100,98720,100,99566,100,98650,100,99868,200,98641,100,99973,100,98335,100
2019-06-28 09:53:40.000000000,99268,160,99243,160,99269,160,99215,160,99329,160,99168,160,99336,160,98935,160,99362,160,98898,160,99454,100,98779,100,99484,100,98720,100,99566,100,98650,100,99868,200,98641,100,99973,100,98335,100
2019-06-28 09:53:50.000000000,99268,402,99243,402,99269,100,99215,100,99329,100,99168,100,99336,100,98935,100,99362,100,98898,100,99454,100,98779,100,99484,100,98720,100,99566,100,98650,100,99868,200,98641,100,99973,100,98335,100
2019-06-28 09:54:00.000000000,99268,176,99243,176,99269,176,99215,176,99329,176,99168,176,99336,176,98935,176,99362,100,98898,100,99454,100,98779,100,99484,100,98720,100,99566,100,98650,100,99868,200,98641,100,99973,100,98335,100
2019-06-28 09:54:03.596674063,99268,276,99243,176,99269,176,99215,176,99329,176,99168,176,99336,176,98935,176,99362,100,98898,100,99454,100,98779,100,99484,100,98720,100,99566,100,98650,100,99868,200,98641,100,99973,100,98335,100
2019-06-28 09:54:05.230858756,99268,276,99243,76,99269,176,99215,176,99329,176,99168,176,99336,176,98935,176,99362,100,98898,100,99454,100,98779,100,99484,100,98720,100,99566,100,98650,100,99868,200,98641,100,99973,100,98335,100
2019-06-28 09:54:10.000000000,99268,276,99215,176,99269,176,99168,176,99329,176,98935,176,99336,176,98898,176,99362,100,98779,100,99454,100,98720,100,99484,100,98650,100,99566,100,98641,100,99868,200,98335,100,99973,100,,
2019-06-28 09:54:20.000000000,99268,260,99215,160,99269,160,99168,160,99329,160,98935,160,99336,160,98898,160,99362,160,98779,160,99454,100,98720,100,99484,100,98650,100,99566,100,98641,100,99868,200,98335,100,99973,100,,
2019-06-28 09:54:24.063328374,99268,260,99215,160,99269,160,99168,160,99329,160,98935,160,99336,160,98898,160,99362,160,98779,160,99434,100,98720,100,99454,100,98650,100,99484,100,98641,100,99566,100,98335,100,99868,200,,
2019-06-28 09:54:27.158343722,99268,260,99215,60,99269,160,99168,160,99329,160,98935,160,99336,160,98898,160,99362,160,98779,160,99434,100,98720,100,99454,100,98650,100,99484,100,98641,100,99566,100,98335,100,99868,200,,
2019-06-28 09:54:30.000000000,99268,502,99168,402,99269,100,98935,100,99329,100,98898,100,99336,100,98779,100,99362,100,98720,100,99434,100,98650,100,99454,100,98641,100,99484,100,98335,100,99566,100,,,99868,200,,
2019-06-28 09:54:40.000000000,99268,351,99168,251,99269,251,98935,251,99329,100,98898,100,99336,100,98779,100,99362,100,98720,100,99434,100,98650,100,99454,100,98641,100,99484,100,98335,100,99566,100,,,99868,200,,
2019-06-28 09:54:41.095031446,99268,351,99168,151,99269,251,98935,251,99329,100,98898,100,99336,100,98779,100,99362,100,98720,100,99434,100,98650,100,99454,100,98641,100,99484,100,98599,100,99566,100,98335,100,99868,200,,
2019-06-28 09:54:41.659898363,99268,351,99168,151,99269,251,98935,251,99329,100,98898,100,99336,100,98831,100,99362,100,98779,100,99434,100,98650,100,99454,100,98641,100,99484,100,98599,100,99566,100,98335,100,99868,200,,
2019-06-28 09:54:43.531998668,99268,351,99168,51,99269,251,98935,251,99329,100,98898,100,99336,100,98831,100,99362,100,98779,100,99434,100,98650,100,99454,100,98641,100,99484,100,98599,100,99566,100,98335,100,99868,200,,
2019-06-28 09:54:50.000000000,99268,276,98935,176,99269,176,98898,176,99329,176,98831,176,99336,176,98779,176,99362,100,98650,100,99434,100,98641,100,99454,100,98599,100,99484,100,98335,100,99566,100,,,99868,200,,
2019-06-28 09:54:59.863415572,99258,100,98935,176,99268,276,98898,176,99269,176,98831,176,99329,176,98779,176,99336,176,98650,100,99362,100,98641,100,99434,100,98599,100,99454,100,98335,100,99484,100,,,99566,100,,
2019-06-28 09:55:00.000000000,99258,402,98935,402,99268,200,98898,100,99269,100,98831,100,99329,100,98779,100,99336,100,98650,100,99362,100,98641,100,99434,100,98599,100,99454,100,98335,100,99484,100,,,99566,100,,
2019-06-28 09:55:10.000000000,99258,176,98935,176,99268,276,98898,176,99269,176,98831,176,99329,176,98779,176,99336,100,98650,100,99362,100,98641,100,99434,100,98599,100,99454,100,98335,100,99484,100,,,99566,100,,
2019-06-28 09:55:15.979969214,99258,176,98935,176,99268,276,98898,176,99269,176,98831,176,99278,100,98779,176,99329,176,98650,100,99336,100,98641,100,99362,100,98599,100,99434,100,98335,100,99454,100,,,99484,100,,
2019-06-28 09:55:20.000000000,99258,203,98935,203,99268,300,98898,200,99269,200,98831,200,99278,100,98779,100,99329,100,98650,100,99336,100,98641,100,99362,100,98599,100,99434,100,98335,100,99454,100,,,99484,100,,
2019-06-28 09:55:30.000000000,99258,402,98935,402,99268,200,98898,100,99269,100,98831,100,99278,100,98779,100,99329,100,98650,100,99336,100,98641,100,99362,100,98599,100,99434,100,98335,100,99454,100,,,99484,100,,
2019-06-28 09:55:30.541402604,99258,402,98935,402,99263,100,98898,100,99268,200,98831,100,99269,100,98779,100,99278,100,98650,100,99329,100,98641,100,99336,100,98599,100,99362,100,98335,100,99434,100,,,99454,100,,
2019-06-28 09:55:40.000000000,99258,176,98935,176,99263,176,98898,176,99268,276,98831,176,99269,176,98779,176,99278,100,98650,100,99329,100,98641,100,99336,100,98599,100,99362,100,98335,100,99434,100,,,99454,100,,
2019-06-28 09:55:43.682696183,99258,176,98935,176,99263,176,98898,176,99268,276,98831,176,99269,176,98779,176,99278,100,98650,100,99329,100,98641,100,99336,100,98599,100,99362,100,98335,100,99434,100,,,99454,100,,
2019-06-28 09:55:44.842417520,99258,76,99223,100,99263,176,98935,176,99268,276,98898,176,99269,176,98831,176,99278,100,98779,176,99329,100,98650,100,99336,100,98641,100,99362,100,98599,100,99434,100,98335,100,99454,100,,
2019-06-28 09:55:50.000000000,99263,160,99223,160,99268,260,98935,160,99269,160,98898,160,99278,160,98831,160,99329,160,98779,160,99336,100,98650,100,99362,100,98641,100,99434,100,98599,100,99454,100,98335,100,99484,100,,
2019-06-28 09:56:00.000000000,99263,203,99223,203,99268,300,98935,200,99269,200,98898,200,99278,100,98831,100,99329,100,98779,100,99336,100,98650,100,99362,100,98641,100,99434,100,98599,100,99454,100,98335,100,99484,100,,
2019-06-28 09:56:07.913929083,99263,203,99223,103,99268,300,98935,200,99269,200,98898,200,99278,100,98831,100,99329,100,98779,100,99336,100,98650,100,99362,100,98641,100,99434,100,98599,100,99454,100,98335,100,99484,100,,
2019-06-28 09:56:09.951995217,99263,203,99223,103,99268,300,98935,200,99269,200,98916,100,99278,100,98898,200,99329,100,98831,100,99336,100,98779,100,99362,100,98650,100,99434,100,98641,100,99454,100,98599,100,99484,100,98335,100
2019-06-28 09:56:10.000000000,99263,251,98935,251,99268,351,98916,251,99269,100,98898,100,99278,100,98831,100,99329,100,98779,100,99336,100,98650,100,99362,100,98641,100,99434,100,98599,100,99454,100,98335,100,99484,100,,
2019-06-28 09:56:15.460201632,99126,100,98935,251,99263,251,98916,251,99268,351,98898,100,99269,100,98831,100,99278,100,98779,100,99329,100,98650,100,99336,100,98641,100,99362,100,98599,100,99434,100,98335,100,99454,100,,
2019-06-28 09:56:18.414521411,99126,100,98935,251,99263,251,98916,251,99268,351,98898,100,99269,100,98847,100,99278,100,98831,100,99329,100,98779,100,99336,100,98650,100,99362,100,98641,100,99434,100,98599,100,99454,100,98335,100
2019-06-28 09:56:19.158135443,99126,100,98935,251,99197,100,98916,251,99263,251,98898,100,99268,351,98847,100,99269,100,98831,100,99278,100,98779,100,99329,100,98650,100,99336,100,98641,100,99362,100,98599,100,99434,100,98335,100
2019-06-28 09:56:20.000000000,99126,203,98935,203,99197,200,98916,200,99263,200,98898,200,99268,200,98847,100,99269,100,98831,100,99278,100,98779,100,99329,100,98650,100,99336,100,98641,100,99362,100,98599,100,99434,100,98335,100
2019-06-28 09:56:30.000000000,99126,402,98935,402,99197,100,98916,100,99263,100,98898,100,99268,200,98847,100,99269,100,98831,100,99278,100,98779,100,99329,100,98650,100,99336,100,98641,100,99362,100,98599,100,99434,100,98335,100
2019-06-28 09:56:32.466189086,99126,402,98935,402,99197,100,98916,100,99263,100,98898,100,99268,200,98847,100,99269,100,98831,100,99278,100,98779,100,99291,100,98650,100,99329,100,98641,100,99336,100,98599,100,99362,100,98335,100
2019-06-28 09:56:40.000000000,99126,402,98935,402,99197,100,98916,100,99263,100,98898,100,99268,200,98847,100,99269,100,98831,100,99278,100,98779,100,99291,100,98650,100,99329,100,98641,100,99336,100,98599,100,99362,100,98335,100
2019-06-28 09:56:50.000000000,99126,402,98935,402,99197,100,98916,100,99263,100,98898,100,99268,200,98847,100,99269,100,98831,100,99278,100,98779,100,99291,100,98650,100,99329,100,98641,100,99336,100,98599,100,99362,100,98335,100
2019-06-28 09:56:54.664238035,99126,302,98935,402,99197,100,98916,100,99263,100,98898,100,99268,200,98847,100,99269,100,98831,100,99278,100,98779,100,99291,100,98650,100,99329,100,98641,100,99336,100,98599,100,99362,100,98335,100
2019-06-28 09:57:00.000000000,99197,160,98935,160,99263,160,98916,160,99268,260,98898,160,99269,160,98847,160,99278,160,98831,160,99291,100,98779,100,99329,100,98650,100,99336,100,98641,100,99362,100,98599,100,99434,100,98335,100
2019-06-28 09:57:04.727773744,99197,60,98935,160,99263,160,98916,160,99268,260,98898,160,99269,160,98847,160,99278,160,98831,160,99291,100,98779,100,99329,100,98650,100,99336,100,98641,100,99362,100,98599,100,99434,100,98335,100
2019-06-28 09:57:04.746955473,99197,60,99126,100,99263,160,98935,160,99268,260,98916,160,99269,160,98898,160,99278,160,98847,160,99291,100,98831,160,99329,100,98779,100,99336,100,98650,100,99362,100,98641,100,99434,100,98599,100
2019-06-28 09:57:10.000000000,99263,176,99126,176,99268,276,98935,176,99269,176,98916,176,99278,176,98898,176,99291,100,98847,100,99329,100,98831,100,99336,100,98779,100,99362,100,98650,100,99434,100,98641,100,99454,100,98599,100
2019-06-28 09:57:20.000000000,99263,402,99126,402,99268,200,98935,100,99269,100,98916,100,99278,100,98898,100,99291,100,98847,100,99329,100,98831,100,99336,100,98779,100,99362,100,98650,100,99434,100,98641,100,99454,100,98599,100
2019-06-28 09:57:26.407736916,99263,402,99126,402,99268,200,98935,100,99269,100,98916,100,99278,100,98898,100,99291,100,98847,100,99296,100,98831,100,99329,100,98779,100,99336,100,98650,100,99362,100,98641,100,99454,100,98599,100
2019-06-28 09:57:30.000000000,99263,160,99126,160,99268,260,98935,160,99269,160,98916,160,99278,160,98898,160,99291,160,98847,160,99296,100,98831,100,99329,100,98779,100,99336,100,98650,100,99362,100,98641,100,99454,100,98599,100
2019-06-28 09:57:30.966735561,99263,60,99126,160,99268,260,98935,160,99269,160,98916,160,99278,160,98898,160,99291,160,98847,160,99296,100,98831,100,99329,100,98779,100,99336,100,98650,100,99362,100,98641,100,99454,100,98599,100
2019-06-28 09:57:40.000000000,99268,502,99126,402,99269,100,98935,100,99278,100,98916,100,99291,100,98898,100,99296,100,98847,100,99329,100,98831,100,99336,100,98779,100,99362,100,98650,100,99454,100,98641,100,99484,100,98599,100
2019-06-28 09:57:44.395945446,99268,502,99126,402,99269,100,98940,100,99278,100,98935,100,99291,100,98916,100,99296,100,98898,100,99329,100,98847,100,99336,100,98831,100,99362,100,98779,100,99484,100,98650,100,99566,100,98641,100
2019-06-28 09:57:48.115278116,99268,502,99126,402,99269,100,98940,100,99278,100,98935,100,99291,100,98932,100,99296,100,98916,100,99329,100,98898,100,99336,100,98847,100,99362,100,98831,100,99484,100,98779,100,99566,100,98650,100
2019-06-28 09:57:50.000000000,99268,260,99126,160,99269,160,98940,160,99278,160,98935,160,99291,160,98932,160,99296,160,98916,160,99329,100,98898,100,99336,100,98847,100,99362,100,98831,100,99484,100,98779,100,99566,100,98650,100
2019-06-28 09:58:00.000000000,99268,276,99126,176,99269,176,98940,176,99278,176,98935,176,99291,176,98932,176,99296,100,98916,100,99329,100,98898,100,99336,100,98847,100,99362,100,98831,100,99484,100,98779,100,99566,100,98650,100
2019-06-28 09:58:10.000000000,99268,276,99126,176,99269,176,98940,176,99278,176,98935,176,99291,176,98932,176,99296,100,98916,100,99329,100,98898,100,99336,100,98847,100,99362,100,98831,100,99484,100,98779,100,99566,100,98650,100
2019-06-28 09:58:20.000000000,99268,502,99126,402,99269,100,98940,100,99278,100,98935,100,99291,100,98932,100,99296,100,98916,100,99329,100,98898,100,99336,100,98847,100,99362,100,98831,100,99484,100,98779,100,99566,100,98650,100
2019-06-28 09:58:20.399122053,99268,502,99126,402,99269,100,98940,100,99278,100,98935,100,99291,100,98932,100,99296,100,98916,100,99329,100,98898,100,99336,100,98847,100,99362,100,98831,100,99484,100,98779,100,99566,100,98650,100
2019-06-28 09:58:30.000000000,99268,260,99126,160,99269,160,98940,160,99278,160,98935,160,99291,160,98932,160,99296,160,98916,160,99329,100,98898,100,99336,100,98847,100,99362,100,98831,100,99484,100,98779,100,99566,100,98650,100
2019-06-28 09:58:40.000000000,99268,303,99126,203,99269,200,98940,200,99278,200,98935,200,99291,100,98932,100,99296,100,98916,100,99329,100,98898,100,99336,100,98847,100,99362,100,98831,100,99484,100,98779,100,99566,100,98650,100
2019-06-28 09:58:48.231040336,99268,303,99126,203,99269,200,98940,200,99278,200,98935,200,99291,100,98932,100,99296,100,98916,100,99329,100,98898,100,99336,100,98873,100,99362,100,98847,100,99484,100,98831,100,99566,100,98779,100
2019-06-28 09:58:50.000000000,99268,502,99126,402,99269,100,98940,100,99278,100,98935,100,99291,100,98932,100,99296,100,98916,100,99329,100,98898,100,99336,100,98873,100,99362,100,98847,100,99484,100,98831,100,99566,100,98779,100
2019-06-28 09:59:00.000000000,99268,276,99126,176,99269,176,98940,176,99278,176,98935,176,99291,176,98932,176,99296,100,98916,100,99329,100,98898,100,99336,100,98873,100,99362,100,98847,100,99484,100,98831,100,99566,100,98779,100
2019-06-28 09:59:10.000000000,99268,502,99126,402,99269,100,98940,100,99278,100,98935,100,99291,100,98932,100,99296,100,98916,100,99329,100,98898,100,99336,100,98873,100,99362,100,98847,100,99484,100,98831,100,99566,100,98779,100
2019-06-28 09:59:20.000000000,99268,303,99126,203,99269,200,98940,200,99278,200,98935,200,99291,100,98932,100,99296,100,98916,100,99329,100,98898,100,99336,100,98873,100,99362,100,98847,100,99484,100,98831,100,99566,100,98779,100
2019-06-28 09:59:24.451420146,99268,303,99126,103,99269,200,98940,200,99278,200,98935,100,99291,100,98932,100,99296,100,98916,100,99329,100,98898,100,99336,100,98873,100,99362,100,98847,100,99484,100,98831,100,99566,100,98779,100
2019-06-28 09:59:30.000000000,99268,276,98940,176,99269,176,98932,176,99278,176,98916,176,99291,176,98898,176,99296,100,98873,100,99329,100,98847,100,99336,100,98831,100,99362,100,98779,100,99484,100,98650,100,99566,100,98641,100
2019-06-28 09:59:40.000000000,99268,276,98940,176,99269,176,98932,176,99278,176,98916,176,99291,176,98898,176,99296,100,98873,100,99329,100,98847,100,99336,100,98831,100,99362,100,98779,100,99484,100,98650,100,99566,100,98641,100
2019-06-28 09:59:50.000000000,99268,260,98940,160,99269,160,98932,160,99278,160,98916,160,99291,160,98898,160,99296,160,98873,160,99329,100,98847,100,99336,100,98831,100,99362,100,98779,100,99484,100,98650,100,99566,100,98641,100
2019-06-28 09:59:50.489795554,99268,160,98940,160,99269,160,98932,160,99278,160,98916,160,99291,160,98898,160,99296,160,98873,160,99329,100,98847,100,99336,100,98831,100,99362,100,98779,100,99484,100,98650,100,99566,100,98641,100
2019-06-28 09:59:55.855783488,99268,160,98940,60,99269,160,98932,160,99278,160,98916,160,99291,160,98898,160,99296,160,98873,160,99329,100,98847,100,99336,100,98831,100,99362,100,98779,100,99484,100,98650,100,99566,100,98641,100
2019-06-28 10:00:00.000000000,99268,176,98932,176,99269,176,98916,176,99278,176,98898,176,99291,176,98873,176,99296,100,98847,100,99329,100,98831,100,99336,100,98779,100,99362,100,98650,100,99484,100,98641,100,99566,100,98335,100
2019-06-28 10:00:10.000000000,99268,176,98932,176,99269,176,98916,176,99278,176,98898,176,99291,176,98873,176,99296,100,98847,100,99329,100,98831,100,99336,100,98779,100,99362,100,98650,100,99484,100,98641,100,99566,100,98335,100
2019-06-28 10:00:16.122758501,99268,176,98932,76,99269,176,98916,176,99278,176,98898,176,99291,176,98873,176,99296,100,98847,100,99329,100,98831,100,99336,100,98779,100,99362,100,98650,100,99484,100,98641,100,99566,100,98335,100
2019-06-28 10:00:19.451785907,99268,176,98932,76,99269,176,98916,176,99278,176,98898,176,99291,176,98873,176,99296,100,98847,100,99329,100,98831,100,99336,100,98779,100,99362,100,98650,100,99484,100,98641,100,99597,100,98335,100
2019-06-28 10:00:20.000000000,99268,203,98916,203,99269,200,98898,200,99278,200,98873,200,99291,100,98847,100,99296,100,98831,100,99329,100,98779,100,99336,100,98650,100,99362,100,98641,100,99484,100,98335,100,99597,100,98328,100
2019-06-28 10:00:30.000000000,99268,251,98916,251,99269,251,98898,251,99278,100,98873,100,99291,100,98847,100,99296,100,98831,100,99329,100,98779,100,99336,100,98650,100,99362,100,98641,100,99484,100,98335,100,99597,100,98328,100
2019-06-28 10:00:39.758669692,99268,251,98916,251,99269,251,98898,251,99278,100,98873,100,99291,100,98847,100,99296,100,98831,100,99329,100,98779,100,99336,100,98650,100,99362,100,98641,100,99484,100,98335,100,99597,100,98328,100
2019-06-28 10:00:40.000000000,99268,160,98916,160,99269,160,98898,160,99278,160,98873,160,99291,160,98847,160,99296,160,98831,160,99329,100,98779,100,99336,100,98650,100,99362,100,98641,100,99484,100,98335,100,99597,100,98328,100
2019-06-28 10:00:49.708170359,99268,160,98916,160,99269,160,98898,160,99278,160,98873,160,99291,160,98847,160,99296,160,98831,160,99329,100,98779,100,99336,100,98650,100,99362,100,98641,100,99484,100,98499,100,99597,100,98335,100
2019-06-28 10:00:50.000000000,99268,251,98916,251,99269,251,98898,251,99278,100,98873,100,99291,100,98847,100,99296,100,98831,100,99329,100,98779,100,99336,100,98650,100,99362,100,98641,100,99484,100,98499,100,99597,100,98335,100
2019-06-28 10:01:00.000000000,99268,251,98916,251,99269,251,98898,251,99278,100,98873,100,99291,100,98847,100,99296,100,98831,100,99329,100,98779,100,99336,100,98650,100,99362,100,98641,100,99484,100,98499,100,99597,100,98335,100
2019-06-28 10:01:10.000000000,99268,402,98916,402,99269,100,98898,100,99278,100,98873,100,99291,100,98847,100,99296,100,98831,100,99329,100,98779,100,99336,100,98650,100,99362,100,98641,100,99484,100,98499,100,99597,100,98335,100
2019-06-28 10:01:20.000000000,99268,251,98916,251,99269,251,98898,251,99278,100,98873,100,99291,100,98847,100,99296,100,98831,100,99329,100,98779,100,99336,100,98650,100,99362,100,98641,100,99484,100,98499,100,99597,100,98335,100
2019-06-28 10:01:30.000000000,99268,402,98916,402,99269,100,98898,100,99278,100,98873,100,99291,100,98847,100,99296,100,98831,100,99329,100,98779,100,99336,100,98650,100,99362,100,98641,100,99484,100,98499,100,99597,100,98335,100
2019-06-28 10:01:40.000000000,99268,160,98916,160,99269,160,98898,160,99278,160,98873,160,99291,160,98847,160,99296,160,98831,160,99329,100,98779,100,99336,100,98650,100,99362,100,98641,100,99484,100,98499,100,99597,100,98335,100
2019-06-28 10:01:50.000000000,99268,176,98916,176,99269,176,98898,176,99278,176,98873,176,99291,176,98847,176,99296,100,98831,100,99329,100,98779,100,99336,100,98650,100,99362,100,98641,100,99484,100,98499,100,99597,100,98335,100
2019-06-28 10:02:00.000000000,99268,402,98916,402,99269,100,98898,100,99278,100,98873,100,99291,100,98847,100,99296,100,98831,100,99329,100,98779,100,99336,100,98650,100,99362,100,98641,100,99484,100,98499,100,99597,100,98335,100
2019-06-28 10:02:10.000000000,99268,160,98916,160,99269,160,98898,160,99278,160,98873,160,99291,160,98847,160,99296,160,98831,160,99329,100,98779,100,99336,100,98650,100,99362,100,98641,100,99484,100,98499,100,99597,100,98335,100
2019-06-28 10:02:20.000000000,99268,176,98916,176,99269,176,98898,176,99278,176,98873,176,99291,176,98847,176,99296,100,98831,100,99329,100,98779,100,99336,100,98650,100,99362,100,98641,100,99484,100,98499,100,99597,100,98335,100
2019-06-28 10:02:30.000000000,99268,402,98916,402,99269,100,98898,100,99278,100,98873,100,99291,100,98847,100,99296,100,98831,100,99329,100,98779,100,99336,100,98650,100,99362,100,98641,100,99484,100,98499,100,99597,100,98335,100
2019-06-28 10:02:31.033161782,99268,402,98916,402,99269,100,98898,100,99278,100,98873,100,99291,100,98847,100,99296,100,98831,100,99329,100,98779,100,99336,100,98650,100,99484,100,98641,100,99597,100,98499,100,99868,200,98335,100
2019-06-28 10:02:39.196849469,99268,402,98916,402,99269,100,98898,100,99291,100,98873,100,99296,100,98847,100,99329,100,98831,100,99336,100,98779,100,99484,100,98650,100,99597,100,98641,100,99868,200,98499,100,99973,100,98335,100
2019-06-28 10:02:40.000000000,99268,402,98916,402,99269,100,98898,100,99291,100,98873,100,99296,100,98847,100,99329,100,98831,100,99336,100,98779,100,99484,100,98650,100,99597,100,98641,100,99868,200,98499,100,99973,100,98335,100
2019-06-28 10:02:48.801402867,99268,402,98916,402,99269,100,98898,100,99291,100,98873,100,99296,100,98847,100,99329,100,98831,100,99336,100,98779,100,99484,100,98650,100,99868,200,98641,100,99973,100,98499,100,99993,100,98335,100
2019-06-28 10:02:50.000000000,99268,160,98916,160,99269,160,98898,160,99291,160,98873,160,99296,160,98847,160,99329,160,98831,160,99336,100,98779,100,99484,100,98650,100,99868,200,98641,100,99973,100,98499,100,99993,100,98335,100
2019-06-28 10:03:00.000000000,99268,176,98916,176,99269,176,98898,176,99291,176,98873,176,99296,176,98847,176,99329,100,98831,100,99336,100,98779,100,99484,100,98650,100,99868,200,98641,100,99973,100,98499,100,99993,100,98335,100
2019-06-28 10:03:10.000000000,99268,251,98916,251,99269,251,98898,251,99291,100,98873,100,99296,100,98847,100,99329,100,98831,100,99336,100,98779,100,99484,100,98650,100,99868,200,98641,100,99973,100,98499,100,99993,100,98335,100
2019-06-28 10:03:12.241262177,99268,251,98916,151,99269,251,98898,251,99291,100,98873,100,99296,100,98847,100,99329,100,98831,100,99336,100,98779,100,99484,100,98650,100,99868,200,98641,100,99973,100,98499,100,99993,100,98335,100
2019-06-28 10:03:18.611114384,99268,251,98916,151,99269,251,98898,251,99291,100,98873,100,99296,100,98847,100,99329,100,98831,100,99336,100,98779,100,99484,100,98650,100,99868,200,98641,100,99973,100,98499,100,99993,100,98335,100
2019-06-28 10:03:20.000000000,99268,160,98898,160,99269,160,98873,160,99291,160,98847,160,99296,160,98831,160,99329,160,98779,160,99336,100,98650,100,99484,100,98641,100,99868,200,98499,100,99973,100,98335,100,99993,100,98328,100
2019-06-28 10:03:21.721371498,99268,160,98898,160,99269,160,98873,160,99291,160,98847,160,99296,160,98831,160,99329,160,98779,160,99336,100,98650,100,99484,100,98641,100,99868,200,98499,100,99973,100,98335,100,99993,100,98328,100
2019-06-28 10:03:30.000000000,99268,160,98898,160,99269,160,98873,160,99291,160,98847,160,99296,160,98831,160,99329,160,98779,160,99336,100,98650,100,99484,100,98641,100,99868,200,98499,100,99973,100,98335,100,99993,100,98328,100
2019-06-28 10:03:33.006427900,98932,100,98898,160,99268,160,98873,160,99269,160,98847,160,99291,160,98831,160,99296,160,98779,160,99329,160,98650,100,99336,100,98641,100,99484,100,98499,100,99868,200,98335,100,99973,100,98328,100
2019-06-28 10:03:39.683718952,98932,100,98898,60,99268,160,98873,160,99269,160,98847,160,99291,160,98831,160,99296,160,98779,160,99329,160,98650,100,99336,100,98641,100,99484,100,98499,100,99868,200,98335,100,99973,100,98328,100
2019-06-28 10:03:40.000000000,98932,203,98873,203,99268,200,98847,200,99269,200,98831,200,99291,100,98779,100,99296,100,98650,100,99329,100,98641,100,99336,100,98499,100,99484,100,98335,100,99868,200,98328,100,99973,100,98224,100
2019-06-28 10:03:41.118325934,98932,203,98873,103,99268,200,98847,200,99269,200,98831,200,99291,100,98779,100,99296,100,98650,100,99329,100,98641,100,99336,100,98499,100,99484,100,98335,100,99868,200,98328,100,99973,100,98224,100
2019-06-28 10:03:50.000000000,98932,251,98847,251,99268,251,98831,251,99269,100,98779,100,99291,100,98650,100,99296,100,98641,100,99329,100,98499,100,99336,100,98335,100,99484,100,98328,100,99868,200,98224,100,99973,100,97566,100
2019-06-28 10:03:58.109762830,98932,251,98847,151,99268,251,98831,251,99269,100,98779,100,99291,100,98650,100,99296,100,98641,100,99329,100,98499,100,99336,100,98335,100,99484,100,98328,100,99868,200,98224,100,99973,100,97566,100
2019-06-28 10:04:00.000000000,98932,160,98831,160,99268,160,98779,160,99269,160,98650,160,99291,160,98641,160,99296,160,98499,160,99329,100,98335,100,99336,100,98328,100,99484,100,98224,100,99868,200,97566,100,99973,100,97544,100
2019-06-28 10:04:10.000000000,98932,251,98831,251,99268,251,98779,251,99269,100,98650,100,99291,100,98641,100,99296,100,98499,100,99329,100,98335,100,99336,100,98328,100,99484,100,98224,100,99868,200,97566,100,99973,100,97544,100
2019-06-28 10:04:13.825968637,98873,100,98831,251,98932,251,98779,251,99268,251,98650,100,99269,100,98641,100,99291,100,98499,100,99296,100,98335,100,99329,100,98328,100,99336,100,98224,100,99484,100,97566,100,99868,200,97544,100
2019-06-28 10:04:19.088294981,98873,200,98831,251,98932,251,98779,251,99268,251,98650,100,99269,100,98641,100,99291,100,98499,100,99296,100,98335,100,99329,100,98328,100,99336,100,98224,100,99484,100,97566,100,99868,100,97544,100
2019-06-28 10:04:20.000000000,98873,260,98831,160,98932,160,98779,160,99268,160,98650,160,99269,160,98641,160,99291,160,98499,160,99296,100,98335,100,99329,100,98328,100,99336,100,98224,100,99484,100,97566,100,99868,100,97544,100
2019-06-28 10:04:30.000000000,98873,276,98831,176,98932,176,98779,176,99268,176,98650,176,99269,176,98641,176,99291,100,98499,100,99296,100,98335,100,99329,100,98328,100,99336,100,98224,100,99484,100,97566,100,99868,100,97544,100
2019-06-28 10:04:31.428605095,98873,276,98831,76,98932,176,98779,176,99268,176,98650,176,99269,176,98641,176,99291,100,98499,100,99296,100,98335,100,99329,100,98328,100,99336,100,98224,100,99484,100,97566,100,99868,100,97544,100
2019-06-28 10:04:33.760467043,98873,276,98831,76,98932,176,98779,176,99268,176,98650,176,99269,176,98641,176,99291,100,98499,100,99296,100,98335,100,99329,100,98328,100,99336,100,98224,100,99484,100,98163,100,99868,100,97566,100
2019-06-28 10:04:40.000000000,98873,502,98779,402,98932,100,98650,100,99268,100,98641,100,99269,100,98499,100,99291,100,98335,100,99296,100,98328,100,99329,100,98224,100,99336,100,98163,100,99484,100,97566,100,99868,100,97544,100
2019-06-28 10:04:47.944195287,98873,502,98779,402,98932,100,98650,100,99268,100,98641,100,99269,100,98499,100,99291,100,98335,100,99296,100,98328,100,99329,100,98224,100,99336,100,98163,100,99484,100,97784,100,99868,100,97566,100
2019-06-28 10:04:50.000000000,98873,303,98779,203,98932,200,98650,200,99268,200,98641,200,99269,100,98499,100,99291,100,98335,100,99296,100,98328,100,99329,100,98224,100,99336,100,98163,100,99484,100,97784,100,99868,100,97566,100
2019-06-28 10:04:51.304794156,98847,100,98779,203,98873,303,98650,200,98932,200,98641,200,99268,200,98499,100,99269,100,98335,100,99291,100,98328,100,99296,100,98224,100,99329,100,98163,100,99336,100,97784,100,99484,100,97566,100
2019-06-28 10:04:58.740997572,98847,100,98779,203,98873,303,98650,200,98932,200,98641,200,99268,200,98499,100,99269,100,98335,100,99296,100,98328,100,99329,100,98224,100,99336,100,98163,100,99484,100,97919,100,99868,100,97784,100
2019-06-28 10:05:00.000000000,98847,402,98779,402,98873,200,98650,100,98932,100,98641,100,99268,100,98499,100,99269,100,98335,100,99296,100,98328,100,99329,100,98224,100,99336,100,98163,100,99484,100,97919,100,99868,100,97784,100
2019-06-28 10:05:10.000000000,98847,176,98779,176,98873,276,98650,176,98932,176,98641,176,99268,176,98499,176,99269,100,98335,100,99296,100,98328,100,99329,100,98224,100,99336,100,98163,100,99484,100,97919,100,99868,100,97784,100
2019-06-28 10:05:17.856574661,98847,276,98779,176,98873,276,98650,176,98932,176,98641,176,99268,176,98499,176,99269,100,98335,100,99296,100,98328,100,99336,100,98224,100,99484,100,98163,100,99868,100,97919,100,99993,100,97784,100
2019-06-28 10:05:18.873992402,98847,276,98779,76,98873,276,98650,176,98932,176,98641,176,99268,176,98499,176,99269,100,98335,100,99296,100,98328,100,99336,100,98224,100,99484,100,98163,100,99868,100,97919,100,99993,100,97784,100
2019-06-28 10:05:20.000000000,98847,276,98650,176,98873,276,98641,176,98932,176,98499,176,99268,176,98335,176,99269,100,98328,100,99296,100,98224,100,99336,100,98163,100,99484,100,97919,100,99868,100,97784,100,99993,100,97566,100
2019-06-28 10:05:23.226651014,98847,276,98650,176,98873,276,98641,176,98932,176,98499,176,99268,176,98335,176,99269,100,98224,100,99296,100,98175,100,99336,100,98163,100,99484,100,97919,100,99868,100,97784,100,99993,100,97566,100
2019-06-28 10:05:25.160800223,98847,276,98650,76,98873,276,98641,176,98932,176,98499,176,99268,176,98335,176,99269,100,98224,100,99296,100,98175,100,99336,100,98163,100,99484,100,97919,100,99868,100,97784,100,99993,100,97566,100
2019-06-28 10:05:29.798964287,98779,100,98650,76,98847,276,98641,176,98873,276,98499,176,98932,176,98335,176,99268,76,98224,100,99269,100,98175,100,99296,100,98163,100,99336,100,97919,100,99484,100,97784,100,99868,100,97566,100
2019-06-28 10:05:30.000000000,98779,176,98641,176,98847,276,98499,176,98873,276,98335,176,98932,176,98224,176,99269,100,98175,100,99296,100,98163,100,99336,100,97919,100,99484,100,97784,100,99868,100,97566,100,99993,100,97544,100
2019-06-28 10:05:40.000000000,98779,251,98641,251,98847,351,98499,251,98873,200,98335,100,98932,100,98224,100,99269,100,98175,100,99296,100,98163,100,99336,100,97919,100,99484,100,97784,100,99868,100,97566,100,99993,100,97544,100
2019-06-28 10:05:50.000000000,98779,160,98641,160,98847,260,98499,160,98873,260,98335,160,98932,160,98224,160,99269,160,98175,160,99296,100,98163,100,99336,100,97919,100,99484,100,97784,100,99868,100,97566,100,99993,100,97544,100
2019-06-28 10:05:54.517141480,98779,160,98641,160,98847,260,98499,160,98873,260,98335,160,98932,160,98224,160,99269,160,98175,160,99296,100,98163,100,99336,100,98108,100,99484,100,97919,100,99868,100,97784,100,99993,100,97566,100
2019-06-28 10:06:00.000000000,98779,251,98641,251,98847,351,98499,251,98873,200,98335,100,98932,100,98224,100,99269,100,98175,100,99296,100,98163,100,99336,100,98108,100,99484,100,97919,100,99868,100,97784,100,99993,100,97566,100
2019-06-28 10:06:10.000000000,98779,203,98641,203,98847,300,98499,200,98873,300,98335,200,98932,100,98224,100,99269,100,98175,100,99296,100,98163,100,99336,100,98108,100,99484,100,97919,100,99868,100,97784,100,99993,100,97566,100
2019-06-28 10:06:20.000000000,98779,160,98641,160,98847,260,98499,160,98873,260,98335,160,98932,160,98224,160,99269,160,98175,160,99296,100,98163,100,99336,100,98108,100,99484,100,97919,100,99868,100,97784,100,99993,100,97566,100
2019-06-28 10:06:26.364887529,98779,160,98641,60,98847,260,98499,160,98873,260,98335,160,98932,160,98224,160,99269,160,98175,160,99296,100,98163,100,99336,100,98108,100,99484,100,97919,100,99868,100,97784,100,99993,100,97566,100
2019-06-28 10:06:30.000000000,98779,160,98499,160,98847,260,98335,160,98873,260,98224,160,98932,160,98175,160,99269,160,98163,160,99296,100,98108,100,99336,100,97919,100,99484,100,97784,100,99868,100,97566,100,99993,100,97544,100
2019-06-28 10:06:33.642988069,98779,160,98499,60,98847,260,98335,160,98873,260,98224,160,98932,160,98175,160,99269,160,98163,160,99296,100,98108,100,99336,100,97919,100,99484,100,97784,100,99868,100,97566,100,99993,100,97544,100
2019-06-28 10:06:36.951526085,98779,160,98499,60,98847,260,98335,160,98873,160,98224,160,98932,160,98175,160,99269,160,98163,160,99296,100,98108,100,99336,100,97919,100,99484,100,97784,100,99868,100,97566,100,99993,100,97544,100
2019-06-28 10:06:40.000000000,98779,402,98335,402,98847,200,98224,100,98873,100,98175,100,98932,100,98163,100,99269,100,98108,100,99296,100,97919,100,99336,100,97784,100,99484,100,97566,100,99868,100,97544,100,99993,100,97167,100
2019-06-28 10:06:40.643951445,98779,402,98335,402,98847,200,98224,100,98873,100,98197,100,98932,100,98175,100,99269,100,98163,100,99296,100,98108,100,99336,100,97919,100,99484,100,97784,100,99868,100,97566,100,99993,100,97544,100
2019-06-28 10:06:46.589791281,98779,402,98335,302,98847,200,98224,100,98873,100,98197,100,98932,100,98175,100,99269,100,98163,100,99296,100,98108,100,99336,100,97919,100,99484,100,97784,100,99868,100,97566,100,99993,100,97544,100
2019-06-28 10:06:50.000000000,98779,203,98224,203,98847,300,98197,200,98873,200,98175,200,98932,100,98163,100,99269,100,98108,100,99296,100,97919,100,99336,100,97784,100,99484,100,97566,100,99868,100,97544,100,99993,100,97167,100
2019-06-28 10:07:00.000000000,98779,176,98224,176,98847,276,98197,176,98873,176,98175,176,98932,176,98163,176,99269,100,98108,100,99296,100,97919,100,99336,100,97784,100,99484,100,97566,100,99868,100,97544,100,99993,100,97167,100
2019-06-28 10:07:10.000000000,98779,251,98224,251,98847,351,98197,251,98873,100,98175,100,98932,100,98163,100,99269,100,98108,100,99296,100,97919,100,99336,100,97784,100,99484,100,97566,100,99868,100,97544,100,99993,100,97167,100
2019-06-28 10:07:15.888801019,98779,251,98224,251,98847,351,98197,251,98873,100,98175,100,98932,100,98163,100,99269,100,98108,100,99296,100,97919,100,99336,100,97784,100,99484,100,97566,100,99868,100,97544,100,100010,100,97167,100
2019-06-28 10:07:19.347787876,98779,251,98224,251,98847,351,98197,251,98873,100,98175,100,98932,100,98163,100,99269,100,98108,100,99296,100,98085,100,99336,100,97919,100,99484,100,97784,100,99868,100,97566,100,100010,100,97544,100
2019-06-28 10:07:20.000000000,98779,203,98224,203,98847,300,98197,200,98873,200,98175,200,98932,100,98163,100,99269,100,98108,100,99296,100,98085,100,99336,100,97919,100,99484,100,97784,100,99868,100,97566,100,100010,100,97544,100
2019-06-28 10:07:29.555264710,98499,100,98224,203,98779,203,98197,200,98847,300,98175,200,98873,200,98163,100,98932,100,98108,100,99269,100,98085,100,99296,100,97919,100,99336,100,97784,100,99484,100,97566,100,100010,100,97544,100
2019-06-28 10:07:30.000000000,98499,160,98224,160,98779,160,98197,160,98847,260,98175,160,98873,160,98163,160,98932,160,98108,160,99269,100,98085,100,99296,100,97919,100,99336,100,97784,100,99484,100,97566,100,100010,100,97544,100
2019-06-28 10:07:31.578726697,98499,160,98224,160,98779,160,98197,160,98847,260,98175,160,98873,160,98163,160,98932,160,98108,160,99269,100,98085,100,99296,100,97919,100,99336,100,97826,100,99484,100,97784,100,100010,100,97566,100
2019-06-28 10:07:40.000000000,98499,402,98224,402,98779,100,98197,100,98847,200,98175,100,98873,100,98163,100,98932,100,98108,100,99269,100,98085,100,99296,100,97919,100,99336,100,97826,100,99484,100,97784,100,100010,100,97566,100
2019-06-28 10:07:46.704977182,98499,402,98224,402,98779,100,98197,100,98847,200,98175,100,98873,100,98163,100,98932,100,98108,100,99269,100,98085,100,99296,100,97919,100,99336,100,97826,100,99484,100,97784,100,100010,100,97566,100
2019-06-28 10:07:50.000000000,98499,160,98224,160,98779,160,98197,160,98847,260,98175,160,98873,160,98163,160,98932,160,98108,160,99269,100,98085,100,99296,100,97919,100,99336,100,97826,100,99484,100,97784,100,100010,100,97566,100
2019-06-28 10:08:00.000000000,98499,160,98224,160,98779,160,98197,160,98847,260,98175,160,98873,160,98163,160,98932,160,98108,160,99269,100,98085,100,99296,100,97919,100,99336,100,97826,100,99484,100,97784,100,100010,100,97566,100
