,ask_price_1,ask_size_1,bid_price_1,bid_size_1,ask_price_2,ask_size_2,bid_price_2,bid_size_2,ask_price_3,ask_size_3,bid_price_3,bid_size_3,ask_price_4,ask_size_4,bid_price_4,bid_size_4,ask_price_5,ask_size_5,bid_price_5,bid_size_5,ask_price_6,ask_size_6,bid_price_6,bid_size_6,ask_price_7,ask_size_7,bid_price_7,bid_size_7,ask_price_8,ask_size_8,bid_price_8,bid_size_8,ask_price_9,ask_size_9,bid_price_9,bid_size_9,ask_price_10,ask_size_10,bid_price_10,bid_size_10
2019-06-28 09:30:00.000000000,99997,100,,,,,,,,,,,,,,,,,,,,,,,,,,,,,,,,,,,,,,
2019-06-28 09:30:00.000000001,99997,100,99927,100,,,,,,,,,,,,,,,,,,,,,,,,,,,,,,,,,,,,
2019-06-28 09:30:00.000000002,99997,100,99927,100,100039,100,,,100059,100,,,,,,,,,,,,,,,,,,,,,,,,,,,,,,
2019-06-28 09:30:00.000000003,99997,100,99933,100,100039,100,99927,100,100059,100,,,100088,100,,,,,,,,,,,,,,,,,,,,,,,,,,
2019-06-28 09:30:00.000000004,100039,100,99933,100,100059,100,99927,100,100088,100,,,,,,,,,,,,,,,,,,,,,,,,,,,,,,
2019-06-28 09:30:00.000000005,100039,100,99976,100,100059,100,99933,100,100088,100,99927,100,100140,100,,,,,,,,,,,,,,,,,,,,,,,,,,
2019-06-28 09:30:00.000000006,100059,100,99976,100,100088,100,99933,100,100140,100,99927,100,,,,,,,,,,,,,,,,,,,,,,,,,,,,
2019-06-28 09:30:00.000000008,100059,100,99976,100,100088,100,99933,100,100140,100,99927,100,,,99779,100,,,,,,,,,,,,,,,,,,,,,,,,
2019-06-28 09:30:00.000000011,100049,100,100002,100,100059,100,99976,100,100088,100,99934,100,100140,100,99933,100,,,99927,100,,,99779,100,,,,,,,,,,,,,,,,
2019-06-28 09:30:00.000000014,100049,100,100002,100,100059,100,99976,100,100088,100,99934,100,100140,100,99933,100,100195,100,99927,100,,,99779,100,,,,,,,,,,,,,,,,
2019-06-28 09:30:00.000000017,100049,100,100002,100,100059,100,99976,100,100078,100,99934,100,100088,100,99933,100,100140,100,99927,100,100195,100,99837,100,,,99779,100,,,,,,,,,,,,
2019-06-28 09:30:00.000000020,100049,100,100041,100,100059,100,100002,100,100078,100,99976,100,100088,100,99934,100,100098,100,99933,100,100140,100,99927,100,100195,100,99837,100,,,99779,100,,,,,,,,
2019-06-28 09:30:00.000000022,100049,100,100041,100,100059,100,100002,100,100078,100,99976,100,100088,100,99942,100,100098,100,99934,100,100140,100,99933,100,100195,100,99927,100,,,99837,100,,,99779,100,,,,
2019-06-28 09:30:00.000000023,100049,100,100039,100,100059,100,100002,100,100069,100,99976,100,100078,100,99942,100,100088,100,99934,100,100098,100,99933,100,100140,100,99927,100,100195,100,99837,100,,,99779,100,,,,
2019-06-28 09:30:00.000000025,100049,100,100002,100,100059,100,99976,100,100069,100,99942,100,100078,100,99934,100,100088,100,99933,100,100098,100,99927,100,100140,100,99837,100,100195,100,99779,100,,,,,,,,
2019-06-28 09:30:00.000000026,100049,100,100002,100,100059,100,99976,100,100069,100,99942,100,100074,100,99934,100,100078,100,99933,100,100088,100,99927,100,100098,100,99837,100,100140,100,99779,100,100195,100,,,,,,
2019-06-28 09:30:00.000000027,100049,100,100002,100,100059,100,99976,100,100069,100,99942,100,100074,100,99934,100,100078,100,99933,100,100088,100,99927,100,100098,100,99837,100,100140,100,99779,100,100195,100,,,100272,100,,
2019-06-28 09:30:00.000000028,100049,100,100002,100,100059,100,99984,100,100069,100,99976,100,100074,100,99942,100,100078,100,99934,100,100088,100,99933,100,100098,100,99927,100,100140,100,99837,100,100195,100,99779,100,100272,100,,
2019-06-28 09:30:00.000000035,100039,100,100002,100,100049,100,99984,100,100059,100,99976,100,100069,100,99942,100,100074,100,99934,100,100078,100,99933,100,100088,100,99927,100,100098,100,99837,100,100119,100,99779,100,100140,100,,
2019-06-28 09:30:00.000000038,100039,200,100002,100,100049,100,99984,100,100059,100,99976,100,100069,100,99942,100,100074,100,99934,100,100078,100,99933,100,100088,100,99927,100,100098,100,99837,100,100119,100,99779,100,100140,100,,
2019-06-28 09:30:00.000000042,100039,200,100002,100,100049,100,99984,100,100059,100,99976,100,100069,100,99942,100,100074,100,99934,100,100078,200,99933,100,100088,100,99927,100,100098,100,99837,100,100119,100,99779,100,100140,100,,
2019-06-28 09:30:00.000000045,100039,200,100010,100,100049,100,100002,100,100059,100,99984,100,100069,100,99976,100,100074,100,99942,100,100078,200,99934,100,100088,100,99933,100,100098,100,99927,100,100119,100,99837,100,100140,100,99779,100
2019-06-28 09:30:00.000000046,100039,100,100010,100,100049,100,100002,100,100059,100,99984,100,100069,100,99976,100,100074,100,99942,100,100078,200,99934,100,100088,100,99933,100,100098,100,99927,100,100119,100,99837,100,100140,100,99779,100
2019-06-28 09:30:00.000000048,100039,100,100010,100,100049,100,100002,100,100059,100,99984,100,100063,100,99976,100,100069,100,99942,100,100074,100,99934,100,100078,200,99933,100,100088,100,99927,100,100098,100,99837,100,100119,100,99779,100
2019-06-28 09:30:00.000000049,100039,100,100010,100,100049,100,100002,100,100059,100,99984,100,100063,100,99976,100,100069,100,99942,100,100074,100,99934,100,100078,200,99933,100,100088,100,99927,100,100098,100,99921,100,100119,100,99837,100
2019-06-28 09:30:00.000000051,100039,100,100010,100,100049,100,100002,100,100059,100,99984,100,100063,100,99976,100,100069,100,99942,100,100074,100,99934,100,100078,200,99933,100,100088,100,99927,100,100098,100,99921,100,100119,100,99837,100
2019-06-28 09:30:00.000000052,100038,100,100010,100,100039,100,100002,100,100049,100,99984,100,100059,100,99976,100,100063,100,99942,100,100069,100,99934,100,100074,100,99933,100,100078,200,99927,100,100088,100,99921,100,100098,100,99907,100
2019-06-28 09:30:00.000000056,100038,100,100010,100,100039,100,100002,100,100049,100,99984,100,100059,100,99976,100,100063,100,99942,100,100069,100,99934,100,100074,100,99933,100,100078,200,99927,100,100088,100,99921,100,100098,100,99907,100
2019-06-28 09:30:00.000000063,100038,100,100010,100,100039,100,100002,100,100049,100,99993,100,100059,100,99984,100,100063,100,99976,100,100069,100,99942,100,100074,100,99934,100,100078,200,99933,100,100088,100,99927,100,100098,100,99921,100
2019-06-28 09:30:00.000000064,100027,100,100010,100,100038,100,100002,100,100039,100,99993,100,100049,100,99984,100,100059,100,99976,100,100063,100,99942,100,100069,100,99934,100,100074,100,99933,100,100078,200,99927,100,100088,100,99921,100
2019-06-28 09:30:00.000000065,100027,100,100010,100,100038,100,100002,100,100039,100,99993,100,100049,100,99984,100,100059,100,99976,100,100063,100,99942,100,100069,100,99934,100,100074,100,99933,100,100078,200,99927,100,100088,100,99921,100
2019-06-28 09:30:00.000000067,100038,100,100010,100,100039,100,100002,100,100049,100,99993,100,100059,100,99984,100,100063,100,99976,100,100069,100,99942,100,100074,100,99934,100,100078,200,99933,100,100088,100,99927,100,100098,100,99921,100
2019-06-28 09:30:00.000000069,100038,100,100010,100,100039,100,100002,100,100049,100,99993,100,100059,100,99984,100,100063,100,99976,100,100069,100,99942,100,100074,100,99934,100,100078,200,99933,100,100088,100,99927,100,100098,100,99921,100
2019-06-28 09:30:00.000000071,100037,100,100010,100,100038,100,100002,100,100039,100,99993,100,100049,100,99984,100,100059,100,99976,100,100063,100,99942,100,100069,100,99934,100,100074,100,99933,100,100078,200,99927,100,100088,100,99921,100
2019-06-28 09:30:00.000000072,100037,200,100010,100,100038,100,100002,100,100039,100,99993,100,100049,100,99984,100,100059,100,99976,100,100063,100,99942,100,100069,100,99934,100,100074,100,99933,100,100078,200,99927,100,100088,100,99921,100
2019-06-28 09:30:00.000000074,100037,200,100010,100,100038,100,100002,100,100039,100,99993,200,100049,100,99984,100,100059,100,99976,100,100063,100,99942,100,100069,100,99934,100,100074,100,99933,100,100078,200,99927,100,100088,100,99921,100
2019-06-28 09:30:00.000000075,100037,200,100010,100,100038,100,100002,100,100039,100,99993,200,100049,100,99984,100,100059,100,99976,100,100063,100,99942,100,100069,100,99934,100,100074,100,99933,100,100078,200,99927,200,100088,100,99921,100
2019-06-28 09:30:00.000000076,100037,100,100010,100,100038,100,100002,100,100039,100,99993,200,100049,100,99984,100,100059,100,99976,100,100063,100,99942,100,100069,100,99934,100,100074,100,99933,100,100078,200,99927,200,100088,100,99921,100
2019-06-28 09:30:00.000000080,100032,100,100010,100,100037,100,100002,100,100038,100,99993,200,100039,100,99984,100,100049,100,99976,100,100059,100,99942,100,100063,100,99934,100,100069,100,99933,100,100074,100,99927,200,100078,200,99921,100
2019-06-28 09:30:00.000000081,100032,100,100010,100,100037,100,100002,100,100038,100,99993,200,100039,100,99984,200,100049,100,99976,100,100059,100,99942,100,100063,100,99934,100,100069,100,99933,100,100074,100,99927,200,100078,200,99921,100
2019-06-28 09:30:00.000000083,100032,100,100010,100,100037,100,100002,100,100038,100,99993,200,100039,100,99991,100,100049,100,99984,200,100059,100,99976,100,100063,100,99942,100,100069,100,99934,100,100074,100,99933,100,100078,200,99927,200
2019-06-28 09:30:00.000000086,100032,100,100010,100,100036,100,100002,100,100037,100,99993,200,100038,100,99991,100,100039,100,99984,200,100049,100,99976,100,100059,100,99942,100,100063,100,99934,100,100069,100,99933,100,100074,100,99927,200
2019-06-28 09:30:00.000000091,100032,100,100002,100,100036,100,99993,200,100037,100,99991,100,100038,100,99984,200,100039,100,99977,100,100049,100,99976,100,100059,100,99942,100,100063,100,99934,100,100069,100,99933,100,100074,100,99927,200
2019-06-28 09:30:00.000000092,100031,100,100002,100,100032,100,99993,200,100036,100,99991,100,100037,100,99984,200,100038,100,99977,100,100039,100,99976,100,100049,100,99942,100,100059,100,99934,100,100063,100,99933,100,100069,100,99927,200
2019-06-28 09:30:00.000000093,100031,100,100002,100,100032,100,99993,200,100036,100,99991,100,100037,100,99984,200,100038,100,99977,100,100039,100,99976,100,100049,100,99942,100,100059,100,99934,100,100063,100,99933,100,100069,100,99927,200
2019-06-28 09:30:00.000000096,100031,100,100009,100,100032,100,100002,100,100036,100,99993,200,100037,100,99991,100,100038,100,99984,200,100039,100,99977,100,100049,100,99976,100,100059,100,99942,100,100063,100,99934,100,100069,100,99933,100
2019-06-28 09:30:00.000000097,100031,100,100009,100,100032,100,100002,100,100036,100,99993,200,100037,100,99991,100,100038,100,99984,200,100039,100,99977,100,100049,100,99976,100,100059,100,99942,100,100063,100,99934,100,100069,100,99933,100
2019-06-28 09:30:04.590173049,100031,100,100002,100,100036,100,99993,200,100037,100,99991,100,100038,100,99984,200,100039,100,99977,100,100049,100,99976,100,100059,100,99942,100,100063,100,99934,100,100069,100,99933,100,100074,100,99927,200
2019-06-28 09:30:10.000000000,100031,264,100002,264,100036,259,99993,359,100037,259,99991,259,100038,100,99984,200,100039,100,99977,100,100049,100,99976,100,100059,100,99942,100,100063,100,99934,100,100069,100,99933,100,100074,100,99927,200
2019-06-28 09:30:13.884947629,100031,264,100002,264,100036,259,99993,259,100037,259,99991,259,100038,100,99984,200,100039,100,99977,100,100049,100,99976,100,100059,100,99942,100,100063,100,99934,100,100069,100,99933,100,100074,100,99927,200
2019-06-28 09:30:20.000000000,100031,220,100002,220,100036,220,99993,220,100037,220,99991,220,100038,220,99984,320,100039,100,99977,100,100049,100,99976,100,100059,100,99942,100,100063,100,99934,100,100069,100,99933,100,100074,100,99927,200
2019-06-28 09:30:30.000000000,100031,264,100002,264,100036,259,99993,259,100037,259,99991,259,100038,100,99984,200,100039,100,99977,100,100049,100,99976,100,100059,100,99942,100,100063,100,99934,100,100069,100,99933,100,100074,100,99927,200
2019-06-28 09:30:40.000000000,100031,340,100002,340,100036,340,99993,340,100037,100,99991,100,100038,100,99984,200,100039,100,99977,100,100049,100,99976,100,100059,100,99942,100,100063,100,99934,100,100069,100,99933,100,100074,100,99927,200
2019-06-28 09:30:40.792795124,100031,340,100002,340,100036,340,99993,340,100037,100,99991,100,100038,100,99984,200,100039,100,99977,100,100049,100,99976,100,100059,100,99942,100,100063,100,99934,100,100069,100,99933,100,100074,100,99927,200
2019-06-28 09:30:50.000000000,100031,264,100002,264,100036,259,99993,259,100037,259,99991,259,100038,100,99984,200,100039,100,99977,100,100049,100,99976,100,100059,100,99942,100,100063,100,99934,100,100069,100,99933,100,100074,100,99927,200
2019-06-28 09:31:00.000000000,100031,196,100002,196,100036,196,99993,196,100037,196,99991,196,100038,196,99984,296,100039,196,99977,196,100049,100,99976,100,100059,100,99942,100,100063,100,99934,100,100069,100,99933,100,100074,100,99927,200
2019-06-28 09:31:10.000000000,100031,581,100002,581,100036,100,99993,100,100037,100,99991,100,100038,100,99984,200,100039,100,99977,100,100049,100,99976,100,100059,100,99942,100,100063,100,99934,100,100069,100,99933,100,100074,100,99927,200
2019-06-28 09:31:14.056748978,100031,581,100002,581,100036,100,99993,100,100037,100,99991,100,100038,100,99984,200,100039,100,99977,100,100049,100,99976,100,100059,100,99942,100,100063,100,99934,100,100069,100,99933,100,100074,100,99927,200
2019-06-28 09:31:20.000000000,100031,264,100002,264,100036,259,99993,259,100037,259,99991,259,100038,100,99984,200,100039,100,99977,100,100049,100,99976,100,100059,100,99942,100,100063,100,99934,100,100069,100,99933,100,100074,100,99927,200
2019-06-28 09:31:24.254735030,100031,264,100002,264,100036,259,99993,259,100037,259,99991,259,100038,100,99984,200,100039,100,99977,100,100049,100,99976,100,100059,100,99942,100,100063,100,99934,100,100069,100,99933,100,100074,100,99927,200
2019-06-28 09:31:30.000000000,100031,581,100002,581,100036,100,99993,100,100037,100,99991,100,100038,100,99984,200,100039,100,99977,100,100049,100,99976,100,100059,100,99942,100,100063,100,99934,100,100069,100,99933,100,100074,100,99927,200
2019-06-28 09:31:40.000000000,100031,220,100002,220,100036,220,99993,220,100037,220,99991,220,100038,220,99984,320,100039,100,99977,100,100049,100,99976,100,100059,100,99942,100,100063,100,99934,100,100069,100,99933,100,100074,100,99927,200
2019-06-28 09:31:40.164573546,100031,220,100009,100,100036,220,100002,220,100037,220,99993,220,100038,220,99991,220,100039,100,99984,320,100049,100,99977,100,100059,100,99976,100,100063,100,99942,100,100069,100,99934,100,100074,100,99933,100
2019-06-28 09:31:50.000000000,100031,581,100009,581,100036,100,100002,100,100037,100,99993,100,100038,100,99991,100,100039,100,99984,200,100049,100,99977,100,100059,100,99976,100,100063,100,99942,100,100069,100,99934,100,100074,100,99933,100
2019-06-28 09:31:55.166877388,100031,481,100009,581,100036,100,100002,100,100037,100,99993,100,100038,100,99991,100,100039,100,99984,200,100049,100,99977,100,100059,100,99976,100,100063,100,99942,100,100069,100,99934,100,100074,100,99933,100
2019-06-28 09:31:57.387109601,100031,481,100010,100,100036,100,100009,581,100037,100,100002,100,100038,100,99993,100,100039,100,99991,100,100049,100,99984,200,100059,100,99977,100,100063,100,99976,100,100069,100,99942,100,100074,100,99934,100
2019-06-28 09:32:00.000000000,100036,264,100010,264,100037,259,100009,259,100038,259,100002,259,100039,100,99993,100,100049,100,99991,100,100059,100,99984,200,100063,100,99977,100,100069,100,99976,100,100074,100,99942,100,100078,200,99934,100
2019-06-28 09:32:10.000000000,100036,196,100010,196,100037,196,100009,196,100038,196,100002,196,100039,196,99993,196,100049,196,99991,196,100059,100,99984,200,100063,100,99977,100,100069,100,99976,100,100074,100,99942,100,100078,200,99934,100
2019-06-28 09:32:20.000000000,100036,196,100010,196,100037,196,100009,196,100038,196,100002,196,100039,196,99993,196,100049,196,99991,196,100059,100,99984,200,100063,100,99977,100,100069,100,99976,100,100074,100,99942,100,100078,200,99934,100
2019-06-28 09:32:21.710529346,100036,196,100010,196,100037,196,100009,196,100038,196,100002,196,100039,196,99993,196,100049,196,99991,196,100059,100,99984,200,100063,100,99977,100,100069,100,99976,100,100074,100,99942,100,100078,200,99934,100
2019-06-28 09:32:29.219427349,100036,96,100010,196,100037,196,100009,196,100038,196,100002,196,100039,196,99993,196,100049,196,99991,196,100059,100,99984,200,100063,100,99977,100,100069,100,99976,100,100074,100,99942,100,100078,200,99934,100
2019-06-28 09:32:30.000000000,100037,196,100010,196,100038,196,100009,196,100039,196,100002,196,100049,196,99993,196,100059,196,99991,196,100063,100,99984,200,100069,100,99977,100,100074,100,99976,100,100078,200,99942,100,100088,100,99934,100
2019-06-28 09:32:35.551141800,100037,196,100010,196,100038,196,100009,196,100039,196,100002,196,100049,196,99993,196,100059,196,99991,196,100063,100,99984,200,100069,100,99977,100,100074,100,99976,100,100078,100,99942,100,100088,100,99934,100
2019-06-28 09:32:35.744762077,100037,196,100010,196,100038,196,100009,196,100039,196,100002,196,100049,196,99993,196,100059,196,99991,196,100063,100,99984,200,100069,100,99977,100,100074,100,99976,100,100078,100,99942,100,100088,100,99934,100
2019-06-28 09:32:40.000000000,100037,196,100010,196,100038,196,100009,196,100039,196,100002,196,100049,196,99993,196,100059,196,99991,196,100063,100,99984,200,100069,100,99977,100,100074,100,99976,100,100078,100,99942,100,100088,100,99934,100
2019-06-28 09:32:44.051665908,100037,196,100010,96,100038,196,100009,196,100039,196,100002,196,100049,196,99993,196,100059,196,99991,196,100063,100,99984,200,100069,100,99977,100,100074,100,99976,100,100078,100,99942,100,100088,100,99934,100
2019-06-28 09:32:50.000000000,100037,340,100009,340,100038,340,100002,340,100039,100,99993,100,100049,100,99991,100,100059,100,99984,200,100063,100,99977,100,100069,100,99976,100,100074,100,99942,100,100078,100,99934,100,100088,100,99933,100
2019-06-28 09:32:50.193076206,100037,340,100009,340,100038,340,100002,340,100039,100,99993,100,100049,100,99991,100,100059,100,99984,200,100063,100,99977,100,100069,100,99976,100,100074,100,99964,100,100078,100,99942,100,100088,100,99934,100
2019-06-28 09:32:56.888469384,100035,100,100009,340,100037,240,100002,340,100038,340,99993,100,100039,100,99991,100,100049,100,99984,200,100059,100,99977,100,100063,100,99976,100,100069,100,99964,100,100074,100,99942,100,100078,100,99934,100
2019-06-28 09:33:00.000000000,100035,196,100009,196,100038,196,100002,196,100039,196,99993,196,100049,196,99991,196,100059,196,99984,296,100063,100,99977,100,100069,100,99976,100,100074,100,99964,100,100078,100,99942,100,100088,100,99934,100
2019-06-28 09:33:07.264507105,100035,296,100009,196,100038,196,100002,196,100039,96,99993,196,100049,196,99991,196,100059,196,99984,296,100063,100,99977,100,100069,100,99976,100,100074,100,99964,100,100078,100,99942,100,100088,100,99934,100
2019-06-28 09:33:10.000000000,100035,320,100009,220,100038,220,100002,220,100049,220,99993,220,100059,220,99991,220,100063,100,99984,200,100069,100,99977,100,100074,100,99976,100,100078,100,99964,100,100088,100,99942,100,100089,100,99934,100
2019-06-28 09:33:20.000000000,100035,681,100009,581,100038,100,100002,100,100049,100,99993,100,100059,100,99991,100,100063,100,99984,200,100069,100,99977,100,100074,100,99976,100,100078,100,99964,100,100088,100,99942,100,100089,100,99934,100
2019-06-28 09:33:21.121391171,100035,681,100009,581,100038,100,100002,100,100049,100,99993,100,100059,100,99991,100,100063,100,99984,200,100069,100,99977,100,100074,100,99976,100,100078,100,99964,100,100088,100,99942,100,100089,100,99934,100
2019-06-28 09:33:22.361710448,100035,681,100009,481,100038,100,100002,100,100049,100,99993,100,100059,100,99991,100,100063,100,99984,200,100074,100,99977,100,100078,100,99976,100,100088,100,99964,100,100089,100,99942,100,100098,100,99934,100
2019-06-28 09:33:30.000000000,100035,296,100002,196,100038,196,99993,196,100049,196,99991,196,100059,196,99984,296,100063,196,99977,196,100074,100,99976,100,100078,100,99964,100,100088,100,99942,100,100089,100,99934,100,100098,100,99933,100
2019-06-28 09:33:40.000000000,100035,440,100002,340,100038,340,99993,340,100049,100,99991,100,100059,100,99984,200,100063,100,99977,100,100074,100,99976,100,100078,100,99964,100,100088,100,99942,100,100089,100,99934,100,100098,100,99933,100
2019-06-28 09:33:50.000000000,100035,320,100002,220,100038,220,99993,220,100049,220,99991,220,100059,220,99984,320,100063,100,99977,100,100074,100,99976,100,100078,100,99964,100,100088,100,99942,100,100089,100,99934,100,100098,100,99933,100
2019-06-28 09:33:58.472613977,100035,320,100002,220,100038,220,99993,220,100049,220,99991,220,100059,220,99984,320,100063,100,99977,100,100074,100,99976,100,100078,100,99964,100,100088,100,99942,100,100089,100,99934,100,100098,100,99933,100
2019-06-28 09:34:00.000000000,100035,681,100002,581,100038,100,99993,100,100049,100,99991,100,100059,100,99984,200,100063,100,99977,100,100074,100,99976,100,100078,100,99964,100,100088,100,99942,100,100089,100,99934,100,100098,100,99933,100
2019-06-28 09:34:10.000000000,100035,681,100002,581,100038,100,99993,100,100049,100,99991,100,100059,100,99984,200,100063,100,99977,100,100074,100,99976,100,100078,100,99964,100,100088,100,99942,100,100089,100,99934,100,100098,100,99933,100
2019-06-28 09:34:11.659267409,100035,581,100002,581,100038,100,99993,100,100049,100,99991,100,100059,100,99984,200,100063,100,99977,100,100074,100,99976,100,100078,100,99964,100,100088,100,99942,100,100089,100,99934,100,100098,100,99933,100
2019-06-28 09:34:20.000000000,100035,340,100002,340,100038,340,99993,340,100049,100,99991,100,100059,100,99984,200,100063,100,99977,100,100074,100,99976,100,100078,100,99964,100,100088,100,99942,100,100089,100,99934,100,100098,100,99933,100
2019-06-28 09:34:20.442719641,100035,340,100010,100,100038,340,100002,340,100049,100,99993,340,100059,100,99991,100,100063,100,99984,200,100074,100,99977,100,100078,100,99976,100,100088,100,99964,100,100089,100,99942,100,100098,100,99934,100
2019-06-28 09:34:24.008919638,100035,340,100010,100,100038,340,100002,340,100049,100,99993,340,100059,100,99991,100,100063,100,99984,200,100074,100,99977,100,100078,100,99976,100,100088,100,99964,100,100089,100,99942,100,100098,100,99934,100
2019-06-28 09:34:30.000000000,100035,340,100010,340,100038,340,100002,340,100049,100,99993,100,100059,100,99991,100,100063,100,99984,200,100074,100,99977,100,100078,100,99976,100,100088,100,99964,100,100089,100,99942,100,100098,100,99934,100
2019-06-28 09:34:31.071850341,100035,240,100010,440,100038,340,100002,340,100049,100,99993,100,100059,100,99991,100,100063,100,99984,200,100074,100,99977,100,100078,100,99976,100,100088,100,99964,100,100089,100,99942,100,100098,100,99934,100
2019-06-28 09:34:36.553606619,100035,140,100010,440,100038,340,100002,340,100049,100,99993,100,100059,100,99991,100,100063,100,99984,200,100074,100,99977,100,100078,100,99964,100,100088,100,99942,100,100089,100,99934,100,100098,100,99933,100
2019-06-28 09:34:40.000000000,100038,581,100010,681,100049,100,100002,100,100059,100,99993,100,100063,100,99991,100,100074,100,99984,200,100078,100,99977,100,100088,100,99964,100,100089,100,99942,100,100098,100,99934,100,100123,100,99933,100
2019-06-28 09:34:47.589430368,100038,581,100035,100,100049,100,100010,681,100059,100,100002,100,100063,100,99993,100,100074,100,99991,100,100078,100,99984,200,100088,100,99977,100,100089,100,99964,100,100098,100,99942,100,100123,100,99934,100
2019-06-28 09:34:50.000000000,100038,220,100035,220,100049,220,100010,320,100059,220,100002,220,100063,220,99993,220,100074,100,99991,100,100078,100,99984,200,100088,100,99977,100,100089,100,99964,100,100098,100,99942,100,100123,100,99934,100
2019-06-28 09:35:00.000000000,100038,264,100035,264,100049,259,100010,359,100059,259,100002,259,100063,100,99993,100,100074,100,99991,100,100078,100,99984,200,100088,100,99977,100,100089,100,99964,100,100098,100,99942,100,100123,100,99934,100
2019-06-28 09:35:05.316673440,100038,164,100035,264,100049,259,100010,359,100059,259,100002,259,100063,100,99993,100,100074,100,99991,100,100078,100,99984,200,100088,100,99977,100,100089,100,99964,100,100098,100,99942,100,100123,100,99934,100
2019-06-28 09:35:09.837461855,100038,64,100035,264,100049,259,100010,359,100059,259,100002,259,100063,100,99993,100,100074,100,99991,100,100078,100,99984,200,100088,100,99977,100,100089,100,99964,100,100098,100,99942,100,100123,100,99934,100
2019-06-28 09:35:10.000000000,100049,581,100035,581,100059,100,100010,200,100063,100,100002,100,100074,100,99993,100,100078,100,99991,100,100088,100,99984,200,100089,100,99977,100,100098,100,99964,100,100123,100,99942,100,100140,100,99934,100
2019-06-28 09:35:20.000000000,100049,581,100035,581,100059,100,100010,200,100063,100,100002,100,100074,100,99993,100,100078,100,99991,100,100088,100,99984,200,100089,100,99977,100,100098,100,99964,100,100123,100,99942,100,100140,100,99934,100
2019-06-28 09:35:30.000000000,100049,340,100035,340,100059,340,100010,440,100063,100,100002,100,100074,100,99993,100,100078,100,99991,100,100088,100,99984,200,100089,100,99977,100,100098,100,99964,100,100123,100,99942,100,100140,100,99934,100
2019-06-28 09:35:34.305334302,100049,340,100035,340,100059,340,100010,440,100063,100,100002,100,100074,100,99993,100,100078,100,99991,100,100088,100,99984,200,100089,100,99977,100,100098,100,99964,100,100123,100,99942,100,100140,100,99934,100
2019-06-28 09:35:40.000000000,100049,340,100035,340,100059,340,100010,440,100063,100,100002,100,100074,100,99993,100,100078,100,99991,100,100088,100,99984,200,100089,100,99977,100,100098,100,99964,100,100123,100,99942,100,100140,100,99934,100
2019-06-28 09:35:50.000000000,100049,264,100035,264,100059,259,100010,359,100063,259,100002,259,100074,100,99993,100,100078,100,99991,100,100088,100,99984,200,100089,100,99977,100,100098,100,99964,100,100123,100,99942,100,100140,100,99934,100
2019-06-28 09:35:52.401432977,100049,164,100035,264,100059,259,100010,359,100063,259,100002,259,100074,100,99993,100,100078,100,99991,100,100088,100,99984,200,100089,100,99977,100,100098,100,99964,100,100123,100,99942,100,100140,100,99934,100
2019-06-28 09:35:59.417646231,100049,164,100035,264,100059,259,100010,359,100063,259,100002,259,100078,100,99993,100,100088,100,99991,100,100089,100,99984,200,100098,100,99977,100,100123,100,99964,100,100140,100,99942,100,100166,100,99934,100
2019-06-28 09:36:00.000000000,100059,340,100035,340,100063,340,100010,440,100078,100,100002,100,100088,100,99993,100,100089,100,99991,100,100098,100,99984,200,100123,100,99977,100,100140,100,99964,100,100166,100,99942,100,100416,100,99934,100
2019-06-28 09:36:10.000000000,100059,340,100035,340,100063,340,100010,440,100078,100,100002,100,100088,100,99993,100,100089,100,99991,100,100098,100,99984,200,100123,100,99977,100,100140,100,99964,100,100166,100,99942,100,100416,100,99934,100
2019-06-28 09:36:19.965749803,100059,340,100035,340,100063,340,100010,440,100078,100,100002,100,100088,100,99993,100,100089,100,99991,100,100098,100,99984,200,100123,100,99977,100,100166,100,99964,100,100416,100,99942,100,100477,100,99934,100
2019-06-28 09:36:20.000000000,100059,196,100035,196,100063,196,100010,296,100078,196,100002,196,100088,196,99993,196,100089,196,99991,196,100098,100,99984,200,100123,100,99977,100,100166,100,99964,100,100416,100,99942,100,100477,100,99934,100
2019-06-28 09:36:30.000000000,100059,264,100035,264,100063,259,100010,359,100078,259,100002,259,100088,100,99993,100,100089,100,99991,100,100098,100,99984,200,100123,100,99977,100,100166,100,99964,100,100416,100,99942,100,100477,100,99934,100
2019-06-28 09:36:40.000000000,100059,340,100035,340,100063,340,100010,440,100078,100,100002,100,100088,100,99993,100,100089,100,99991,100,100098,100,99984,200,100123,100,99977,100,100166,100,99964,100,100416,100,99942,100,100477,100,99934,100
2019-06-28 09:36:50.000000000,100059,196,100035,196,100063,196,100010,296,100078,196,100002,196,100088,196,99993,196,100089,196,99991,196,100098,100,99984,200,100123,100,99977,100,100166,100,99964,100,100416,100,99942,100,100477,100,99934,100
2019-06-28 09:36:57.607111593,100059,96,100035,196,100063,196,100010,296,100078,196,100002,196,100088,196,99993,196,100089,196,99991,196,100098,100,99984,200,100123,100,99977,100,100166,100,99964,100,100416,100,99942,100,100477,100,99934,100
2019-06-28 09:37:00.000000000,100063,196,100035,196,100078,196,100010,296,100088,196,100002,196,100089,196,99993,196,100098,196,99991,196,100123,100,99984,200,100166,100,99977,100,100416,100,99964,100,100477,100,99942,100,100532,100,99934,100
2019-06-28 09:37:10.000000000,100063,264,100035,264,100078,259,100010,359,100088,259,100002,259,100089,100,99993,100,100098,100,99991,100,100123,100,99984,200,100166,100,99977,100,100416,100,99964,100,100477,100,99942,100,100532,100,99934,100
2019-06-28 09:37:20.000000000,100063,196,100035,196,100078,196,100010,296,100088,196,100002,196,100089,196,99993,196,100098,196,99991,196,100123,100,99984,200,100166,100,99977,100,100416,100,99964,100,100477,100,99942,100,100532,100,99934,100
2019-06-28 09:37:30.000000000,100063,196,100035,196,100078,196,100010,296,100088,196,100002,196,100089,196,99993,196,100098,196,99991,196,100123,100,99984,200,100166,100,99977,100,100416,100,99964,100,100477,100,99942,100,100532,100,99934,100
2019-06-28 09:37:37.842390162,100063,96,100035,196,100078,196,100010,296,100088,196,100002,196,100089,196,99993,196,100098,196,99991,196,100123,100,99984,200,100166,100,99977,100,100416,100,99964,100,100477,100,99942,100,100532,100,99934,100
2019-06-28 09:37:40.000000000,100078,264,100035,264,100088,259,100010,359,100089,259,100002,259,100098,100,99993,100,100123,100,99991,100,100166,100,99984,200,100416,100,99977,100,100477,100,99964,100,100532,100,99942,100,100562,100,99934,100
2019-06-28 09:37:50.000000000,100078,340,100035,340,100088,340,100010,440,100089,100,100002,100,100098,100,99993,100,100123,100,99991,100,100166,100,99984,200,100416,100,99977,100,100477,100,99964,100,100532,100,99942,100,100562,100,99934,100
2019-06-28 09:38:00.000000000,100078,196,100035,196,100088,196,100010,296,100089,196,100002,196,100098,196,99993,196,100123,196,99991,196,100166,100,99984,200,100416,100,99977,100,100477,100,99964,100,100532,100,99942,100,100562,100,99934,100
2019-06-28 09:38:01.984284910,100078,196,100035,196,100088,196,100010,296,100089,196,100002,196,100098,196,99993,196,100123,196,99991,196,100166,100,99984,200,100416,100,99977,100,100477,100,99964,100,100532,100,99942,100,100562,100,99934,100
2019-06-28 09:38:05.573943033,100078,96,100035,196,100088,196,100010,296,100089,196,100002,196,100098,196,99993,196,100123,196,99991,196,100166,100,99984,200,100416,100,99964,100,100477,100,99942,100,100532,100,99934,100,100562,100,99933,100
2019-06-28 09:38:06.855160802,100088,196,100078,4,100089,196,100035,196,100098,196,100010,296,100123,196,100002,196,100166,100,99993,196,100416,100,99991,196,100477,100,99984,200,100532,100,99964,100,100562,100,99942,100,100624,100,99934,100
2019-06-28 09:38:10.000000000,100088,264,100078,168,100089,259,100035,259,100098,259,100010,359,100123,100,100002,100,100166,100,99993,100,100416,100,99991,100,100477,100,99984,200,100532,100,99964,100,100562,100,99942,100,100624,100,99934,100
2019-06-28 09:38:20.000000000,100088,220,100078,124,100089,220,100035,220,100098,220,100010,320,100123,220,100002,220,100166,100,99993,100,100416,100,99991,100,100477,100,99984,200,100532,100,99964,100,100562,100,99942,100,100624,100,99934,100
2019-06-28 09:38:23.084217890,100088,220,100078,124,100089,220,100035,220,100098,220,100010,320,100123,220,100002,220,100166,100,99993,100,100416,100,99991,100,100477,100,99984,200,100532,100,99964,100,100562,100,99942,100,100624,100,99934,100
2019-06-28 09:38:30.000000000,100088,196,100078,100,100089,196,100035,196,100098,196,100010,296,100123,196,100002,196,100166,196,99993,196,100416,100,99991,100,100477,100,99984,200,100532,100,99964,100,100562,100,99942,100,100624,100,99934,100
2019-06-28 09:38:40.000000000,100088,264,100078,168,100089,259,100035,259,100098,259,100010,359,100123,100,100002,100,100166,100,99993,100,100416,100,99991,100,100477,100,99984,200,100532,100,99964,100,100562,100,99942,100,100624,100,99934,100
2019-06-28 09:38:50.000000000,100088,220,100078,124,100089,220,100035,220,100098,220,100010,320,100123,220,100002,220,100166,100,99993,100,100416,100,99991,100,100477,100,99984,200,100532,100,99964,100,100562,100,99942,100,100624,100,99934,100
2019-06-28 09:38:54.841177430,100088,120,100078,124,100089,220,100035,220,100098,220,100010,320,100123,220,100002,220,100166,100,99993,100,100416,100,99991,100,100477,100,99984,200,100532,100,99964,100,100562,100,99942,100,100624,100,99934,100
2019-06-28 09:39:00.000000000,100089,340,100078,244,100098,340,100035,340,100123,100,100010,200,100166,100,100002,100,100416,100,99993,100,100477,100,99991,100,100532,100,99984,200,100562,100,99964,100,100624,100,99942,100,100744,100,99934,100
2019-06-28 09:39:09.132363496,100089,240,100078,244,100098,340,100035,340,100123,100,100010,200,100166,100,100002,100,100477,100,99993,100,100532,100,99991,100,100562,100,99984,200,100624,100,99964,100,100744,100,99942,100,100751,100,99934,100
2019-06-28 09:39:10.000000000,100098,264,100078,168,100123,259,100035,259,100166,259,100010,359,100477,100,100002,100,100532,100,99993,100,100562,100,99991,100,100624,100,99984,200,100744,100,99964,100,100751,100,99942,100,101333,100,99934,100
2019-06-28 09:39:13.133399130,100098,264,100078,168,100123,259,100035,259,100166,259,100010,359,100477,100,100002,100,100532,100,99993,100,100562,100,99991,100,100624,100,99984,200,100744,100,99964,100,100751,100,99942,100,101333,100,99934,100
2019-06-28 09:39:20.000000000,100098,196,100078,100,100123,196,100035,196,100166,196,100010,296,100477,196,100002,196,100532,196,99993,196,100562,100,99991,100,100624,100,99984,200,100744,100,99964,100,100751,100,99942,100,101333,100,99934,100
2019-06-28 09:39:30.000000000,100098,220,100078,124,100123,220,100035,220,100166,220,100010,320,100477,220,100002,220,100532,100,99993,100,100562,100,99991,100,100624,100,99984,200,100744,100,99964,100,100751,100,99942,100,101333,100,99934,100
2019-06-28 09:39:40.000000000,100098,220,100078,124,100123,220,100035,220,100166,220,100010,320,100477,220,100002,220,100532,100,99993,100,100562,100,99991,100,100624,100,99984,200,100744,100,99964,100,100751,100,99942,100,101333,100,99934,100
2019-06-28 09:39:50.000000000,100098,264,100078,168,100123,259,100035,259,100166,259,100010,359,100477,100,100002,100,100532,100,99993,100,100562,100,99991,100,100624,100,99984,200,100744,100,99964,100,100751,100,99942,100,101333,100,99934,100
2019-06-28 09:39:50.690133445,100098,264,100078,168,100123,259,100035,259,100166,259,100010,359,100477,100,100002,100,100532,100,99993,100,100624,100,99991,100,100744,100,99984,200,100751,100,99964,100,101333,100,99942,100,101398,100,99934,100
2019-06-28 09:40:00.000000000,100098,264,100078,168,100123,259,100035,259,100166,259,100010,359,100477,100,100002,100,100532,100,99993,100,100624,100,99991,100,100744,100,99984,200,100751,100,99964,100,101333,100,99942,100,101398,100,99934,100
2019-06-28 09:40:10.000000000,100098,264,100078,168,100123,259,100035,259,100166,259,100010,359,100477,100,100002,100,100532,100,99993,100,100624,100,99991,100,100744,100,99984,200,100751,100,99964,100,101333,100,99942,100,101398,100,99934,100
2019-06-28 09:40:20.000000000,100098,220,100078,124,100123,220,100035,220,100166,220,100010,320,100477,220,100002,220,100532,100,99993,100,100624,100,99991,100,100744,100,99984,200,100751,100,99964,100,101333,100,99942,100,101398,100,99934,100
2019-06-28 09:40:30.000000000,100098,264,100078,168,100123,259,100035,259,100166,259,100010,359,100477,100,100002,100,100532,100,99993,100,100624,100,99991,100,100744,100,99984,200,100751,100,99964,100,101333,100,99942,100,101398,100,99934,100
2019-06-28 09:40:36.546996257,100098,164,100078,168,100123,259,100035,259,100166,259,100010,359,100477,100,100002,100,100532,100,99993,100,100624,100,99991,100,100744,100,99984,200,100751,100,99964,100,101333,100,99934,100,101398,100,99933,100
2019-06-28 09:40:40.000000000,100123,340,100078,244,100166,340,100035,340,100477,100,100010,200,100532,100,100002,100,100624,100,99993,100,100744,100,99991,100,100751,100,99984,200,101333,100,99964,100,101398,100,99934,100,101401,100,99933,100
2019-06-28 09:40:41.875561578,100123,240,100078,244,100166,340,100035,340,100532,100,100010,200,100624,100,100002,100,100744,100,99993,100,100751,100,99991,100,101333,100,99984,200,101398,100,99964,100,101401,100,99934,100,101528,100,99933,100
2019-06-28 09:40:42.299142518,100123,240,100078,244,100166,340,100035,340,100532,100,100010,200,100624,100,100002,100,100744,100,99993,100,100751,100,99991,100,101076,100,99984,200,101333,100,99934,100,101398,100,99933,100,101401,100,99927,100
2019-06-28 09:40:48.560277628,100123,240,100078,244,100166,340,100035,340,100532,100,100010,200,100624,100,100002,100,100744,100,99993,100,100751,100,99991,100,100943,100,99984,200,101076,100,99934,100,101333,100,99933,100,101398,100,99833,100
2019-06-28 09:40:49.430138317,100123,240,100078,244,100166,340,100035,340,100532,100,100010,200,100624,100,100002,100,100744,100,99993,100,100751,100,99991,100,100943,100,99984,200,101076,100,99934,100,101259,100,99933,100,101333,100,99833,100
2019-06-28 09:40:50.000000000,100166,220,100078,124,100532,220,100035,220,100624,220,100010,320,100744,220,100002,220,100751,100,99993,100,100943,100,99991,100,101076,100,99984,200,101259,100,99934,100,101333,100,99933,100,101398,100,99833,100
2019-06-28 09:41:00.000000000,100166,196,100078,100,100532,196,100035,196,100624,196,100010,296,100744,196,100002,196,100751,196,99993,196,100943,100,99991,100,101076,100,99984,200,101259,100,99934,100,101333,100,99933,100,101398,100,99833,100
2019-06-28 09:41:10.000000000,100166,581,100078,485,100532,100,100035,100,100624,100,100010,200,100744,100,100002,100,100751,100,99993,100,100943,100,99991,100,101076,100,99984,200,101259,100,99934,100,101333,100,99933,100,101398,100,99833,100
2019-06-28 09:41:20.000000000,100166,581,100078,485,100532,100,100035,100,100624,100,100010,200,100744,100,100002,100,100751,100,99993,100,100943,100,99991,100,101076,100,99984,200,101259,100,99934,100,101333,100,99933,100,101398,100,99833,100
2019-06-28 09:41:23.063247758,100166,581,100078,485,100532,100,100035,100,100624,100,100010,200,100744,100,100002,100,100751,100,99993,100,100943,100,99991,100,101076,100,99984,200,101259,100,99934,100,101333,100,99933,100,101398,100,99833,100
2019-06-28 09:41:28.280843308,100166,581,100078,485,100532,100,100035,100,100624,100,100010,200,100744,100,100002,100,100751,100,99993,100,100943,100,99991,100,101076,100,99984,200,101259,100,99934,100,101270,100,99933,100,101333,100,99833,100
2019-06-28 09:41:30.000000000,100166,196,100078,100,100532,196,100035,196,100624,196,100010,296,100744,196,100002,196,100751,196,99993,196,100943,100,99991,100,101076,100,99984,200,101259,100,99934,100,101270,100,99933,100,101333,100,99833,100
2019-06-28 09:41:31.813414522,100166,196,100078,100,100532,196,100035,196,100624,196,100010,296,100744,196,100002,196,100751,196,99993,196,100943,100,99991,100,101076,100,99984,200,101259,100,99934,100,101270,100,99933,100,101333,100,99833,100
2019-06-28 09:41:37.026542506,100166,196,100078,100,100532,196,100035,196,100624,196,100010,296,100744,196,100002,196,100751,196,99993,196,100943,100,99991,100,101076,100,99984,200,101259,100,99934,100,101270,100,99933,100,101333,100,99833,100
2019-06-28 09:41:40.000000000,100166,340,100078,244,100532,340,100035,340,100624,100,100010,200,100744,100,100002,100,100751,100,99993,100,100943,100,99991,100,101076,100,99984,200,101259,100,99934,100,101270,100,99933,100,101333,100,99833,100
2019-06-28 09:41:50.000000000,100166,196,100078,100,100532,196,100035,196,100624,196,100010,296,100744,196,100002,196,100751,196,99993,196,100943,100,99991,100,101076,100,99984,200,101259,100,99934,100,101270,100,99933,100,101333,100,99833,100
2019-06-28 09:42:00.000000000,100166,220,100078,124,100532,220,100035,220,100624,220,100010,320,100744,220,100002,220,100751,100,99993,100,100943,100,99991,100,101076,100,99984,200,101259,100,99934,100,101270,100,99933,100,101333,100,99833,100
2019-06-28 09:42:10.000000000,100166,220,100078,124,100532,220,100035,220,100624,220,100010,320,100744,220,100002,220,100751,100,99993,100,100943,100,99991,100,101076,100,99984,200,101259,100,99934,100,101270,100,99933,100,101333,100,99833,100
2019-06-28 09:42:13.994996559,100166,220,100098,100,100532,220,100078,124,100624,220,100035,220,100744,220,100010,320,100751,100,100002,220,100943,100,99993,100,101076,100,99991,100,101259,100,99984,200,101270,100,99934,100,101333,100,99933,100
2019-06-28 09:42:19.445546962,100166,120,100098,100,100532,220,100078,124,100624,220,100035,220,100744,120,100010,320,100751,100,100002,220,100943,100,99993,100,101076,100,99991,100,101259,100,99984,200,101270,100,99934,100,101333,100,99933,100
2019-06-28 09:42:20.000000000,100532,581,100098,581,100624,100,100078,4,100751,100,100035,100,100943,100,100010,200,101076,100,100002,100,101259,100,99993,100,101270,100,99991,100,101333,100,99984,200,101398,100,99934,100,101401,100,99933,100
2019-06-28 09:42:30.000000000,100532,581,100098,581,100624,100,100078,4,100751,100,100035,100,100943,100,100010,200,101076,100,100002,100,101259,100,99993,100,101270,100,99991,100,101333,100,99984,200,101398,100,99934,100,101401,100,99933,100
2019-06-28 09:42:40.000000000,100532,340,100098,340,100624,340,100078,244,100751,100,100035,100,100943,100,100010,200,101076,100,100002,100,101259,100,99993,100,101270,100,99991,100,101333,100,99984,200,101398,100,99934,100,101401,100,99933,100
2019-06-28 09:42:50.000000000,100532,264,100098,264,100624,259,100078,163,100751,259,100035,259,100943,100,100010,200,101076,100,100002,100,101259,100,99993,100,101270,100,99991,100,101333,100,99984,200,101398,100,99934,100,101401,100,99933,100
2019-06-28 09:43:00.000000000,100532,220,100098,220,100624,220,100078,124,100751,220,100035,220,100943,220,100010,320,101076,100,100002,100,101259,100,99993,100,101270,100,99991,100,101333,100,99984,200,101398,100,99934,100,101401,100,99933,100
2019-06-28 09:43:01.593059646,100532,120,100098,220,100624,220,100078,124,100751,220,100035,220,100943,220,100010,320,101076,100,100002,100,101259,100,99993,100,101270,100,99991,100,101333,100,99984,200,101398,100,99934,100,101401,100,99933,100
2019-06-28 09:43:10.000000000,100624,220,100098,220,100751,220,100078,124,100943,220,100035,220,101076,220,100010,320,101259,100,100002,100,101270,100,99993,100,101333,100,99991,100,101398,100,99984,200,101401,100,99934,100,101473,100,99933,100
2019-06-28 09:43:20.000000000,100624,196,100098,196,100751,196,100078,100,100943,196,100035,196,101076,196,100010,296,101259,196,100002,196,101270,100,99993,100,101333,100,99991,100,101398,100,99984,200,101401,100,99934,100,101473,100,99933,100
2019-06-28 09:43:30.000000000,100624,196,100098,196,100751,196,100078,100,100943,196,100035,196,101076,196,100010,296,101259,196,100002,196,101270,100,99993,100,101333,100,99991,100,101398,100,99984,200,101401,100,99934,100,101473,100,99933,100
2019-06-28 09:43:36.509087083,100624,196,100098,196,100751,196,100078,100,100878,100,100035,196,100943,196,100010,296,101076,196,100002,196,101259,196,99993,100,101270,100,99991,100,101333,100,99984,200,101401,100,99934,100,101473,100,99933,100
2019-06-28 09:43:40.000000000,100624,340,100098,340,100751,340,100078,244,100878,100,100035,100,100943,100,100010,200,101076,100,100002,100,101259,100,99993,100,101270,100,99991,100,101333,100,99984,200,101401,100,99934,100,101473,100,99933,100
2019-06-28 09:43:50.000000000,100624,581,100098,581,100751,100,100078,4,100878,100,100035,100,100943,100,100010,200,101076,100,100002,100,101259,100,99993,100,101270,100,99991,100,101333,100,99984,200,101401,100,99934,100,101473,100,99933,100
2019-06-28 09:44:00.000000000,100624,220,100098,220,100751,220,100078,124,100878,220,100035,220,100943,220,100010,320,101076,100,100002,100,101259,100,99993,100,101270,100,99991,100,101333,100,99984,200,101401,100,99934,100,101473,100,99933,100
2019-06-28 09:44:05.449396721,100624,220,100166,100,100751,220,100098,220,100878,220,100078,124,100943,220,100035,220,101076,100,100010,320,101259,100,100002,100,101270,100,99993,100,101333,100,99991,100,101401,100,99984,200,101473,100,99934,100
2019-06-28 09:44:10.000000000,100624,196,100166,196,100751,196,100098,196,100878,196,100078,100,100943,196,100035,196,101076,196,100010,296,101259,100,100002,100,101270,100,99993,100,101333,100,99991,100,101401,100,99984,200,101473,100,99934,100
2019-06-28 09:44:20.000000000,100624,196,100166,196,100751,196,100098,196,100878,196,100078,100,100943,196,100035,196,101076,196,100010,296,101259,100,100002,100,101270,100,99993,100,101333,100,99991,100,101401,100,99984,200,101473,100,99934,100
2019-06-28 09:44:30.000000000,100624,264,100166,264,100751,259,100098,259,100878,259,100078,163,100943,100,100035,100,101076,100,100010,200,101259,100,100002,100,101270,100,99993,100,101333,100,99991,100,101401,100,99984,200,101473,100,99934,100
2019-06-28 09:44:40.000000000,100624,196,100166,196,100751,196,100098,196,100878,196,100078,100,100943,196,100035,196,101076,196,100010,296,101259,100,100002,100,101270,100,99993,100,101333,100,99991,100,101401,100,99984,200,101473,100,99934,100
2019-06-28 09:44:42.632991002,100624,196,100166,196,100751,196,100098,196,100878,196,100078,100,100943,196,100035,196,100950,100,100010,296,101076,196,100002,100,101259,100,99993,100,101270,100,99991,100,101333,100,99984,200,101401,100,99934,100
2019-06-28 09:44:49.686004205,100624,196,100166,196,100751,196,100098,196,100878,196,100078,100,100943,196,100035,196,100950,100,100010,296,101076,196,100002,100,101138,100,99993,100,101270,100,99991,100,101333,100,99984,200,101401,100,99934,100
2019-06-28 09:44:50.000000000,100624,340,100166,340,100751,340,100098,340,100878,100,100078,4,100943,100,100035,100,100950,100,100010,200,101076,100,100002,100,101138,100,99993,100,101270,100,99991,100,101333,100,99984,200,101401,100,99934,100
2019-06-28 09:45:00.000000000,100624,581,100166,581,100751,100,100098,100,100878,100,100078,4,100943,100,100035,100,100950,100,100010,200,101076,100,100002,100,101138,100,99993,100,101270,100,99991,100,101333,100,99984,200,101401,100,99934,100
2019-06-28 09:45:10.000000000,100624,581,100166,581,100751,100,100098,100,100878,100,100078,4,100943,100,100035,100,100950,100,100010,200,101076,100,100002,100,101138,100,99993,100,101270,100,99991,100,101333,100,99984,200,101401,100,99934,100
2019-06-28 09:45:12.055917450,100624,481,100166,581,100751,100,100098,100,100878,100,100078,4,100943,100,100035,100,100950,100,100010,200,101076,100,100002,100,101138,100,99993,100,101270,100,99991,100,101333,100,99984,200,101401,100,99934,100
2019-06-28 09:45:13.991247316,100624,381,100166,581,100751,100,100098,100,100878,100,100078,4,100943,100,100035,100,100950,100,100010,200,101076,100,100002,100,101138,100,99993,100,101270,100,99991,100,101333,100,99984,200,101401,100,99934,100
2019-06-28 09:45:20.000000000,100751,196,100166,196,100878,196,100098,196,100943,196,100078,100,100950,196,100035,196,101076,196,100010,296,101138,100,100002,100,101270,100,99993,100,101333,100,99991,100,101401,100,99984,200,101473,100,99934,100
2019-06-28 09:45:30.000000000,100751,196,100166,196,100878,196,100098,196,100943,196,100078,100,100950,196,100035,196,101076,196,100010,296,101138,100,100002,100,101270,100,99993,100,101333,100,99991,100,101401,100,99984,200,101473,100,99934,100
2019-06-28 09:45:40.000000000,100751,220,100166,220,100878,220,100098,220,100943,220,100078,124,100950,220,100035,220,101076,100,100010,200,101138,100,100002,100,101270,100,99993,100,101333,100,99991,100,101401,100,99984,200,101473,100,99934,100
2019-06-28 09:45:48.955854443,100751,220,100166,220,100878,220,100098,220,100943,220,100078,124,100950,220,100035,220,101076,100,100010,200,101138,100,100002,100,101155,100,99993,100,101333,100,99991,100,101401,100,99984,200,101473,100,99934,100
2019-06-28 09:45:49.425491146,100751,120,100166,220,100878,220,100098,220,100943,220,100078,124,100950,220,100035,220,101076,100,100010,200,101138,100,100002,100,101155,100,99993,100,101333,100,99991,100,101401,100,99984,200,101473,100,99934,100
2019-06-28 09:45:50.000000000,100878,340,100166,340,100943,340,100098,340,100950,100,100078,4,101076,100,100035,100,101138,100,100010,200,101155,100,100002,100,101333,100,99993,100,101401,100,99991,100,101473,100,99984,200,101497,100,99934,100
2019-06-28 09:45:52.423616346,100878,340,100166,340,100943,340,100098,340,100950,100,100078,4,101076,100,100035,100,101155,100,100010,200,101161,100,100002,100,101333,100,99993,100,101401,100,99991,100,101473,100,99984,200,101497,100,99934,100
2019-06-28 09:46:00.000000000,100878,264,100166,264,100943,259,100098,259,100950,259,100078,163,101076,100,100035,100,101155,100,100010,200,101161,100,100002,100,101333,100,99993,100,101401,100,99991,100,101473,100,99984,200,101497,100,99934,100
2019-06-28 09:46:10.000000000,100878,264,100166,264,100943,259,100098,259,100950,259,100078,163,101076,100,100035,100,101155,100,100010,200,101161,100,100002,100,101333,100,99993,100,101401,100,99991,100,101473,100,99984,200,101497,100,99934,100
2019-06-28 09:46:20.000000000,100878,196,100166,196,100943,196,100098,196,100950,196,100078,100,101076,196,100035,196,101155,196,100010,296,101161,100,100002,100,101333,100,99993,100,101401,100,99991,100,101473,100,99984,200,101497,100,99934,100
2019-06-28 09:46:25.615053702,100878,196,100166,196,100943,196,100098,196,100950,196,100078,100,101076,196,100035,196,101155,196,100010,296,101161,100,100002,100,101333,100,99993,100,101401,100,99991,100,101473,100,99984,200,101497,100,99934,100
2019-06-28 09:46:30.000000000,100878,340,100166,340,100943,340,100098,340,100950,100,100078,4,101076,100,100035,100,101155,100,100010,200,101161,100,100002,100,101333,100,99993,100,101401,100,99991,100,101473,100,99984,200,101497,100,99934,100
2019-06-28 09:46:38.100913109,100878,340,100166,340,100943,340,100098,340,100950,100,100078,4,101076,100,100035,100,101155,100,100010,200,101161,100,100002,100,101333,100,99993,100,101401,100,99991,100,101473,100,99984,200,101497,100,99934,100
2019-06-28 09:46:40.000000000,100878,196,100166,196,100943,196,100098,196,100950,196,100078,100,101076,196,100035,196,101155,196,100010,296,101161,100,100002,100,101333,100,99993,100,101401,100,99991,100,101473,100,99984,200,101497,100,99934,100
2019-06-28 09:46:46.167638388,100878,96,100166,196,100943,196,100098,196,100950,196,100078,100,101076,196,100035,196,101155,196,100010,296,101161,100,100002,100,101333,100,99993,100,101401,100,99991,100,101497,100,99984,200,101528,100,99934,100
2019-06-28 09:46:50.000000000,100943,220,100166,220,100950,220,100098,220,101076,220,100078,124,101155,220,100035,220,101161,100,100010,200,101333,100,100002,100,101401,100,99993,100,101497,100,99991,100,101528,100,99984,200,101546,100,99934,100
2019-06-28 09:46:56.998578819,100943,220,100166,220,100950,220,100098,220,101076,220,100078,124,101155,220,100035,220,101161,100,100010,200,101333,100,100002,100,101401,100,99993,100,101497,100,99984,200,101528,100,99934,100,101546,100,99933,100
2019-06-28 09:47:00.000000000,100943,264,100166,264,100950,259,100098,259,101076,259,100078,163,101155,100,100035,100,101161,100,100010,200,101333,100,100002,100,101401,100,99993,100,101497,100,99984,200,101528,100,99934,100,101546,100,99933,100
2019-06-28 09:47:07.849512076,100943,264,100166,264,100950,259,100098,259,101076,259,100078,163,101155,100,100035,100,101161,100,100010,200,101333,100,100002,100,101401,100,99993,100,101497,100,99984,200,101528,100,99934,100,101546,100,99933,100
2019-06-28 09:47:10.000000000,100943,196,100166,196,100950,196,100098,196,101076,196,100078,100,101155,196,100035,196,101161,196,100010,296,101333,100,100002,100,101401,100,99993,100,101497,100,99984,200,101528,100,99934,100,101546,100,99933,100
2019-06-28 09:47:20.000000000,100943,220,100166,220,100950,220,100098,220,101076,220,100078,124,101155,220,100035,220,101161,100,100010,200,101333,100,100002,100,101401,100,99993,100,101497,100,99984,200,101528,100,99934,100,101546,100,99933,100
2019-06-28 09:47:25.294467776,100943,220,100166,220,100950,220,100098,220,101076,220,100078,124,101155,220,100035,220,101161,100,100010,200,101333,100,100002,100,101401,100,99993,100,101497,100,99984,200,101528,100,99934,100,101546,100,99933,100
2019-06-28 09:47:26.139973101,100943,120,100166,220,100950,220,100098,220,101076,220,100078,124,101155,220,100035,220,101161,100,100010,200,101333,100,100002,100,101401,100,99993,100,101497,100,99984,200,101528,100,99934,100,101546,100,99933,100
2019-06-28 09:47:30.000000000,100950,264,100166,264,101076,259,100098,259,101155,259,100078,163,101161,100,100035,100,101333,100,100010,200,101401,100,100002,100,101497,100,99993,100,101528,100,99984,200,101546,100,99934,100,102066,100,99933,100
2019-06-28 09:47:32.900055076,100950,164,100166,264,101076,259,100098,259,101155,259,100078,163,101161,100,100035,100,101333,100,100010,200,101401,100,100002,100,101497,100,99993,100,101528,100,99984,200,101546,100,99934,100,102066,100,99933,100
2019-06-28 09:47:40.000000000,101076,264,100166,264,101155,259,100098,259,101161,259,100078,163,101333,100,100035,100,101401,100,100010,200,101497,100,100002,100,101528,100,99993,100,101546,100,99984,200,102066,100,99934,100,102067,100,99933,100
2019-06-28 09:47:50.000000000,101076,340,100166,340,101155,340,100098,340,101161,100,100078,4,101333,100,100035,100,101401,100,100010,200,101497,100,100002,100,101528,100,99993,100,101546,100,99984,200,102066,100,99934,100,102067,100,99933,100
2019-06-28 09:47:53.807390772,101076,340,100878,100,101155,340,100166,340,101161,100,100098,340,101333,100,100078,4,101401,100,100035,100,101497,100,100010,200,101528,100,100002,100,101546,100,99993,100,102066,100,99984,200,102067,100,99934,100
2019-06-28 09:47:57.272923312,101076,340,100878,200,101155,340,100166,340,101161,100,100098,340,101333,100,100078,4,101401,100,100035,100,101497,100,100010,200,101528,100,100002,100,101546,100,99993,100,102066,100,99984,200,102067,100,99934,100
2019-06-28 09:48:00.000000000,101076,196,100878,296,101155,196,100166,196,101161,196,100098,196,101333,196,100078,100,101401,196,100035,196,101497,100,100010,200,101528,100,100002,100,101546,100,99993,100,102066,100,99984,200,102067,100,99934,100
2019-06-28 09:48:02.241788564,101076,96,100878,296,101155,196,100166,196,101161,196,100098,196,101333,196,100078,100,101401,196,100035,196,101497,100,100010,200,101528,100,100002,100,101546,100,99993,100,102066,100,99984,100,102067,100,99934,100
2019-06-28 09:48:10.000000000,101155,196,100878,296,101161,196,100166,196,101333,196,100098,196,101401,196,100078,100,101497,196,100035,196,101528,100,100010,200,101546,100,100002,100,102066,100,99993,100,102067,100,99984,100,102086,100,99934,100
2019-06-28 09:48:20.000000000,101155,264,100878,364,101161,259,100166,259,101333,259,100098,259,101401,100,100078,4,101497,100,100035,100,101528,100,100010,200,101546,100,100002,100,102066,100,99993,100,102067,100,99984,100,102086,100,99934,100
2019-06-28 09:48:21.294576196,101155,264,100943,100,101161,259,100878,364,101333,259,100166,259,101401,100,100098,259,101497,100,100078,4,101528,100,100035,100,101546,100,100010,200,102066,100,100002,100,102067,100,99993,100,102086,100,99984,100
2019-06-28 09:48:30.000000000,101155,264,100943,264,101161,259,100878,359,101333,259,100166,259,101401,100,100098,100,101497,100,100078,4,101528,100,100035,100,101546,100,100010,200,102066,100,100002,100,102067,100,99993,100,102086,100,99984,100
2019-06-28 09:48:40.000000000,101155,581,100943,581,101161,100,100878,200,101333,100,100166,100,101401,100,100098,100,101497,100,100078,4,101528,100,100035,100,101546,100,100010,200,102066,100,100002,100,102067,100,99993,100,102086,100,99984,100
2019-06-28 09:48:43.027880028,101155,481,100943,581,101161,100,100878,200,101333,100,100166,100,101401,100,100098,100,101497,100,100078,4,101528,100,100035,100,101546,100,100010,200,102066,100,100002,100,102067,100,99984,100,102086,100,99934,100
2019-06-28 09:48:46.719706014,101155,481,100943,581,101161,100,100878,200,101333,100,100166,100,101401,100,100098,100,101497,100,100078,4,101528,100,100035,100,101546,100,100010,200,101769,100,100002,100,102066,100,99984,100,102067,100,99934,100
2019-06-28 09:48:50.000000000,101161,220,100943,220,101333,220,100878,320,101401,220,100166,220,101497,220,100098,220,101528,100,100078,4,101546,100,100035,100,101769,100,100010,200,102066,100,100002,100,102067,100,99984,100,102086,100,99934,100
2019-06-28 09:49:00.000000000,101161,264,100943,264,101333,259,100878,359,101401,259,100166,259,101497,100,100098,100,101528,100,100078,4,101546,100,100035,100,101769,100,100010,200,102066,100,100002,100,102067,100,99984,100,102086,100,99934,100
2019-06-28 09:49:10.000000000,101161,220,100943,220,101333,220,100878,320,101401,220,100166,220,101497,220,100098,220,101528,100,100078,4,101546,100,100035,100,101769,100,100010,200,102066,100,100002,100,102067,100,99984,100,102086,100,99934,100
2019-06-28 09:49:20.000000000,101161,340,100943,340,101333,340,100878,440,101401,100,100166,100,101497,100,100098,100,101528,100,100078,4,101546,100,100035,100,101769,100,100010,200,102066,100,100002,100,102067,100,99984,100,102086,100,99934,100
2019-06-28 09:49:22.098193146,101161,340,100943,340,101311,100,100878,440,101333,340,100166,100,101401,100,100098,100,101528,100,100078,4,101546,100,100035,100,101769,100,100010,200,102066,100,100002,100,102067,100,99984,100,102086,100,99934,100
2019-06-28 09:49:30.000000000,101161,340,100943,340,101311,340,100878,440,101333,100,100166,100,101401,100,100098,100,101528,100,100078,4,101546,100,100035,100,101769,100,100010,200,102066,100,100002,100,102067,100,99984,100,102086,100,99934,100
2019-06-28 09:49:40.000000000,101161,264,100943,264,101311,259,100878,359,101333,259,100166,259,101401,100,100098,100,101528,100,100078,4,101546,100,100035,100,101769,100,100010,200,102066,100,100002,100,102067,100,99984,100,102086,100,99934,100
2019-06-28 09:49:50.000000000,101161,196,100943,196,101311,196,100878,296,101333,196,100166,196,101401,196,100098,196,101528,196,100078,100,101546,100,100035,100,101769,100,100010,200,102066,100,100002,100,102067,100,99984,100,102086,100,99934,100
2019-06-28 09:49:52.062470689,101161,196,101076,100,101311,196,100943,196,101333,196,100878,296,101401,196,100166,96,101528,196,100098,196,101546,100,100078,100,101769,100,100035,100,102066,100,100010,200,102067,100,100002,100,102086,100,99984,100
2019-06-28 09:49:59.030633084,101161,96,101076,100,101311,196,100943,196,101333,196,100878,296,101401,196,100166,96,101528,96,100098,196,101546,100,100078,100,101769,100,100035,100,102066,100,100010,200,102067,100,100002,100,102086,100,99984,100
2019-06-28 09:50:00.000000000,101311,340,101076,340,101333,340,100943,340,101401,100,100878,200,101546,100,100098,100,101769,100,100078,4,102066,100,100035,100,102067,100,100010,200,102086,100,100002,100,102135,100,99984,100,102146,100,99934,100
2019-06-28 09:50:10.000000000,101311,196,101076,196,101333,196,100943,196,101401,196,100878,296,101546,196,100098,196,101769,196,100078,100,102066,100,100035,100,102067,100,100010,200,102086,100,100002,100,102135,100,99984,100,102146,100,99934,100
2019-06-28 09:50:20.000000000,101311,581,101076,581,101333,100,100943,100,101401,100,100878,200,101546,100,100098,100,101769,100,100078,4,102066,100,100035,100,102067,100,100010,200,102086,100,100002,100,102135,100,99984,100,102146,100,99934,100
2019-06-28 09:50:22.661878966,101311,581,101076,581,101333,100,100943,100,101401,100,100878,200,101546,100,100098,100,101769,100,100078,4,101846,100,100035,100,102066,100,100010,200,102067,100,100002,100,102086,100,99934,100,102135,100,99933,100
2019-06-28 09:50:25.415144385,101311,581,101155,100,101333,100,101076,581,101401,100,100943,100,101546,100,100878,200,101769,100,100098,100,101846,100,100078,4,102066,100,100035,100,102067,100,100010,200,102086,100,100002,100,102135,100,99934,100
2019-06-28 09:50:30.000000000,101311,264,101155,264,101333,259,101076,259,101401,259,100943,259,101546,100,100878,200,101769,100,100098,100,101846,100,100078,4,102066,100,100035,100,102067,100,100010,200,102086,100,100002,100,102135,100,99934,100
2019-06-28 09:50:37.913762940,101311,164,101155,264,101333,259,101076,259,101401,259,100943,259,101546,100,100878,200,101769,100,100098,100,101846,100,100078,4,102066,100,100035,100,102067,100,100010,200,102086,100,100002,100,102135,100,99934,100
2019-06-28 09:50:40.000000000,101333,264,101155,264,101401,259,101076,259,101546,259,100943,259,101769,100,100878,200,101846,100,100098,100,102066,100,100078,4,102067,100,100035,100,102086,100,100010,200,102135,100,100002,100,102146,100,99934,100
2019-06-28 09:50:46.567102909,101333,264,101155,264,101401,259,101076,259,101546,259,100943,259,101637,100,100878,200,101769,100,100098,100,101846,100,100078,4,102066,100,100035,100,102067,100,100010,200,102086,100,100002,100,102135,100,99934,100
2019-06-28 09:50:47.126902496,101333,264,101155,264,101401,259,101076,259,101546,259,100943,259,101637,100,100878,200,101769,100,100098,100,101846,100,100078,4,102066,100,100010,200,102067,100,100002,100,102086,100,99934,100,102135,100,99933,100
2019-06-28 09:50:50.000000000,101333,264,101155,264,101401,259,101076,259,101546,259,100943,259,101637,100,100878,200,101769,100,100098,100,101846,100,100078,4,102066,100,100010,200,102067,100,100002,100,102086,100,99934,100,102135,100,99933,100
2019-06-28 09:50:57.529430998,101333,264,101155,264,101401,259,101076,159,101546,259,100943,259,101637,100,100878,200,101769,100,100098,100,101846,100,100078,4,102066,100,100010,200,102067,100,100002,100,102086,100,99934,100,102135,100,99933,100
2019-06-28 09:51:00.000000000,101333,220,101155,220,101401,220,100943,220,101546,220,100878,320,101637,220,100098,220,101769,100,100078,4,101846,100,100010,200,102066,100,100002,100,102067,100,99934,100,102086,100,99933,100,102135,100,99833,100
2019-06-28 09:51:02.559503852,101333,120,101155,220,101401,220,100943,220,101546,220,100878,320,101637,220,100098,220,101769,100,100078,4,101846,100,100010,200,102066,100,100002,100,102067,100,99934,100,102086,100,99933,100,102135,100,99833,100
2019-06-28 09:51:06.245827886,101333,20,101155,220,101401,220,100943,220,101546,220,100878,320,101637,220,100098,220,101769,100,100078,4,101846,100,100010,200,102066,100,100002,100,102067,100,99934,100,102086,100,99933,100,102135,100,99833,100
2019-06-28 09:51:10.000000000,101401,581,101155,581,101546,100,100943,100,101637,100,100878,200,101769,100,100098,100,101846,100,100078,4,102066,100,100010,200,102067,100,100002,100,102086,100,99934,100,102135,100,99933,100,102146,100,99833,100
2019-06-28 09:51:11.327723536,101401,581,101379,100,101546,100,101155,581,101637,100,100943,100,101769,100,100878,200,101846,100,100098,100,102066,100,100078,4,102067,100,100010,200,102086,100,100002,100,102135,100,99934,100,102146,100,99933,100
2019-06-28 09:51:19.182835267,101401,481,101379,100,101546,100,101155,581,101769,100,100943,100,101846,100,100878,200,102066,100,100098,100,102067,100,100078,4,102086,100,100010,200,102135,100,100002,100,102146,100,99934,100,,,99933,100
2019-06-28 09:51:20.000000000,101546,196,101379,196,101769,196,101155,196,101846,196,100943,196,102066,196,100878,296,102067,196,100098,196,102086,100,100078,4,102135,100,100010,200,102146,100,100002,100,,,99934,100,,,99933,100
2019-06-28 09:51:23.651492993,101546,196,101379,196,101769,196,101155,196,101826,100,100943,196,101846,196,100878,296,102066,196,100098,196,102067,196,100078,4,102086,100,100010,200,102135,100,100002,100,102146,100,99934,100,,,99933,100
2019-06-28 09:51:30.000000000,101546,196,101379,196,101769,196,101155,196,101826,196,100943,196,101846,196,100878,296,102066,196,100098,196,102067,100,100078,4,102086,100,100010,200,102135,100,100002,100,102146,100,99934,100,,,99933,100
2019-06-28 09:51:40.000000000,101546,340,101379,340,101769,340,101155,340,101826,100,100943,100,101846,100,100878,200,102066,100,100098,100,102067,100,100078,4,102086,100,100010,200,102135,100,100002,100,102146,100,99934,100,,,99933,100
2019-06-28 09:51:50.000000000,101546,264,101379,264,101769,259,101155,259,101826,259,100943,259,101846,100,100878,200,102066,100,100098,100,102067,100,100078,4,102086,100,100010,200,102135,100,100002,100,102146,100,99934,100,,,99933,100
2019-06-28 09:52:00.000000000,101546,220,101379,220,101769,220,101155,220,101826,220,100943,220,101846,220,100878,320,102066,100,100098,100,102067,100,100078,4,102086,100,100010,200,102135,100,100002,100,102146,100,99934,100,,,99933,100
2019-06-28 09:52:10.000000000,101546,340,101379,340,101769,340,101155,340,101826,100,100943,100,101846,100,100878,200,102066,100,100098,100,102067,100,100078,4,102086,100,100010,200,102135,100,100002,100,102146,100,99934,100,,,99933,100
2019-06-28 09:52:20.000000000,101546,196,101379,196,101769,196,101155,196,101826,196,100943,196,101846,196,100878,296,102066,196,100098,196,102067,100,100078,4,102086,100,100010,200,102135,100,100002,100,102146,100,99934,100,,,99933,100
2019-06-28 09:52:20.767306275,101546,196,101379,96,101769,196,101155,196,101826,196,100943,196,101846,196,100878,296,102066,196,100098,196,102067,100,100078,4,102086,100,100010,200,102135,100,100002,100,102146,100,99934,100,,,99933,100
2019-06-28 09:52:23.890370616,101379,4,101155,196,101546,196,100943,196,101769,196,100878,296,101826,196,100098,196,101846,196,100078,4,102066,196,100010,200,102067,100,100002,100,102086,100,99934,100,102135,100,99933,100,102146,100,99827,100
2019-06-28 09:52:28.073348282,101263,100,101155,196,101379,4,100943,196,101546,196,100878,296,101769,196,100098,196,101826,196,100078,4,101846,196,100010,200,102066,196,100002,100,102067,100,99934,100,102086,100,99933,100,102135,100,99827,100
2019-06-28 09:52:29.929721154,101263,100,101155,196,101379,104,100943,196,101546,196,100878,296,101769,196,100098,196,101826,196,100078,4,101846,196,100010,200,102066,196,100002,100,102067,100,99934,100,102086,100,99933,100,102135,100,99827,100
2019-06-28 09:52:30.000000000,101263,196,101155,196,101379,200,100943,196,101546,196,100878,296,101769,196,100098,196,101826,196,100078,100,101846,100,100010,200,102066,100,100002,100,102067,100,99934,100,102086,100,99933,100,102135,100,99827,100
2019-06-28 09:52:33.027630234,101263,196,101155,196,101379,200,100943,196,101404,100,100878,296,101546,196,100098,196,101769,196,100078,100,101826,196,100010,200,101846,100,100002,100,102066,100,99934,100,102086,100,99933,100,102135,100,99827,100
2019-06-28 09:52:37.304631526,101167,100,101155,196,101263,196,100943,196,101379,200,100878,296,101404,100,100098,196,101546,196,100078,100,101769,196,100010,200,101826,196,100002,100,101846,100,99933,100,102066,100,99827,100,102086,100,,
2019-06-28 09:52:37.627343483,101167,100,101155,196,101263,196,100943,196,101379,200,100878,296,101404,100,100098,196,101546,196,100078,100,101769,196,100010,100,101826,196,100002,100,101846,100,99933,100,102066,100,99827,100,102086,100,,
2019-06-28 09:52:40.000000000,101167,196,101155,196,101263,196,100943,196,101379,200,100878,296,101404,196,100098,196,101546,196,100078,100,101769,100,100010,100,101826,100,100002,100,101846,100,99933,100,102066,100,99827,100,102086,100,,
2019-06-28 09:52:50.000000000,101167,264,101155,264,101263,259,100943,259,101379,263,100878,359,101404,100,100098,100,101546,100,100078,4,101769,100,100010,100,101826,100,100002,100,101846,100,99933,100,102066,100,99827,100,102086,100,,
2019-06-28 09:53:00.000000000,101167,196,101155,196,101263,196,100943,196,101379,200,100878,296,101404,196,100098,196,101546,196,100078,100,101769,100,100010,100,101826,100,100002,100,101846,100,99933,100,102066,100,99827,100,102086,100,,
2019-06-28 09:53:09.258344006,101167,196,101155,196,101263,196,100943,196,101379,300,100878,296,101404,196,100098,196,101546,196,100078,100,101769,100,100010,100,101826,100,100002,100,101846,100,99933,100,102066,100,99827,100,102086,100,,
2019-06-28 09:53:10.000000000,101167,264,101155,264,101263,259,100943,259,101379,363,100878,359,101404,100,100098,100,101546,100,100078,4,101769,100,100010,100,101826,100,100002,100,101846,100,99933,100,102066,100,99827,100,102086,100,,
2019-06-28 09:53:16.684237106,101167,264,101155,264,101263,259,100943,259,101379,263,100878,359,101404,100,100098,100,101546,100,100078,4,101769,100,100010,100,101826,100,100002,100,101846,100,99933,100,102066,100,99827,100,102086,100,,
2019-06-28 09:53:20.000000000,101167,581,101155,581,101263,100,100943,100,101379,104,100878,200,101404,100,100098,100,101546,100,100078,4,101769,100,100010,100,101826,100,100002,100,101846,100,99933,100,102066,100,99827,100,102086,100,,
2019-06-28 09:53:26.255684843,101167,581,101155,581,101263,100,100943,100,101379,104,100878,200,101404,100,100098,100,101546,100,100078,4,101769,100,100002,100,101826,100,99933,100,101846,100,99827,100,102066,100,,,102086,100,,
2019-06-28 09:53:28.210997145,101167,581,101155,481,101263,100,100943,100,101379,104,100878,200,101404,100,100098,100,101546,100,100078,4,101769,100,100002,100,101826,100,99933,100,101846,100,99827,100,102066,100,,,102086,100,,
2019-06-28 09:53:30.000000000,101167,196,100943,196,101263,196,100878,296,101379,200,100098,196,101404,196,100078,100,101546,196,100002,196,101769,100,99933,100,101826,100,99827,100,101846,100,,,102066,100,,,102086,100,,
2019-06-28 09:53:34.726899263,101167,196,100943,96,101263,196,100878,296,101379,200,100098,196,101404,196,100078,100,101546,196,100002,196,101769,100,99933,100,101826,100,99827,100,101846,100,,,102066,100,,,102086,100,,
2019-06-28 09:53:38.183271532,101167,196,100943,96,101263,196,100878,296,101379,200,100760,100,101404,196,100098,196,101546,196,100078,100,101769,100,100002,196,101826,100,99933,100,101846,100,99827,100,102066,100,,,102086,100,,
2019-06-28 09:53:40.000000000,101167,340,100878,440,101263,340,100760,340,101379,104,100098,100,101404,100,100078,4,101546,100,100002,100,101769,100,99933,100,101826,100,99827,100,101846,100,,,102066,100,,,102086,100,,
2019-06-28 09:53:50.000000000,101167,220,100878,320,101263,220,100760,220,101379,224,100098,220,101404,220,100078,124,101546,100,100002,100,101769,100,99933,100,101826,100,99827,100,101846,100,,,102066,100,,,102086,100,,
2019-06-28 09:53:57.450508649,101167,220,100878,220,101263,220,100760,220,101379,224,100098,220,101404,220,100078,124,101546,100,100002,100,101769,100,99933,100,101826,100,,,101846,100,,,102066,100,,,102086,100,,
2019-06-28 09:54:00.000000000,101167,220,100878,220,101263,220,100760,220,101379,224,100098,220,101404,220,100078,124,101546,100,100002,100,101769,100,99933,100,101826,100,,,101846,100,,,102066,100,,,102086,100,,
2019-06-28 09:54:10.000000000,101167,581,100878,581,101263,100,100760,100,101379,104,100098,100,101404,100,100078,4,101546,100,100002,100,101769,100,99933,100,101826,100,,,101846,100,,,102066,100,,,102086,100,,
2019-06-28 09:54:20.000000000,101167,581,100878,581,101263,100,100760,100,101379,104,100098,100,101404,100,100078,4,101546,100,100002,100,101769,100,99933,100,101826,100,,,101846,100,,,102066,100,,,102086,100,,
2019-06-28 09:54:30.000000000,101167,264,100878,264,101263,259,100760,259,101379,263,100098,259,101404,100,100078,4,101546,100,100002,100,101769,100,99933,100,101826,100,,,101846,100,,,102066,100,,,102086,100,,
2019-06-28 09:54:30.567991280,101167,264,100878,264,101263,259,100760,259,101293,100,100098,259,101379,263,100078,4,101404,100,100002,100,101546,100,99933,100,101769,100,,,101826,100,,,101846,100,,,102066,100,,
2019-06-28 09:54:40.000000000,101167,220,100878,220,101263,220,100760,220,101293,220,100098,220,101379,224,100078,124,101404,100,100002,100,101546,100,99933,100,101769,100,,,101826,100,,,101846,100,,,102066,100,,
2019-06-28 09:54:45.384658188,100943,100,100878,220,101167,220,100760,220,101263,220,100098,220,101293,220,100078,124,101379,224,100002,100,101404,100,99933,100,101546,100,,,101769,100,,,101826,100,,,101846,100,,
2019-06-28 09:54:48.758998899,101167,220,100878,220,101263,220,100760,220,101293,220,100098,220,101379,224,100078,124,101404,100,100002,100,101546,100,99933,100,101769,100,,,101826,100,,,101846,100,,,102066,100,,
2019-06-28 09:54:50.000000000,101167,196,100878,196,101263,196,100760,196,101293,196,100098,196,101379,200,100078,100,101404,196,100002,196,101546,100,99933,100,101769,100,,,101826,100,,,101846,100,,,102066,100,,
2019-06-28 09:55:00.000000000,101167,581,100878,581,101263,100,100760,100,101293,100,100098,100,101379,104,100078,4,101404,100,100002,100,101546,100,99933,100,101769,100,,,101826,100,,,101846,100,,,102066,100,,
2019-06-28 09:55:10.000000000,101167,340,100878,340,101263,340,100760,340,101293,100,100098,100,101379,104,100078,4,101404,100,100002,100,101546,100,99933,100,101769,100,,,101826,100,,,101846,100,,,102066,100,,
2019-06-28 09:55:15.005496005,101167,340,100879,100,101263,340,100878,340,101293,100,100760,340,101379,104,100078,4,101404,100,100002,100,101546,100,99933,100,101769,100,,,101826,100,,,101846,100,,,102066,100,,
2019-06-28 09:55:20.000000000,101167,196,100879,196,101263,196,100878,196,101293,196,100760,196,101379,200,100078,100,101404,196,100002,196,101546,100,99933,100,101769,100,,,101826,100,,,101846,100,,,102066,100,,
2019-06-28 09:55:23.465921342,101167,196,100879,196,101211,100,100878,196,101263,196,100760,196,101293,196,100078,100,101379,200,100002,196,101404,196,99933,100,101546,100,,,101769,100,,,101826,100,,,101846,100,,
2019-06-28 09:55:30.000000000,101167,196,100879,196,101211,196,100878,196,101263,196,100760,196,101293,196,100078,100,101379,200,100002,196,101404,100,99933,100,101546,100,,,101769,100,,,101826,100,,,101846,100,,
2019-06-28 09:55:40.000000000,101167,264,100879,264,101211,259,100878,259,101263,259,100760,259,101293,100,100078,4,101379,104,100002,100,101404,100,99933,100,101546,100,,,101769,100,,,101826,100,,,101846,100,,
2019-06-28 09:55:43.478981949,101167,264,100879,364,101211,259,100878,259,101263,259,100760,259,101293,100,100078,4,101379,104,100002,100,101404,100,99933,100,101546,100,,,101769,100,,,101826,100,,,101846,100,,
2019-06-28 09:55:50.000000000,101167,220,100879,320,101211,220,100878,220,101263,220,100760,220,101293,220,100078,124,101379,104,100002,100,101404,100,99933,100,101546,100,,,101769,100,,,101826,100,,,101846,100,,
2019-06-28 09:55:50.962879557,101167,220,100879,420,101211,220,100878,220,101263,220,100760,220,101293,220,100078,124,101379,104,100002,100,101404,100,99933,100,101546,100,,,101769,100,,,101826,100,,,101846,100,,
2019-06-28 09:55:56.746629305,101167,120,100879,420,101211,220,100878,220,101263,220,100760,220,101293,220,100078,124,101379,104,100002,100,101404,100,99933,100,101546,100,,,101769,100,,,101826,100,,,101846,100,,
2019-06-28 09:56:00.000000000,101211,340,100879,540,101263,340,100878,340,101293,100,100760,100,101379,104,100078,4,101404,100,100002,100,101546,100,99933,100,101769,100,,,101826,100,,,101846,100,,,102066,100,,
2019-06-28 09:56:06.097299543,101211,340,100879,540,101263,340,100878,340,101293,100,100760,100,101379,104,100677,100,101404,100,100078,4,101546,100,100002,100,101769,100,99933,100,101826,100,,,101846,100,,,102066,100,,
2019-06-28 09:56:10.000000000,101211,264,100879,464,101263,259,100878,259,101293,259,100760,259,101379,104,100677,100,101404,100,100078,4,101546,100,100002,100,101769,100,99933,100,101826,100,,,101846,100,,,102066,100,,
2019-06-28 09:56:20.000000000,101211,264,100879,464,101263,259,100878,259,101293,259,100760,259,101379,104,100677,100,101404,100,100078,4,101546,100,100002,100,101769,100,99933,100,101826,100,,,101846,100,,,102066,100,,
2019-06-28 09:56:30.000000000,101211,220,100879,420,101263,220,100878,220,101293,220,100760,220,101379,224,100677,220,101404,100,100078,4,101546,100,100002,100,101769,100,99933,100,101826,100,,,101846,100,,,102066,100,,
2019-06-28 09:56:40.000000000,101211,220,100879,420,101263,220,100878,220,101293,220,100760,220,101379,224,100677,220,101404,100,100078,4,101546,100,100002,100,101769,100,99933,100,101826,100,,,101846,100,,,102066,100,,
2019-06-28 09:56:50.000000000,101211,196,100879,396,101263,196,100878,196,101293,196,100760,196,101379,200,100677,196,101404,196,100078,100,101546,100,100002,100,101769,100,99933,100,101826,100,,,101846,100,,,102066,100,,
2019-06-28 09:57:00.000000000,101211,340,100879,540,101263,340,100878,340,101293,100,100760,100,101379,104,100677,100,101404,100,100078,4,101546,100,100002,100,101769,100,99933,100,101826,100,,,101846,100,,,102066,100,,
2019-06-28 09:57:02.185565827,101166,100,100879,540,101211,340,100878,340,101263,340,100760,100,101293,100,100677,100,101379,104,100078,4,101404,100,100002,100,101546,100,99933,100,101769,100,,,101826,100,,,101846,100,,
2019-06-28 09:57:10.000000000,101166,196,100879,396,101211,196,100878,196,101263,196,100760,196,101293,196,100677,196,101379,200,100078,100,101404,100,100002,100,101546,100,99933,100,101769,100,,,101826,100,,,101846,100,,
2019-06-28 09:57:15.805264438,101166,196,100879,296,101211,196,100878,196,101263,196,100760,196,101293,196,100677,196,101379,200,100078,100,101404,100,100002,100,101546,100,99933,100,101769,100,,,101826,100,,,101846,100,,
2019-06-28 09:57:18.389871336,101165,100,100879,196,101166,196,100878,196,101211,196,100760,196,101263,196,100677,196,101293,196,100078,100,101379,200,100002,100,101404,100,99933,100,101546,100,,,101769,100,,,101826,100,,
2019-06-28 09:57:20.000000000,101165,196,100879,196,101166,196,100878,196,101211,196,100760,196,101263,196,100677,196,101293,196,100078,100,101379,104,100002,100,101404,100,99933,100,101546,100,,,101769,100,,,101826,100,,
2019-06-28 09:57:20.286395997,101165,196,100879,196,101166,196,100878,196,101211,196,100760,196,101263,196,100725,100,101293,196,100677,196,101379,104,100078,100,101404,100,100002,100,101546,100,99933,100,101769,100,,,101826,100,,
2019-06-28 09:57:20.414292225,101165,196,100879,196,101166,196,100878,196,101211,196,100760,196,101263,196,100725,100,101293,196,100677,196,101379,104,100643,100,101404,100,100078,100,101546,100,100002,100,101769,100,99933,100,101826,100,,
2019-06-28 09:57:27.506235772,101165,196,100879,96,101166,196,100878,196,101211,196,100760,196,101263,196,100725,100,101293,196,100677,196,101379,104,100643,100,101404,100,100078,100,101546,100,100002,100,101769,100,99933,100,101846,100,,
2019-06-28 09:57:28.549886983,100879,4,100878,196,101165,196,100760,196,101166,196,100725,100,101211,196,100677,196,101263,196,100643,100,101293,196,100078,100,101379,104,100002,100,101404,100,99933,100,101546,100,,,101769,100,,
2019-06-28 09:57:30.000000000,100879,485,100878,581,101165,100,100760,100,101166,100,100725,100,101211,100,100677,100,101263,100,100643,100,101293,100,100078,4,101379,104,100002,100,101404,100,99933,100,101546,100,,,101769,100,,
2019-06-28 09:57:36.530102379,100879,581,100878,581,101165,100,100760,100,101166,100,100725,100,101211,100,100677,100,101263,100,100643,100,101293,100,100078,4,101379,104,100002,100,101404,100,99933,100,101546,100,,,101769,100,,
2019-06-28 09:57:40.000000000,100879,264,100878,264,101165,259,100760,259,101166,259,100725,259,101211,100,100677,100,101263,100,100643,100,101293,100,100078,4,101379,104,100002,100,101404,100,99933,100,101546,100,,,101769,100,,
2019-06-28 09:57:50.000000000,100879,340,100878,340,101165,340,100760,340,101166,100,100725,100,101211,100,100677,100,101263,100,100643,100,101293,100,100078,4,101379,104,100002,100,101404,100,99933,100,101546,100,,,101769,100,,
2019-06-28 09:58:00.000000000,100879,340,100878,340,101165,340,100760,340,101166,100,100725,100,101211,100,100677,100,101263,100,100643,100,101293,100,100078,4,101379,104,100002,100,101404,100,99933,100,101546,100,,,101769,100,,
2019-06-28 09:58:10.000000000,100879,340,100878,340,101165,340,100760,340,101166,100,100725,100,101211,100,100677,100,101263,100,100643,100,101293,100,100078,4,101379,104,100002,100,101404,100,99933,100,101546,100,,,101769,100,,
2019-06-28 09:58:17.218180144,100879,340,100878,240,101165,340,100760,340,101166,100,100725,100,101211,100,100677,100,101263,100,100643,100,101293,100,100078,4,101379,104,100002,100,101404,100,99933,100,101546,100,,,101769,100,,
2019-06-28 09:58:20.000000000,100879,196,100760,196,101165,196,100725,196,101166,196,100677,196,101211,196,100643,196,101263,196,100078,100,101293,100,100002,100,101379,104,99933,100,101404,100,,,101546,100,,,101769,100,,
2019-06-28 09:58:30.000000000,100879,264,100760,264,101165,259,100725,259,101166,259,100677,259,101211,100,100643,100,101263,100,100078,4,101293,100,100002,100,101379,104,99933,100,101404,100,,,101546,100,,,101769,100,,
2019-06-28 09:58:40.000000000,100879,264,100760,264,101165,259,100725,259,101166,259,100677,259,101211,100,100643,100,101263,100,100078,4,101293,100,100002,100,101379,104,99933,100,101404,100,,,101546,100,,,101769,100,,
2019-06-28 09:58:50.000000000,100879,220,100760,220,101165,220,100725,220,101166,220,100677,220,101211,220,100643,220,101263,100,100078,4,101293,100,100002,100,101379,104,99933,100,101404,100,,,101546,100,,,101769,100,,
2019-06-28 09:58:57.132149920,100879,120,100760,220,101165,220,100725,220,101166,220,100677,220,101211,220,100643,220,101263,100,100078,4,101293,100,100002,100,101379,100,99933,100,101404,100,,,101546,100,,,101769,100,,
2019-06-28 09:59:00.000000000,101165,264,100760,264,101166,259,100725,259,101211,259,100677,259,101263,100,100643,100,101293,100,100078,4,101379,100,100002,100,101404,100,99933,100,101546,100,,,101769,100,,,101846,100,,
2019-06-28 09:59:10.000000000,101165,581,100760,581,101166,100,100725,100,101211,100,100677,100,101263,100,100643,100,101293,100,100078,4,101379,100,100002,100,101404,100,99933,100,101546,100,,,101769,100,,,101846,100,,
2019-06-28 09:59:10.701656128,101165,581,100760,481,101166,100,100725,100,101263,100,100677,100,101293,100,100643,100,101379,100,100078,4,101404,100,100002,100,101546,100,99933,100,101769,100,,,101846,100,,,102066,100,,
2019-06-28 09:59:15.570744034,100878,100,100760,481,101165,481,100725,100,101166,100,100677,100,101263,100,100643,100,101293,100,100078,4,101379,100,100002,100,101404,100,99933,100,101546,100,,,101769,100,,,101846,100,,
2019-06-28 09:59:20.000000000,100878,264,100725,264,101166,259,100677,259,101263,259,100643,259,101293,100,100078,4,101379,100,100002,100,101404,100,99933,100,101546,100,,,101769,100,,,101846,100,,,102066,100,,
2019-06-28 09:59:30.000000000,100878,220,100725,220,101166,220,100677,220,101263,220,100643,220,101293,220,100078,124,101379,100,100002,100,101404,100,99933,100,101546,100,,,101769,100,,,101846,100,,,102066,100,,
2019-06-28 09:59:31.419870213,100878,120,100725,220,101166,220,100677,220,101263,220,100643,220,101293,220,100078,124,101379,100,100002,100,101404,100,99933,100,101546,100,,,101769,100,,,101846,100,,,102066,100,,
2019-06-28 09:59:40.000000000,101166,340,100725,340,101263,340,100677,340,101293,100,100643,100,101379,100,100078,4,101404,100,100002,100,101546,100,99933,100,101769,100,,,101846,100,,,102066,100,,,102086,100,,
2019-06-28 09:59:50.000000000,101166,581,100725,581,101263,100,100677,100,101293,100,100643,100,101379,100,100078,4,101404,100,100002,100,101546,100,99933,100,101769,100,,,101846,100,,,102066,100,,,102086,100,,
2019-06-28 10:00:00.000000000,101166,340,100725,340,101263,340,100677,340,101293,100,100643,100,101379,100,100078,4,101404,100,100002,100,101546,100,99933,100,101769,100,,,101846,100,,,102066,100,,,102086,100,,
2019-06-28 10:00:03.833397582,101166,340,100725,340,101263,340,100677,340,101293,100,100362,100,101379,100,100078,4,101404,100,100002,100,101546,100,99933,100,101769,100,,,101846,100,,,102066,100,,,102086,100,,
2019-06-28 10:00:10.000000000,101166,220,100725,220,101263,220,100677,220,101293,220,100362,220,101379,220,100078,124,101404,100,100002,100,101546,100,99933,100,101769,100,,,101846,100,,,102066,100,,,102086,100,,
2019-06-28 10:00:20.000000000,101166,220,100725,220,101263,220,100677,220,101293,220,100362,220,101379,220,100078,124,101404,100,100002,100,101546,100,99933,100,101769,100,,,101846,100,,,102066,100,,,102086,100,,
2019-06-28 10:00:22.338531266,101166,220,100725,120,101263,220,100677,220,101293,220,100362,220,101379,220,100078,124,101546,100,100002,100,101769,100,99933,100,101846,100,,,102066,100,,,102086,100,,,102135,100,,
2019-06-28 10:00:27.600372155,101166,220,100725,120,101263,220,100677,220,101293,220,100362,220,101379,220,100078,124,101546,100,100002,100,101769,100,100000,100,101846,100,99933,100,102066,100,,,102086,100,,,102135,100,,
2019-06-28 10:00:30.000000000,101166,581,100677,581,101263,100,100362,100,101293,100,100078,4,101379,100,100002,100,101546,100,100000,100,101769,100,99933,100,101846,100,,,102066,100,,,102086,100,,,102135,100,,
2019-06-28 10:00:40.000000000,101166,264,100677,264,101263,259,100362,259,101293,259,100078,163,101379,100,100002,100,101546,100,100000,100,101769,100,99933,100,101846,100,,,102066,100,,,102086,100,,,102135,100,,
2019-06-28 10:00:44.067871737,101166,264,100677,264,101263,259,100362,259,101293,259,100114,100,101379,100,100078,163,101546,100,100002,100,101769,100,100000,100,101846,100,99933,100,102066,100,,,102086,100,,,102135,100,,
2019-06-28 10:00:50.000000000,101166,581,100677,581,101263,100,100362,100,101293,100,100114,100,101379,100,100078,4,101546,100,100002,100,101769,100,100000,100,101846,100,99933,100,102066,100,,,102086,100,,,102135,100,,
2019-06-28 10:01:00.000000000,101166,340,100677,340,101263,340,100362,340,101293,100,100114,100,101379,100,100078,4,101546,100,100002,100,101769,100,100000,100,101846,100,99933,100,102066,100,,,102086,100,,,102135,100,,
2019-06-28 10:01:04.310247125,101166,340,100677,240,101263,340,100362,340,101379,100,100114,100,101546,100,100078,4,101769,100,100002,100,101846,100,100000,100,102066,100,99933,100,102086,100,,,102135,100,,,102146,100,,
2019-06-28 10:01:07.312955120,101166,340,100677,140,101263,340,100362,340,101379,100,100114,100,101546,100,100078,4,101769,100,100002,100,101846,100,100000,100,102066,100,99933,100,102086,100,,,102146,100,,,,,,
2019-06-28 10:01:10.000000000,101166,581,100362,581,101263,100,100114,100,101379,100,100078,4,101546,100,100002,100,101769,100,100000,100,101846,100,99933,100,102066,100,,,102086,100,,,102146,100,,,,,,
2019-06-28 10:01:17.382159374,101166,581,100362,481,101263,100,100114,100,101379,100,100078,4,101546,100,100002,100,101769,100,100000,100,101846,100,99933,100,102066,100,,,102086,100,,,102146,100,,,,,,
2019-06-28 10:01:20.000000000,101166,581,100114,581,101263,100,100078,4,101379,100,100002,100,101546,100,100000,100,101769,100,99933,100,101846,100,,,102066,100,,,102086,100,,,102146,100,,,,,,
2019-06-28 10:01:30.000000000,101166,581,100114,581,101263,100,100078,4,101379,100,100002,100,101546,100,100000,100,101769,100,99933,100,101846,100,,,102066,100,,,102086,100,,,102146,100,,,,,,
2019-06-28 10:01:34.795602611,101166,581,100114,581,101263,100,100078,4,101379,100,100002,100,101546,100,100000,100,101769,100,99933,100,101846,100,99685,100,102066,100,,,102086,100,,,102146,100,,,,,,
2019-06-28 10:01:40.000000000,101166,581,100114,581,101263,100,100078,4,101379,100,100002,100,101546,100,100000,100,101769,100,99933,100,101846,100,99685,100,102066,100,,,102086,100,,,102146,100,,,,,,
2019-06-28 10:01:43.718017828,100677,100,100114,581,101166,581,100078,4,101263,100,100002,100,101379,100,100000,100,101546,100,99933,100,101769,100,99685,100,101846,100,,,102066,100,,,102086,100,,,102146,100,,
2019-06-28 10:01:46.082601116,100677,100,100150,100,101166,581,100114,581,101263,100,100078,4,101379,100,100002,100,101546,100,100000,100,101769,100,99933,100,101846,100,99685,100,102066,100,,,102086,100,,,,,,
2019-06-28 10:01:50.000000000,100677,581,100150,581,101166,100,100114,100,101263,100,100078,4,101379,100,100002,100,101546,100,100000,100,101769,100,99933,100,101846,100,99685,100,102066,100,,,102086,100,,,,,,
2019-06-28 10:01:52.679570495,100677,581,100150,581,101166,100,100114,100,101263,100,100078,4,101546,100,100002,100,101769,100,100000,100,101846,100,99933,100,102066,100,99685,100,102086,100,,,,,,,,,,
2019-06-28 10:02:00.000000000,100677,340,100150,340,101166,340,100114,340,101263,100,100078,4,101546,100,100002,100,101769,100,100000,100,101846,100,99933,100,102066,100,99685,100,102086,100,,,,,,,,,,
2019-06-28 10:02:10.000000000,100677,220,100150,220,101166,220,100114,220,101263,220,100078,124,101546,220,100002,220,101769,100,100000,100,101846,100,99933,100,102066,100,99685,100,102086,100,,,,,,,,,,
2019-06-28 10:02:20.000000000,100677,264,100150,264,101166,259,100114,259,101263,259,100078,163,101546,100,100002,100,101769,100,100000,100,101846,100,99933,100,102066,100,99685,100,102086,100,,,,,,,,,,
2019-06-28 10:02:30.000000000,100677,196,100150,196,101166,196,100114,196,101263,196,100078,100,101546,196,100002,196,101769,196,100000,196,101846,100,99933,100,102066,100,99685,100,102086,100,,,,,,,,,,
2019-06-28 10:02:30.766221688,100677,196,100206,100,101166,196,100150,196,101263,196,100114,196,101546,196,100078,100,101769,196,100002,196,101846,100,100000,196,102066,100,99933,100,102086,100,99685,100,,,,,,,,
2019-06-28 10:02:40.000000000,100677,340,100206,340,101166,340,100150,340,101263,100,100114,100,101546,100,100078,4,101769,100,100002,100,101846,100,100000,100,102066,100,99933,100,102086,100,99685,100,,,,,,,,
2019-06-28 10:02:50.000000000,100677,340,100206,340,101166,340,100150,340,101263,100,100114,100,101546,100,100078,4,101769,100,100002,100,101846,100,100000,100,102066,100,99933,100,102086,100,99685,100,,,,,,,,
2019-06-28 10:03:00.000000000,100677,196,100206,196,101166,196,100150,196,101263,196,100114,196,101546,196,100078,100,101769,196,100002,196,101846,100,100000,100,102066,100,99933,100,102086,100,99685,100,,,,,,,,
2019-06-28 10:03:03.826966875,100425,100,100206,196,100677,196,100150,196,101166,196,100114,196,101263,196,100078,100,101546,196,100002,196,101769,196,100000,100,101846,100,99933,100,102066,100,99685,100,102086,100,,,,,,
2019-06-28 10:03:07.945844481,100425,100,100206,196,100598,100,100150,196,100677,196,100114,196,101166,196,100078,100,101263,196,100002,196,101546,196,100000,100,101769,96,99933,100,101846,100,99685,100,102066,100,,,102086,100,,
2019-06-28 10:03:10.000000000,100425,581,100206,581,100598,100,100150,100,100677,100,100114,100,101166,100,100078,4,101263,100,100002,100,101546,100,100000,100,101846,100,99933,100,102066,100,99685,100,102086,100,,,,,,
2019-06-28 10:03:15.195301313,100425,581,100206,581,100598,100,100150,100,100677,200,100114,100,101166,100,100078,4,101263,100,100002,100,101546,100,100000,100,101846,100,99933,100,102066,100,99685,100,102086,100,,,,,,
2019-06-28 10:03:20.000000000,100425,581,100206,581,100598,100,100150,100,100677,200,100114,100,101166,100,100078,4,101263,100,100002,100,101546,100,100000,100,101846,100,99933,100,102066,100,99685,100,102086,100,,,,,,
2019-06-28 10:03:23.220129798,100425,581,100206,581,100598,100,100150,100,100677,200,100114,100,100694,100,100078,4,101166,100,100002,100,101263,100,100000,100,101546,100,99933,100,101846,100,99685,100,102066,100,,,102086,100,,
2019-06-28 10:03:30.000000000,100425,581,100206,581,100598,100,100150,100,100677,200,100114,100,100694,100,100078,4,101166,100,100002,100,101263,100,100000,100,101546,100,99933,100,101846,100,99685,100,102066,100,,,102086,100,,
2019-06-28 10:03:32.489813469,100425,581,100206,581,100598,100,100150,100,100677,200,100114,100,100694,100,100078,4,101166,100,100007,100,101263,100,100002,100,101546,100,100000,100,101846,100,99933,100,102066,100,99685,100,102086,100,,
2019-06-28 10:03:34.927111975,100425,581,100206,581,100598,100,100191,100,100677,200,100150,100,100694,100,100114,100,101166,100,100078,4,101263,100,100002,100,101546,100,100000,100,101846,100,99933,100,102066,100,99685,100,102086,100,,
2019-06-28 10:03:40.000000000,100425,196,100206,196,100598,196,100191,196,100677,296,100150,196,100694,196,100114,196,101166,196,100078,100,101263,100,100002,100,101546,100,100000,100,101846,100,99933,100,102066,100,99685,100,102086,100,,
2019-06-28 10:03:50.000000000,100425,196,100206,196,100598,196,100191,196,100677,296,100150,196,100694,196,100114,196,101166,196,100078,100,101263,100,100002,100,101546,100,100000,100,101846,100,99933,100,102066,100,99685,100,102086,100,,
2019-06-28 10:04:00.000000000,100425,264,100206,264,100598,259,100191,259,100677,359,100150,259,100694,100,100114,100,101166,100,100078,4,101263,100,100002,100,101546,100,100000,100,101846,100,99933,100,102066,100,99685,100,102086,100,,
2019-06-28 10:04:10.000000000,100425,220,100206,220,100598,220,100191,220,100677,320,100150,220,100694,220,100114,220,101166,100,100078,4,101263,100,100002,100,101546,100,100000,100,101846,100,99933,100,102066,100,99685,100,102086,100,,
2019-06-28 10:04:13.775690611,100425,220,100206,220,100598,220,100191,220,100677,320,100150,220,100694,220,100114,220,100934,100,100078,4,101166,100,100002,100,101263,100,100000,100,101546,100,99933,100,101846,100,99685,100,102066,100,,
2019-06-28 10:04:20.000000000,100425,220,100206,220,100598,220,100191,220,100677,320,100150,220,100694,220,100114,220,100934,100,100078,4,101166,100,100002,100,101263,100,100000,100,101546,100,99933,100,101846,100,99685,100,102066,100,,
2019-06-28 10:04:30.000000000,100425,581,100206,581,100598,100,100191,100,100677,200,100150,100,100694,100,100114,100,100934,100,100078,4,101166,100,100002,100,101263,100,100000,100,101546,100,99933,100,101846,100,99685,100,102066,100,,
2019-06-28 10:04:37.911486972,100425,581,100206,581,100591,100,100191,100,100598,100,100150,100,100677,200,100114,100,100694,100,100078,4,100934,100,100002,100,101166,100,100000,100,101263,100,99933,100,101546,100,99685,100,101846,100,,
2019-06-28 10:04:40.000000000,100425,340,100206,340,100591,340,100191,340,100598,100,100150,100,100677,200,100114,100,100694,100,100078,4,100934,100,100002,100,101166,100,100000,100,101263,100,99933,100,101546,100,99685,100,101846,100,,
2019-06-28 10:04:49.161666441,100425,340,100206,340,100591,340,100191,340,100598,100,100150,100,100677,200,100114,100,100694,100,100078,4,100934,100,100002,100,101119,100,100000,100,101166,100,99933,100,101263,100,99685,100,101546,100,,
2019-06-28 10:04:50.000000000,100425,264,100206,264,100591,259,100191,259,100598,259,100150,259,100677,200,100114,100,100694,100,100078,4,100934,100,100002,100,101119,100,100000,100,101166,100,99933,100,101263,100,99685,100,101546,100,,
2019-06-28 10:04:59.159148515,100425,264,100363,100,100591,259,100206,264,100598,259,100191,259,100677,200,100150,259,100694,100,100114,100,100934,100,100078,4,101119,100,100002,100,101166,100,100000,100,101263,100,99933,100,101546,100,99685,100
2019-06-28 10:05:00.000000000,100425,340,100363,340,100591,340,100206,340,100598,100,100191,100,100677,200,100150,100,100694,100,100114,100,100934,100,100078,4,101119,100,100002,100,101166,100,100000,100,101263,100,99933,100,101546,100,99685,100
2019-06-28 10:05:10.000000000,100425,340,100363,340,100591,340,100206,340,100598,100,100191,100,100677,200,100150,100,100694,100,100114,100,100934,100,100078,4,101119,100,100002,100,101166,100,100000,100,101263,100,99933,100,101546,100,99685,100
2019-06-28 10:05:20.000000000,100425,340,100363,340,100591,340,100206,340,100598,100,100191,100,100677,200,100150,100,100694,100,100114,100,100934,100,100078,4,101119,100,100002,100,101166,100,100000,100,101263,100,99933,100,101546,100,99685,100
2019-06-28 10:05:30.000000000,100425,220,100363,220,100591,220,100206,220,100598,220,100191,220,100677,320,100150,220,100694,100,100114,100,100934,100,100078,4,101119,100,100002,100,101166,100,100000,100,101263,100,99933,100,101546,100,99685,100
2019-06-28 10:05:40.000000000,100425,340,100363,340,100591,340,100206,340,100598,100,100191,100,100677,200,100150,100,100694,100,100114,100,100934,100,100078,4,101119,100,100002,100,101166,100,100000,100,101263,100,99933,100,101546,100,99685,100
2019-06-28 10:05:50.000000000,100425,196,100363,196,100591,196,100206,196,100598,196,100191,196,100677,296,100150,196,100694,196,100114,196,100934,100,100078,4,101119,100,100002,100,101166,100,100000,100,101263,100,99933,100,101546,100,99685,100
2019-06-28 10:05:50.941813258,100425,196,100363,196,100591,196,100206,196,100598,196,100191,196,100677,296,100150,196,100694,196,100114,96,100934,100,100078,4,101119,100,100002,100,101166,100,100000,100,101263,100,99933,100,101546,100,99685,100
2019-06-28 10:05:59.376019192,100425,196,100363,96,100591,196,100206,196,100598,196,100191,196,100677,296,100150,196,100694,196,100114,96,100934,100,100078,4,101119,100,100002,100,101166,100,100000,100,101263,100,99933,100,101546,100,99685,100
2019-06-28 10:06:00.000000000,100425,340,100206,340,100591,340,100191,340,100598,100,100150,100,100677,200,100078,4,100694,100,100002,100,100934,100,100000,100,101119,100,99933,100,101166,100,99685,100,101263,100,99361,100,101546,100,,
2019-06-28 10:06:10.000000000,100425,196,100206,196,100591,196,100191,196,100598,196,100150,196,100677,296,100078,100,100694,196,100002,196,100934,100,100000,100,101119,100,99933,100,101166,100,99685,100,101263,100,99361,100,101546,100,,
2019-06-28 10:06:17.905488843,100425,196,100206,196,100591,196,100191,196,100598,96,100150,196,100677,296,100078,100,100694,196,100002,196,100934,100,100000,100,101119,100,99933,100,101166,100,99685,100,101263,100,99388,100,101546,100,99361,100
2019-06-28 10:06:20.000000000,100425,220,100206,220,100591,220,100191,220,100677,320,100150,220,100694,220,100078,124,100934,100,100002,100,101119,100,100000,100,101166,100,99933,100,101263,100,99685,100,101546,100,99388,100,101846,100,99361,100
2019-06-28 10:06:30.000000000,100425,340,100206,340,100591,340,100191,340,100677,200,100150,100,100694,100,100078,4,100934,100,100002,100,101119,100,100000,100,101166,100,99933,100,101263,100,99685,100,101546,100,99388,100,101846,100,99361,100
2019-06-28 10:06:35.029365230,100425,340,100206,240,100591,340,100191,340,100677,200,100150,100,100694,100,100078,4,100934,100,100002,100,101119,100,100000,100,101166,100,99933,100,101263,100,99685,100,101546,100,99388,100,101846,100,99361,100
2019-06-28 10:06:40.000000000,100425,340,100191,340,100591,340,100150,340,100677,200,100078,4,100694,100,100002,100,100934,100,100000,100,101119,100,99933,100,101166,100,99685,100,101263,100,99388,100,101546,100,99361,100,101846,100,,
2019-06-28 10:06:47.949633323,100363,100,100191,340,100425,340,100150,340,100591,340,100078,4,100677,200,100002,100,100694,100,100000,100,100934,100,99933,100,101119,100,99685,100,101166,100,99388,100,101263,100,99361,100,101546,100,,
2019-06-28 10:06:50.000000000,100363,340,100191,340,100425,340,100150,340,100591,100,100078,4,100677,200,100002,100,100694,100,100000,100,100934,100,99933,100,101119,100,99685,100,101166,100,99388,100,101263,100,99361,100,101546,100,,
2019-06-28 10:07:00.000000000,100363,581,100191,581,100425,100,100150,100,100591,100,100078,4,100677,200,100002,100,100694,100,100000,100,100934,100,99933,100,101119,100,99685,100,101166,100,99388,100,101263,100,99361,100,101546,100,,
2019-06-28 10:07:03.781780373,100363,681,100191,581,100425,100,100150,100,100591,100,100078,4,100677,200,100002,100,100694,100,100000,100,100934,100,99933,100,101119,100,99685,100,101166,100,99388,100,101263,100,99361,100,101546,100,,
2019-06-28 10:07:10.000000000,100363,296,100191,196,100425,196,100150,196,100591,196,100078,100,100677,296,100002,196,100694,196,100000,196,100934,100,99933,100,101119,100,99685,100,101166,100,99388,100,101263,100,99361,100,101546,100,,
2019-06-28 10:07:20.000000000,100363,681,100191,581,100425,100,100150,100,100591,100,100078,4,100677,200,100002,100,100694,100,100000,100,100934,100,99933,100,101119,100,99685,100,101166,100,99388,100,101263,100,99361,100,101546,100,,
2019-06-28 10:07:20.707539200,100363,781,100191,581,100425,100,100150,100,100591,100,100078,4,100677,200,100002,100,100694,100,100000,100,100934,100,99685,100,101119,100,99388,100,101166,100,99361,100,101263,100,,,101546,100,,
2019-06-28 10:07:30.000000000,100363,396,100191,196,100425,196,100150,196,100591,196,100078,100,100677,296,100002,196,100694,196,100000,196,100934,100,99685,100,101119,100,99388,100,101166,100,99361,100,101263,100,,,101546,100,,
