,ask_price_1,ask_size_1,bid_price_1,bid_size_1,ask_price_2,ask_size_2,bid_price_2,bid_size_2,ask_price_3,ask_size_3,bid_price_3,bid_size_3,ask_price_4,ask_size_4,bid_price_4,bid_size_4,ask_price_5,ask_size_5,bid_price_5,bid_size_5,ask_price_6,ask_size_6,bid_price_6,bid_size_6,ask_price_7,ask_size_7,bid_price_7,bid_size_7,ask_price_8,ask_size_8,bid_price_8,bid_size_8,ask_price_9,ask_size_9,bid_price_9,bid_size_9,ask_price_10,ask_size_10,bid_price_10,bid_size_10
2019-06-28 09:30:00.000000000,,,100144,100,,,99913,100,,,,,,,,,,,,,,,,,,,,,,,,,,,,,,,,
2019-06-28 09:30:00.000000001,,,100118,100,,,99913,100,,,,,,,,,,,,,,,,,,,,,,,,,,,,,,,,
2019-06-28 09:30:00.000000002,,,99913,100,,,,,,,,,,,,,,,,,,,,,,,,,,,,,,,,,,,,
2019-06-28 09:30:00.000000003,100168,100,99913,100,,,,,,,,,,,,,,,,,,,,,,,,,,,,,,,,,,,,
2019-06-28 09:30:00.000000004,100144,100,99913,100,100168,100,,,,,,,,,,,,,,,,,,,,,,,,,,,,,,,,,,
2019-06-28 09:30:00.000000005,100144,100,99994,100,100168,100,99918,100,,,99913,100,,,,,,,,,,,,,,,,,,,,,,,,,,,,
2019-06-28 09:30:00.000000007,100144,100,99974,100,100168,100,99918,100,,,99913,100,,,,,,,,,,,,,,,,,,,,,,,,,,,,
2019-06-28 09:30:00.000000010,100087,100,99994,100,100118,100,99974,100,100144,100,99918,100,100168,100,99913,100,,,,,,,,,,,,,,,,,,,,,,,,
2019-06-28 09:30:00.000000012,100087,100,99994,100,100118,100,99974,100,100144,100,99929,100,100168,100,99918,100,100174,100,99913,100,,,,,,,,,,,,,,,,,,,,
2019-06-28 09:30:00.000000014,100087,100,99974,100,100118,100,99929,100,100144,100,99918,100,100168,100,99913,100,100174,100,,,,,,,,,,,,,,,,,,,,,,
2019-06-28 09:30:00.000000015,100063,100,99994,100,100087,100,99974,100,100090,100,99929,100,100118,100,99918,100,100144,100,99913,100,100168,100,,,100174,100,,,,,,,,,,,,,,
2019-06-28 09:30:00.000000016,100063,100,99994,100,100087,100,99974,100,100090,100,99929,100,100118,100,99918,100,100144,100,99913,200,100168,100,,,100174,100,,,,,,,,,,,,,,
2019-06-28 09:30:00.000000018,100063,100,99994,100,100087,100,99974,100,100090,100,99929,100,100096,100,99918,100,100118,100,99913,200,100144,100,,,100168,100,,,100174,100,,,,,,,,,,
2019-06-28 09:30:00.000000021,100063,100,99974,100,100087,100,99929,100,100090,100,99918,100,100096,100,99913,200,100118,100,99878,100,100144,100,,,100168,100,,,100174,100,,,,,,,,,,
2019-06-28 09:30:00.000000024,100063,100,99974,100,100087,100,99929,100,100090,100,99918,100,100096,100,99913,200,100106,100,99878,100,100118,100,,,100144,100,,,100168,100,,,100174,100,,,,,,
2019-06-28 09:30:00.000000027,100049,100,99974,100,100063,100,99929,100,100087,100,99918,100,100090,100,99913,200,100096,100,99878,100,100106,100,,,100118,100,,,100144,100,,,100168,100,,,100174,100,,
2019-06-28 09:30:00.000000028,99994,100,99974,100,100049,100,99929,100,100063,100,99918,100,100087,100,99913,200,100090,100,99878,100,100096,100,,,100106,100,,,100118,100,,,100144,100,,,100168,100,,
2019-06-28 09:30:00.000000033,100049,100,99974,100,100063,100,99929,100,100087,100,99918,100,100090,100,99913,200,100096,100,99878,100,100106,100,,,100118,100,,,100144,100,,,100168,100,,,100174,100,,
2019-06-28 09:30:00.000000038,100049,100,99929,100,100063,100,99918,100,100087,100,99913,200,100090,100,99878,100,100096,100,,,100106,100,,,100118,100,,,100144,100,,,100168,100,,,100174,100,,
2019-06-28 09:30:00.000000039,99994,100,99929,100,100049,100,99918,100,100063,100,99913,200,100087,100,99878,100,100090,100,,,100096,100,,,100106,100,,,100118,100,,,100144,100,,,100168,100,,
2019-06-28 09:30:00.000000040,100049,100,99929,100,100063,100,99918,100,100087,100,99913,200,100090,100,99878,100,100096,100,,,100106,100,,,100118,100,,,100144,100,,,100168,100,,,100174,100,,
2019-06-28 09:30:00.000000042,100049,100,100004,100,100063,100,99974,100,100087,100,99929,100,100090,100,99918,100,100096,100,99913,200,100106,100,99878,100,100118,100,,,100144,100,,,100168,100,,,100174,100,,
2019-06-28 09:30:00.000000045,100049,100,100004,100,100063,100,99994,100,100087,100,99974,100,100090,100,99970,100,100096,100,99929,100,100106,100,99918,100,100118,100,99913,200,100144,100,99883,100,100168,100,99878,100,100174,100,,
2019-06-28 09:30:00.000000047,100049,100,100014,100,100063,100,100004,100,100087,100,99994,100,100090,100,99974,100,100096,100,99970,100,100106,100,99929,100,100118,100,99918,100,100144,100,99913,200,100168,100,99883,100,100174,100,99878,100
2019-06-28 09:30:00.000000048,100049,100,100014,100,100063,100,100004,100,100087,100,99994,100,100090,100,99974,100,100096,100,99970,100,100106,100,99929,100,100118,100,99918,100,100144,100,99913,200,100168,100,99883,100,100174,100,99878,100
2019-06-28 09:30:00.000000050,100049,100,100004,100,100063,100,99994,100,100087,100,99974,100,100090,100,99970,100,100096,100,99929,100,100106,100,99918,100,100118,100,99913,200,100144,100,99883,100,100168,100,99878,100,100174,100,99741,100
2019-06-28 09:30:00.000000052,100014,100,100004,100,100049,100,99994,100,100063,100,99974,100,100087,100,99970,100,100090,100,99929,100,100096,100,99918,100,100106,100,99913,200,100118,100,99883,100,100144,100,99878,100,100168,100,99741,100
2019-06-28 09:30:00.000000055,100014,100,99994,100,100049,100,99974,100,100063,100,99970,100,100087,100,99956,100,100090,100,99929,100,100096,100,99918,100,100106,100,99913,200,100118,100,99883,100,100119,100,99878,100,100144,100,99741,100
2019-06-28 09:30:00.000000056,100014,100,100006,100,100049,100,99994,100,100063,100,99974,100,100087,100,99970,100,100090,100,99956,100,100096,100,99929,100,100106,100,99918,100,100118,100,99913,200,100119,100,99883,100,100144,100,99878,100
2019-06-28 09:30:00.000000062,100009,100,100006,100,100014,100,99994,100,100049,100,99974,100,100063,100,99970,100,100087,100,99956,100,100090,100,99929,100,100096,100,99918,100,100106,100,99913,200,100118,100,99897,100,100119,100,99883,100
2019-06-28 09:30:00.000000064,100009,200,100006,100,100014,100,99994,100,100049,100,99974,100,100063,100,99970,100,100087,100,99956,100,100090,100,99929,100,100096,100,99918,100,100106,100,99913,200,100118,100,99897,100,100119,100,99883,100
2019-06-28 09:30:00.000000067,100009,200,100006,100,100014,100,99994,100,100049,100,99979,100,100063,100,99974,100,100087,100,99970,100,100090,100,99956,100,100096,100,99929,100,100106,100,99918,100,100118,100,99913,200,100119,100,99897,100
2019-06-28 09:30:00.000000069,100009,200,100006,100,100014,100,100004,100,100049,100,99994,100,100063,100,99979,100,100087,100,99974,100,100090,100,99970,100,100096,100,99956,100,100106,100,99929,100,100118,100,99918,100,100119,100,99913,200
2019-06-28 09:30:00.000000070,100009,200,100006,100,100014,100,100004,100,100049,100,99994,100,100063,100,99979,100,100087,100,99974,100,100090,100,99970,100,100096,100,99956,100,100106,100,99929,100,100118,100,99918,100,100119,100,99913,200
2019-06-28 09:30:00.000000072,100009,200,100006,100,100014,100,100004,100,100049,100,99994,100,100063,100,99979,100,100087,100,99974,100,100090,100,99970,100,100096,100,99956,100,100097,100,99929,100,100106,100,99918,100,100118,100,99913,200
2019-06-28 09:30:00.000000075,100009,200,100006,100,100014,100,100004,100,100048,100,99994,100,100049,100,99979,100,100063,100,99974,100,100087,100,99970,100,100090,100,99956,100,100096,100,99929,100,100097,100,99918,100,100106,100,99913,200
2019-06-28 09:30:00.000000082,100009,200,100006,100,100014,100,100004,100,100047,100,99994,100,100048,100,99979,100,100049,100,99974,100,100063,100,99970,100,100087,100,99956,100,100090,100,99929,100,100096,100,99918,100,100097,100,99913,200
2019-06-28 09:30:00.000000085,100009,200,100006,100,100014,100,100004,100,100047,100,99994,100,100048,100,99979,100,100049,100,99974,100,100063,100,99970,100,100087,100,99956,100,100090,100,99929,100,100096,100,99918,100,100097,100,99913,200
2019-06-28 09:30:00.000000089,100009,200,100006,100,100014,100,100004,100,100047,100,99994,100,100048,100,99979,100,100049,100,99974,100,100063,100,99970,100,100087,100,99956,100,100090,100,99929,100,100096,100,99918,100,100097,100,99913,200
2019-06-28 09:30:00.000000091,100009,200,100006,100,100014,100,100004,100,100047,100,99994,100,100048,100,99979,100,100049,100,99974,100,100063,100,99970,100,100087,100,99958,100,100090,100,99956,100,100096,100,99932,100,100097,100,99929,100
2019-06-28 09:30:00.000000092,100009,200,100006,100,100014,100,100004,100,100047,100,99994,100,100048,100,99979,100,100049,100,99974,100,100063,100,99970,100,100087,100,99958,100,100090,100,99956,100,100096,100,99932,100,100097,100,99929,100
2019-06-28 09:30:00.000000093,100009,200,100004,100,100014,100,99994,100,100047,100,99979,100,100048,100,99974,100,100049,100,99970,100,100063,100,99958,100,100087,100,99956,100,100090,100,99932,100,100096,100,99929,100,100097,100,99918,100
2019-06-28 09:30:00.000000094,100009,200,100004,100,100014,100,99994,100,100047,100,99979,100,100048,100,99974,100,100049,100,99970,100,100063,100,99958,100,100087,100,99956,100,100090,100,99932,100,100096,100,99929,100,100097,100,99918,100
2019-06-28 09:30:00.000000095,100009,200,100004,100,100014,100,99994,100,100019,100,99979,100,100047,100,99974,100,100048,100,99970,100,100049,100,99958,100,100063,100,99956,100,100087,100,99932,100,100090,100,99929,100,100096,100,99918,100
2019-06-28 09:30:00.000000099,100009,200,100004,100,100014,100,99994,100,100019,100,99979,100,100047,100,99974,100,100048,100,99970,100,100049,100,99958,100,100063,100,99956,100,100087,100,99932,100,100090,100,99929,100,100096,100,99918,100
2019-06-28 09:30:10.000000000,100009,361,100004,261,100014,256,99994,256,100019,256,99979,256,100047,100,99974,100,100048,100,99970,100,100049,100,99958,100,100063,100,99956,100,100087,100,99932,100,100090,100,99929,100,100096,100,99918,100
2019-06-28 09:30:10.046574282,100009,361,100004,261,100014,256,99994,256,100019,256,99979,256,100047,100,99974,100,100048,100,99970,100,100049,100,99958,100,100063,100,99956,100,100087,100,99932,100,100090,100,99929,100,100097,100,99918,100
2019-06-28 09:30:20.000000000,100009,673,100004,573,100014,100,99994,100,100019,100,99979,100,100047,100,99974,100,100048,100,99970,100,100049,100,99958,100,100063,100,99956,100,100087,100,99932,100,100090,100,99929,100,100097,100,99918,100
2019-06-28 09:30:20.049251543,100009,573,100004,573,100014,100,99994,100,100047,100,99979,100,100048,100,99974,100,100049,100,99970,100,100063,100,99958,100,100087,100,99956,100,100090,100,99932,100,100097,100,99929,100,100106,100,99918,100
2019-06-28 09:30:30.000000000,100009,218,100004,218,100014,218,99994,218,100047,218,99979,218,100048,218,99974,218,100049,100,99970,100,100063,100,99958,100,100087,100,99956,100,100090,100,99932,100,100097,100,99929,100,100106,100,99918,100
2019-06-28 09:30:33.833725456,100009,218,100004,218,100014,218,99994,218,100047,218,99979,218,100048,218,99974,218,100049,100,99970,100,100063,100,99958,100,100087,100,99956,100,100090,100,99932,100,100097,100,99929,200,100106,100,99918,100
2019-06-28 09:30:40.000000000,100009,218,100004,218,100014,218,99994,218,100047,218,99979,218,100048,218,99974,218,100049,100,99970,100,100063,100,99958,100,100087,100,99956,100,100090,100,99932,100,100097,100,99929,200,100106,100,99918,100
2019-06-28 09:30:50.000000000,100009,336,100004,336,100014,336,99994,336,100047,100,99979,100,100048,100,99974,100,100049,100,99970,100,100063,100,99958,100,100087,100,99956,100,100090,100,99932,100,100097,100,99929,200,100106,100,99918,100
2019-06-28 09:30:52.121821267,100009,336,100004,336,100014,336,99994,336,100047,100,99979,100,100048,100,99974,100,100049,100,99970,100,100063,100,99958,100,100087,100,99956,100,100090,100,99932,100,100097,100,99929,200,100106,100,99918,100
2019-06-28 09:30:57.212348900,100008,100,100004,336,100009,336,99994,336,100014,336,99979,100,100047,100,99974,100,100048,100,99970,100,100049,100,99958,100,100063,100,99956,100,100087,100,99932,100,100090,100,99929,200,100097,100,99918,100
2019-06-28 09:31:00.000000000,100008,573,100004,573,100009,100,99994,100,100014,100,99979,100,100047,100,99974,100,100048,100,99970,100,100049,100,99958,100,100063,100,99956,100,100087,100,99932,100,100090,100,99929,200,100097,100,99918,100
2019-06-28 09:31:10.000000000,100008,195,100004,195,100009,195,99994,195,100014,195,99979,195,100047,195,99974,195,100048,195,99970,195,100049,100,99958,100,100063,100,99956,100,100087,100,99932,100,100090,100,99929,200,100097,100,99918,100
2019-06-28 09:31:11.957478781,100005,100,100004,195,100008,195,99994,195,100009,195,99979,195,100014,195,99974,195,100047,195,99970,195,100048,195,99958,100,100049,100,99956,100,100063,100,99932,100,100087,100,99929,200,100090,100,99918,100
2019-06-28 09:31:18.053376207,100005,100,100004,195,100008,195,99994,195,100009,195,99979,195,100014,195,99974,195,100047,195,99970,195,100048,195,99958,100,100049,100,99956,100,100063,100,99932,100,100087,100,99929,200,100090,100,99918,100
2019-06-28 09:31:20.000000000,100005,195,100004,195,100008,195,99994,195,100009,195,99979,195,100014,195,99974,195,100047,195,99970,195,100048,100,99958,100,100049,100,99956,100,100063,100,99932,100,100087,100,99929,200,100090,100,99918,100
2019-06-28 09:31:30.000000000,100005,336,100004,336,100008,336,99994,336,100009,100,99979,100,100014,100,99974,100,100047,100,99970,100,100048,100,99958,100,100049,100,99956,100,100063,100,99932,100,100087,100,99929,200,100090,100,99918,100
2019-06-28 09:31:40.000000000,100005,218,100004,218,100008,218,99994,218,100009,218,99979,218,100014,218,99974,218,100047,100,99970,100,100048,100,99958,100,100049,100,99956,100,100063,100,99932,100,100087,100,99929,200,100090,100,99918,100
2019-06-28 09:31:41.822645270,100005,218,100004,218,100008,218,99994,218,100009,218,99979,218,100014,218,99974,218,100047,100,99970,100,100048,100,99958,100,100049,100,99956,100,100063,100,99932,100,100087,100,99929,200,100090,100,99918,100
2019-06-28 09:31:42.480265743,100005,218,100004,218,100008,318,99994,218,100009,218,99979,218,100014,218,99974,218,100047,100,99970,100,100048,100,99958,100,100049,100,99956,100,100063,100,99932,100,100087,100,99929,200,100090,100,99918,100
2019-06-28 09:31:50.000000000,100005,336,100004,336,100008,436,99994,336,100009,100,99979,100,100014,100,99974,100,100047,100,99970,100,100048,100,99958,100,100049,100,99956,100,100063,100,99932,100,100087,100,99929,200,100090,100,99918,100
2019-06-28 09:32:00.000000000,100005,218,100004,218,100008,318,99994,218,100009,218,99979,218,100014,218,99974,218,100047,100,99970,100,100048,100,99958,100,100049,100,99956,100,100063,100,99932,100,100087,100,99929,200,100090,100,99918,100
2019-06-28 09:32:00.123686615,100005,218,100004,218,100008,318,99994,218,100009,218,99979,218,100014,218,99974,218,100047,100,99970,100,100048,100,99958,100,100049,100,99956,100,100063,100,99932,100,100087,100,99929,200,100090,100,99918,100
2019-06-28 09:32:08.589547637,100005,218,100004,118,100008,318,99994,218,100009,218,99979,218,100014,218,99974,218,100047,100,99970,100,100048,100,99956,100,100049,100,99932,100,100063,100,99929,200,100087,100,99918,100,100090,100,99913,200
2019-06-28 09:32:10.000000000,100005,573,99994,573,100008,200,99979,100,100009,100,99974,100,100014,100,99970,100,100047,100,99956,100,100048,100,99932,100,100049,100,99929,200,100063,100,99918,100,100087,100,99913,200,100090,100,99897,100
2019-06-28 09:32:11.289156875,100004,100,99994,573,100005,573,99979,100,100008,200,99974,100,100009,100,99970,100,100047,100,99956,100,100048,100,99932,100,100049,100,99929,200,100063,100,99918,100,100087,100,99913,200,100090,100,99897,100
2019-06-28 09:32:20.000000000,100004,218,99994,218,100005,218,99979,218,100008,318,99974,218,100009,218,99970,218,100047,100,99956,100,100048,100,99932,100,100049,100,99929,200,100063,100,99918,100,100087,100,99913,200,100090,100,99897,100
2019-06-28 09:32:29.727822774,100004,218,99994,218,100005,218,99979,218,100008,318,99974,218,100009,218,99970,218,100047,100,99956,100,100048,100,99932,100,100049,100,99929,200,100063,100,99918,100,100090,100,99913,200,100106,100,99897,100
2019-06-28 09:32:30.000000000,100004,261,99994,261,100005,256,99979,256,100008,356,99974,256,100009,100,99970,100,100047,100,99956,100,100048,100,99932,100,100049,100,99929,200,100063,100,99918,100,100090,100,99913,200,100106,100,99897,100
2019-06-28 09:32:38.244174685,100004,261,99994,161,100005,256,99979,256,100008,356,99974,256,100009,100,99970,100,100047,100,99956,100,100048,100,99932,100,100049,100,99929,200,100063,100,99918,100,100090,100,99913,200,100106,100,99897,100
2019-06-28 09:32:40.000000000,100004,195,99979,195,100005,195,99974,195,100008,295,99970,195,100009,195,99956,195,100047,195,99932,195,100048,100,99929,200,100049,100,99918,100,100063,100,99913,200,100090,100,99897,100,100106,100,99883,100
2019-06-28 09:32:44.932617171,100004,195,99979,95,100005,195,99974,195,100008,295,99970,195,100009,195,99956,195,100047,195,99932,195,100049,100,99929,200,100063,100,99918,100,100090,100,99913,200,100106,100,99897,100,100119,100,99883,100
2019-06-28 09:32:50.000000000,100004,261,99974,261,100005,256,99970,256,100008,356,99956,256,100009,100,99932,100,100047,100,99929,200,100049,100,99918,100,100063,100,99913,200,100090,100,99897,100,100106,100,99883,100,100119,100,99878,100
2019-06-28 09:32:56.313877176,100003,100,99974,261,100004,261,99970,256,100005,256,99956,256,100008,256,99932,100,100009,100,99929,200,100047,100,99918,100,100049,100,99913,200,100063,100,99897,100,100090,100,99883,100,100106,100,99878,100
2019-06-28 09:32:59.742790993,100003,200,99974,261,100004,261,99970,256,100005,256,99956,256,100008,256,99932,100,100009,100,99929,200,100047,100,99918,100,100049,100,99913,200,100063,100,99897,100,100090,100,99883,100,100106,100,99878,100
2019-06-28 09:33:00.000000000,100003,295,99974,195,100004,195,99970,195,100005,195,99956,195,100008,195,99932,195,100009,195,99929,295,100047,100,99918,100,100049,100,99913,200,100063,100,99897,100,100090,100,99883,100,100106,100,99878,100
2019-06-28 09:33:10.000000000,100003,436,99974,336,100004,336,99970,336,100005,100,99956,100,100008,100,99932,100,100009,100,99929,200,100047,100,99918,100,100049,100,99913,200,100063,100,99897,100,100090,100,99883,100,100106,100,99878,100
2019-06-28 09:33:20.000000000,100003,361,99974,261,100004,256,99970,256,100005,256,99956,256,100008,100,99932,100,100009,100,99929,200,100047,100,99918,100,100049,100,99913,200,100063,100,99897,100,100090,100,99883,100,100106,100,99878,100
2019-06-28 09:33:20.242640187,100003,361,99974,261,100004,256,99970,256,100005,256,99956,256,100008,100,99932,100,100009,100,99929,200,100047,100,99918,100,100049,100,99913,200,100063,100,99883,100,100090,100,99878,100,100106,100,99876,100
2019-06-28 09:33:30.000000000,100003,318,99974,218,100004,218,99970,218,100005,218,99956,218,100008,218,99932,218,100009,100,99929,200,100047,100,99918,100,100049,100,99913,200,100063,100,99883,100,100090,100,99878,100,100106,100,99876,100
2019-06-28 09:33:39.947838494,100003,318,99974,218,100004,218,99970,218,100005,218,99956,218,100008,218,99932,218,100009,100,99929,200,100047,100,99918,100,100049,100,99913,200,100063,100,99883,100,100090,100,99878,100,100106,100,99876,100
2019-06-28 09:33:40.000000000,100003,295,99974,195,100004,195,99970,195,100005,195,99956,195,100008,195,99932,195,100009,195,99929,295,100047,100,99918,100,100049,100,99913,200,100063,100,99883,100,100090,100,99878,100,100106,100,99876,100
2019-06-28 09:33:50.000000000,100003,673,99974,573,100004,100,99970,100,100005,100,99956,100,100008,100,99932,100,100009,100,99929,200,100047,100,99918,100,100049,100,99913,200,100063,100,99883,100,100090,100,99878,100,100106,100,99876,100
2019-06-28 09:33:58.952218378,100003,673,99974,473,100004,100,99970,100,100005,100,99956,100,100008,100,99932,100,100009,100,99929,200,100047,100,99918,100,100049,100,99913,200,100063,100,99883,100,100090,100,99878,100,100106,100,99876,100
2019-06-28 09:34:00.000000000,100003,361,99970,261,100004,256,99956,256,100005,256,99932,256,100008,100,99929,200,100009,100,99918,100,100047,100,99913,200,100049,100,99883,100,100063,100,99878,100,100090,100,99876,100,100106,100,99864,100
2019-06-28 09:34:10.000000000,100003,673,99970,573,100004,100,99956,100,100005,100,99932,100,100008,100,99929,200,100009,100,99918,100,100047,100,99913,200,100049,100,99883,100,100063,100,99878,100,100090,100,99876,100,100106,100,99864,100
2019-06-28 09:34:20.000000000,100003,673,99970,573,100004,100,99956,100,100005,100,99932,100,100008,100,99929,200,100009,100,99918,100,100047,100,99913,200,100049,100,99883,100,100063,100,99878,100,100090,100,99876,100,100106,100,99864,100
2019-06-28 09:34:29.175182546,100003,673,99970,473,100004,100,99956,100,100005,100,99932,100,100008,100,99929,200,100009,100,99918,100,100047,100,99913,200,100049,100,99883,100,100063,100,99878,100,100090,100,99876,100,100106,100,99864,100
2019-06-28 09:34:30.000000000,100003,295,99956,195,100004,195,99932,195,100005,195,99929,295,100008,195,99918,195,100009,195,99913,295,100047,100,99883,100,100049,100,99878,100,100063,100,99876,100,100090,100,99864,100,100106,100,99854,100
2019-06-28 09:34:38.972910068,100003,295,99956,195,100004,195,99932,195,100005,195,99929,295,100008,195,99918,195,100009,195,99913,295,100047,100,99883,100,100049,100,99878,100,100063,100,99876,100,100090,100,99864,100,100106,100,99854,100
2019-06-28 09:34:40.000000000,100003,361,99956,261,100004,256,99932,256,100005,256,99929,356,100008,100,99918,100,100009,100,99913,200,100047,100,99883,100,100049,100,99878,100,100063,100,99876,100,100090,100,99864,100,100106,100,99854,100
2019-06-28 09:34:46.526331015,100003,361,99956,161,100004,256,99932,256,100005,256,99929,356,100008,100,99918,100,100009,100,99913,200,100047,100,99883,100,100049,100,99878,100,100063,100,99876,100,100090,100,99854,100,100106,100,99851,100
2019-06-28 09:34:50.000000000,100003,318,99932,218,100004,218,99929,318,100005,218,99918,218,100008,218,99913,318,100009,100,99883,100,100047,100,99878,100,100049,100,99876,100,100063,100,99854,100,100090,100,99851,100,100106,100,99804,100
2019-06-28 09:35:00.000000000,100003,361,99932,261,100004,256,99929,356,100005,256,99918,256,100008,100,99913,200,100009,100,99883,100,100047,100,99878,100,100049,100,99876,100,100063,100,99854,100,100090,100,99851,100,100106,100,99804,100
2019-06-28 09:35:00.153672161,100003,361,99932,261,100004,256,99929,356,100005,256,99918,256,100008,100,99913,200,100009,100,99883,100,100047,100,99878,100,100049,100,99876,100,100063,100,99854,100,100090,100,99851,100,100106,100,99804,100
2019-06-28 09:35:10.000000000,100003,673,99932,573,100004,100,99929,200,100005,100,99918,100,100008,100,99913,200,100009,100,99883,100,100047,100,99878,100,100049,100,99876,100,100063,100,99854,100,100090,100,99851,100,100106,100,99804,100
2019-06-28 09:35:15.516279086,100003,673,99932,473,100004,100,99929,200,100005,100,99918,100,100008,100,99913,200,100009,100,99883,100,100049,100,99878,100,100063,100,99876,100,100090,100,99854,100,100106,100,99851,100,100136,100,99804,100
2019-06-28 09:35:20.000000000,100003,436,99929,436,100004,336,99918,336,100005,100,99913,200,100008,100,99883,100,100009,100,99878,100,100049,100,99876,100,100063,100,99854,100,100090,100,99851,100,100106,100,99804,100,100136,100,99741,100
2019-06-28 09:35:30.000000000,100003,361,99929,361,100004,256,99918,256,100005,256,99913,356,100008,100,99883,100,100009,100,99878,100,100049,100,99876,100,100063,100,99854,100,100090,100,99851,100,100106,100,99804,100,100136,100,99741,100
2019-06-28 09:35:40.000000000,100003,318,99929,318,100004,218,99918,218,100005,218,99913,318,100008,218,99883,218,100009,100,99878,100,100049,100,99876,100,100063,100,99854,100,100090,100,99851,100,100106,100,99804,100,100136,100,99741,100
2019-06-28 09:35:40.110515431,99956,100,99929,318,100003,318,99918,218,100004,218,99913,318,100005,218,99883,218,100008,218,99878,100,100009,100,99876,100,100049,100,99854,100,100063,100,99851,100,100090,100,99804,100,100106,100,99741,100
2019-06-28 09:35:41.016814992,99956,100,99929,318,100003,218,99918,218,100004,218,99913,318,100005,218,99883,218,100008,218,99878,100,100009,100,99876,100,100049,100,99854,100,100063,100,99851,100,100090,100,99804,100,100106,100,99741,100
2019-06-28 09:35:48.698152197,99956,100,99929,318,100003,218,99918,218,100004,218,99913,318,100005,218,99883,218,100008,218,99878,100,100009,100,99876,100,100049,100,99854,100,100063,100,99851,100,100090,100,99804,100,100106,100,99741,100
2019-06-28 09:35:50.000000000,99956,195,99929,295,100003,195,99918,195,100004,195,99913,295,100005,195,99883,195,100008,195,99878,195,100009,100,99876,100,100049,100,99854,100,100063,100,99851,100,100090,100,99804,100,100106,100,99741,100
2019-06-28 09:35:59.338422649,99956,195,99929,195,100003,195,99918,195,100004,195,99913,295,100005,195,99883,195,100008,195,99878,195,100009,100,99876,100,100049,100,99854,100,100063,100,99851,100,100090,100,99804,100,100106,100,99741,100
2019-06-28 09:36:00.000000000,99956,195,99929,195,100003,195,99918,195,100004,195,99913,295,100005,195,99883,195,100008,195,99878,195,100009,100,99876,100,100049,100,99854,100,100063,100,99851,100,100090,100,99804,100,100106,100,99741,100
2019-06-28 09:36:10.000000000,99956,573,99929,573,100003,100,99918,100,100004,100,99913,200,100005,100,99883,100,100008,100,99878,100,100009,100,99876,100,100049,100,99854,100,100063,100,99851,100,100090,100,99804,100,100106,100,99741,100
2019-06-28 09:36:20.000000000,99956,195,99929,195,100003,195,99918,195,100004,195,99913,295,100005,195,99883,195,100008,195,99878,195,100009,100,99876,100,100049,100,99854,100,100063,100,99851,100,100090,100,99804,100,100106,100,99741,100
2019-06-28 09:36:30.000000000,99956,195,99929,195,100003,195,99918,195,100004,195,99913,295,100005,195,99883,195,100008,195,99878,195,100009,100,99876,100,100049,100,99854,100,100063,100,99851,100,100090,100,99804,100,100106,100,99741,100
2019-06-28 09:36:40.000000000,99956,336,99929,336,100003,336,99918,336,100004,100,99913,200,100005,100,99883,100,100008,100,99878,100,100009,100,99876,100,100049,100,99854,100,100063,100,99851,100,100090,100,99804,100,100106,100,99741,100
2019-06-28 09:36:50.000000000,99956,336,99929,336,100003,336,99918,336,100004,100,99913,200,100005,100,99883,100,100008,100,99878,100,100009,100,99876,100,100049,100,99854,100,100063,100,99851,100,100090,100,99804,100,100106,100,99741,100
2019-06-28 09:37:00.000000000,99956,573,99929,573,100003,100,99918,100,100004,100,99913,200,100005,100,99883,100,100008,100,99878,100,100009,100,99876,100,100049,100,99854,100,100063,100,99851,100,100090,100,99804,100,100106,100,99741,100
2019-06-28 09:37:07.688075350,99956,573,99929,473,100003,100,99918,100,100004,100,99913,200,100005,100,99883,100,100008,100,99878,100,100009,100,99876,100,100049,100,99854,100,100063,100,99851,100,100090,100,99804,100,100106,100,99741,100
2019-06-28 09:37:10.000000000,99956,195,99918,195,100003,195,99913,295,100004,195,99883,195,100005,195,99878,195,100008,195,99876,195,100009,100,99854,100,100049,100,99851,100,100063,100,99804,100,100090,100,99741,100,100106,100,99457,100
2019-06-28 09:37:20.000000000,99956,261,99918,261,100003,256,99913,356,100004,256,99883,256,100005,100,99878,100,100008,100,99876,100,100009,100,99854,100,100049,100,99851,100,100063,100,99804,100,100090,100,99741,100,100106,100,99457,100
2019-06-28 09:37:30.000000000,99956,336,99918,336,100003,336,99913,436,100004,100,99883,100,100005,100,99878,100,100008,100,99876,100,100009,100,99854,100,100049,100,99851,100,100063,100,99804,100,100090,100,99741,100,100106,100,99457,100
2019-06-28 09:37:40.000000000,99956,195,99918,195,100003,195,99913,295,100004,195,99883,195,100005,195,99878,195,100008,195,99876,195,100009,100,99854,100,100049,100,99851,100,100063,100,99804,100,100090,100,99741,100,100106,100,99457,100
2019-06-28 09:37:48.384769611,99956,195,99918,95,100003,195,99913,295,100004,195,99883,195,100005,195,99878,195,100008,195,99876,195,100009,100,99854,100,100049,100,99851,100,100063,100,99804,100,100090,100,99741,100,100106,100,99457,100
2019-06-28 09:37:49.804413956,99918,5,99913,295,99956,195,99883,195,100003,195,99878,95,100004,195,99876,195,100005,195,99854,100,100008,195,99851,100,100009,100,99804,100,100049,100,99741,100,100063,100,99457,100,100090,100,99429,100
2019-06-28 09:37:50.000000000,99918,166,99913,361,99956,256,99883,256,100003,256,99876,256,100004,100,99854,100,100005,100,99851,100,100008,100,99804,100,100009,100,99741,100,100049,100,99457,100,100063,100,99429,100,100090,100,99428,100
2019-06-28 09:38:00.000000000,99918,100,99913,295,99956,195,99883,195,100003,195,99876,195,100004,195,99854,195,100005,195,99851,195,100008,100,99804,100,100009,100,99741,100,100049,100,99457,100,100063,100,99429,100,100090,100,99428,100
2019-06-28 09:38:02.530670174,99918,100,99913,295,99956,195,99883,195,100003,95,99876,195,100004,195,99854,195,100005,195,99851,195,100008,100,99804,100,100009,100,99741,100,100049,100,99457,100,100063,100,99429,100,100090,100,99428,100
2019-06-28 09:38:10.000000000,99918,100,99913,295,99956,195,99883,195,100004,195,99876,195,100005,195,99854,195,100008,195,99851,195,100009,100,99804,100,100049,100,99741,100,100063,100,99457,100,100090,100,99429,100,100106,100,99428,100
2019-06-28 09:38:20.000000000,99918,166,99913,361,99956,256,99883,256,100004,256,99876,256,100005,100,99854,100,100008,100,99851,100,100009,100,99804,100,100049,100,99741,100,100063,100,99457,100,100090,100,99429,100,100106,100,99428,100
2019-06-28 09:38:28.986852901,99918,166,99913,261,99956,256,99883,256,100004,256,99876,256,100005,100,99854,100,100008,100,99851,100,100009,100,99804,100,100049,100,99741,100,100063,100,99457,100,100090,100,99429,100,100106,100,99428,100
2019-06-28 09:38:30.000000000,99918,166,99913,261,99956,256,99883,256,100004,256,99876,256,100005,100,99854,100,100008,100,99851,100,100009,100,99804,100,100049,100,99741,100,100063,100,99457,100,100090,100,99429,100,100106,100,99428,100
2019-06-28 09:38:40.000000000,99918,123,99913,218,99956,218,99883,218,100004,218,99876,218,100005,218,99854,218,100008,100,99851,100,100009,100,99804,100,100049,100,99741,100,100063,100,99457,100,100090,100,99429,100,100106,100,99428,100
2019-06-28 09:38:45.953936056,99918,123,99913,118,99956,218,99883,218,100004,218,99876,218,100005,218,99854,218,100008,100,99851,100,100009,100,99804,100,100049,100,99741,100,100063,100,99457,100,100090,100,99429,100,100106,100,99428,100
2019-06-28 09:38:50.000000000,99918,241,99883,336,99956,336,99876,336,100004,100,99854,100,100005,100,99851,100,100008,100,99804,100,100009,100,99741,100,100049,100,99457,100,100063,100,99429,100,100090,100,99428,100,100106,100,99385,100
2019-06-28 09:39:00.000000000,99918,166,99883,261,99956,256,99876,256,100004,256,99854,256,100005,100,99851,100,100008,100,99804,100,100009,100,99741,100,100049,100,99457,100,100063,100,99429,100,100090,100,99428,100,100106,100,99385,100
2019-06-28 09:39:00.969296899,99918,166,99883,261,99956,256,99876,256,100004,256,99854,256,100005,100,99851,100,100008,100,99804,100,100049,100,99741,100,100063,100,99457,100,100090,100,99429,100,100106,100,99428,100,100136,100,99385,100
2019-06-28 09:39:02.825355199,99918,166,99883,261,99956,256,99876,256,100004,256,99854,256,100005,100,99851,100,100008,100,99804,100,100049,100,99741,100,100063,100,99457,100,100090,100,99429,100,100106,100,99428,100,100136,100,99385,100
2019-06-28 09:39:10.000000000,99918,166,99883,261,99956,256,99876,256,100004,256,99854,256,100005,100,99851,100,100008,100,99804,100,100049,100,99741,100,100063,100,99457,100,100090,100,99429,100,100106,100,99428,100,100136,100,99385,100
2019-06-28 09:39:20.000000000,99918,166,99883,261,99956,256,99876,256,100004,256,99854,256,100005,100,99851,100,100008,100,99804,100,100049,100,99741,100,100063,100,99457,100,100090,100,99429,100,100106,100,99428,100,100136,100,99385,100
2019-06-28 09:39:25.417224765,99918,166,99883,161,99956,256,99876,256,100004,256,99854,256,100005,100,99851,100,100008,100,99741,100,100049,100,99457,100,100063,100,99429,100,100090,100,99428,100,100106,100,99385,100,100136,100,99360,100
2019-06-28 09:39:29.731702490,99918,166,99883,161,99956,256,99876,256,100004,256,99854,256,100005,100,99851,100,100008,100,99741,100,100049,100,99457,100,100063,100,99429,100,100090,100,99428,100,100106,100,99385,100,100136,100,99360,100
2019-06-28 09:39:30.000000000,99918,166,99876,261,99956,256,99854,256,100004,256,99851,256,100005,100,99741,100,100008,100,99457,100,100049,100,99429,100,100063,100,99428,100,100090,100,99385,100,100106,100,99360,100,100136,100,99185,100
2019-06-28 09:39:40.000000000,99918,241,99876,336,99956,336,99854,336,100004,100,99851,100,100005,100,99741,100,100008,100,99457,100,100049,100,99429,100,100063,100,99428,100,100090,100,99385,100,100106,100,99360,100,100136,100,99185,100
2019-06-28 09:39:40.296906020,99918,241,99876,336,99956,336,99854,336,100004,100,99851,100,100005,100,99741,100,100008,100,99457,100,100049,100,99429,100,100063,100,99428,100,100090,100,99385,100,100106,100,99360,100,100136,100,99185,100
2019-06-28 09:39:47.220629914,99918,241,99876,336,99956,336,99854,336,100004,100,99851,100,100005,100,99741,100,100008,100,99457,100,100049,100,99429,100,100063,100,99428,100,100090,100,99385,100,100106,100,99360,100,100136,100,99185,100
2019-06-28 09:39:50.000000000,99918,166,99876,261,99956,256,99854,256,100004,256,99851,256,100005,100,99741,100,100008,100,99457,100,100049,100,99429,100,100063,100,99428,100,100090,100,99385,100,100106,100,99360,100,100136,100,99185,100
2019-06-28 09:39:55.960192251,99918,166,99876,161,99956,256,99854,256,100004,256,99851,256,100005,100,99741,100,100008,100,99457,100,100049,100,99429,100,100063,100,99428,100,100090,100,99360,100,100106,100,99185,100,100136,100,99146,100
2019-06-28 09:40:00.000000000,99918,166,99854,261,99956,256,99851,256,100004,256,99741,256,100005,100,99457,100,100008,100,99429,100,100049,100,99428,100,100063,100,99360,100,100090,100,99185,100,100106,100,99146,100,100136,100,99080,100
2019-06-28 09:40:05.006370178,99883,100,99854,261,99918,166,99851,256,99956,156,99741,256,100004,256,99457,100,100005,100,99429,100,100008,100,99428,100,100049,100,99360,100,100063,100,99185,100,100090,100,99146,100,100106,100,99080,100
2019-06-28 09:40:06.620565677,99883,100,99854,261,99918,166,99851,256,99956,156,99741,256,100004,256,99457,100,100005,100,99429,100,100008,100,99428,100,100049,100,99360,100,100063,100,99185,100,100090,100,99181,100,100106,100,99146,100
2019-06-28 09:40:10.000000000,99883,261,99854,261,99918,161,99851,256,100004,256,99741,256,100005,100,99457,100,100008,100,99429,100,100049,100,99428,100,100063,100,99360,100,100090,100,99185,100,100106,100,99181,100,100136,100,99146,100
2019-06-28 09:40:20.000000000,99883,218,99854,218,99918,123,99851,218,100004,218,99741,218,100005,218,99457,218,100008,100,99429,100,100049,100,99428,100,100063,100,99360,100,100090,100,99185,100,100106,100,99181,100,100136,100,99146,100
2019-06-28 09:40:30.000000000,99883,261,99854,261,99918,161,99851,256,100004,256,99741,256,100005,100,99457,100,100008,100,99429,100,100049,100,99428,100,100063,100,99360,100,100090,100,99185,100,100106,100,99181,100,100136,100,99146,100
2019-06-28 09:40:38.238383086,99883,261,99854,261,99918,161,99851,256,100004,256,99741,256,100005,100,99457,100,100008,100,99429,100,100049,100,99428,100,100063,100,99360,100,100090,100,99185,100,100106,100,99151,100,100136,100,99146,100
2019-06-28 09:40:40.000000000,99883,336,99854,336,99918,241,99851,336,100004,100,99741,100,100005,100,99457,100,100008,100,99429,100,100049,100,99428,100,100063,100,99360,100,100090,100,99185,100,100106,100,99151,100,100136,100,99146,100
2019-06-28 09:40:48.337387110,99883,336,99854,336,99918,241,99851,336,100004,100,99741,100,100005,100,99457,100,100008,100,99429,100,100049,100,99428,100,100063,100,99360,100,100090,100,99312,100,100106,100,99185,100,100136,100,99151,100
2019-06-28 09:40:49.356038627,99883,336,99854,336,99918,241,99851,336,100004,100,99741,100,100005,100,99457,100,100008,100,99429,100,100049,100,99428,100,100063,100,99360,100,100090,100,99312,100,100106,100,99247,100,100136,100,99185,100
2019-06-28 09:40:50.000000000,99883,195,99854,195,99918,100,99851,195,100004,195,99741,195,100005,195,99457,195,100008,195,99429,195,100049,100,99428,100,100063,100,99360,100,100090,100,99312,100,100106,100,99247,100,100136,100,99185,100
2019-06-28 09:40:54.541509554,99883,195,99854,95,99918,100,99851,195,100004,195,99741,195,100005,195,99457,195,100008,195,99429,195,100049,100,99428,100,100063,100,99360,100,100090,100,99312,100,100106,100,99247,100,100136,100,99185,100
2019-06-28 09:40:56.140562449,99883,195,99854,95,99918,100,99851,195,100004,195,99741,195,100005,195,99457,195,100008,195,99429,195,100049,100,99428,100,100063,100,99360,100,100090,100,99353,100,100106,100,99312,100,100136,100,99247,100
2019-06-28 09:41:00.000000000,99883,195,99851,195,99918,100,99741,195,100004,195,99457,195,100005,195,99429,195,100008,195,99428,195,100049,100,99360,100,100063,100,99353,100,100090,100,99312,100,100106,100,99247,100,100136,100,99185,100
2019-06-28 09:41:10.000000000,99883,195,99851,195,99918,100,99741,195,100004,195,99457,195,100005,195,99429,195,100008,195,99428,195,100049,100,99360,100,100063,100,99353,100,100090,100,99312,100,100106,100,99247,100,100136,100,99185,100
2019-06-28 09:41:10.467722329,99883,195,99851,95,99918,100,99741,195,100004,195,99457,195,100005,195,99429,195,100008,195,99428,195,100049,100,99360,100,100063,100,99353,100,100106,100,99312,100,100136,100,99247,100,100144,100,99185,100
2019-06-28 09:41:15.849122249,99883,195,99851,95,99918,100,99741,195,100004,195,99457,195,100005,195,99429,195,100008,195,99428,195,100049,100,99360,100,100063,100,99353,100,100106,100,99322,100,100136,100,99312,100,100144,100,99247,100
2019-06-28 09:41:20.000000000,99883,573,99741,573,99918,5,99457,100,100004,100,99429,100,100005,100,99428,100,100008,100,99360,100,100049,100,99353,100,100063,100,99322,100,100106,100,99312,100,100136,100,99247,100,100144,100,99185,100
2019-06-28 09:41:30.000000000,99883,218,99741,218,99918,123,99457,218,100004,218,99429,218,100005,218,99428,218,100008,100,99360,100,100049,100,99353,100,100063,100,99322,100,100106,100,99312,100,100136,100,99247,100,100144,100,99185,100
2019-06-28 09:41:40.000000000,99883,195,99741,195,99918,100,99457,195,100004,195,99429,195,100005,195,99428,195,100008,195,99360,195,100049,100,99353,100,100063,100,99322,100,100106,100,99312,100,100136,100,99247,100,100144,100,99185,100
2019-06-28 09:41:48.204393780,99883,195,99741,95,99918,100,99457,195,100004,195,99429,195,100005,195,99428,195,100008,195,99360,195,100049,100,99353,100,100063,100,99322,100,100106,100,99312,100,100136,100,99247,100,100144,100,99185,100
2019-06-28 09:41:50.000000000,99883,336,99457,336,99918,241,99429,336,100004,100,99428,100,100005,100,99360,100,100008,100,99353,100,100049,100,99322,100,100063,100,99312,100,100106,100,99247,100,100136,100,99185,100,100144,100,99151,100
2019-06-28 09:42:00.000000000,99883,195,99457,195,99918,100,99429,195,100004,195,99428,195,100005,195,99360,195,100008,195,99353,195,100049,100,99322,100,100063,100,99312,100,100106,100,99247,100,100136,100,99185,100,100144,100,99151,100
2019-06-28 09:42:01.664321609,99883,195,99457,95,99918,100,99429,195,100004,195,99428,195,100005,195,99360,195,100008,195,99353,195,100049,100,99322,100,100063,100,99312,100,100106,100,99247,100,100136,100,99185,100,100144,100,99151,100
2019-06-28 09:42:10.000000000,99883,195,99429,195,99918,100,99428,195,100004,195,99360,195,100005,195,99353,195,100008,195,99322,195,100049,100,99312,100,100063,100,99247,100,100106,100,99185,100,100136,100,99151,100,100144,100,99146,100
2019-06-28 09:42:19.628016511,99883,195,99429,95,99918,100,99428,195,100004,195,99360,195,100005,195,99353,195,100008,195,99322,195,100049,100,99312,100,100063,100,99247,100,100106,100,99185,100,100136,100,99151,100,100144,100,99146,100
2019-06-28 09:42:20.000000000,99883,218,99428,218,99918,123,99360,218,100004,218,99353,218,100005,218,99322,218,100008,100,99312,100,100049,100,99247,100,100063,100,99185,100,100106,100,99151,100,100136,100,99146,100,100144,100,99080,100
2019-06-28 09:42:30.000000000,99883,218,99428,218,99918,123,99360,218,100004,218,99353,218,100005,218,99322,218,100008,100,99312,100,100049,100,99247,100,100063,100,99185,100,100106,100,99151,100,100136,100,99146,100,100144,100,99080,100
2019-06-28 09:42:40.000000000,99883,336,99428,336,99918,241,99360,336,100004,100,99353,100,100005,100,99322,100,100008,100,99312,100,100049,100,99247,100,100063,100,99185,100,100106,100,99151,100,100136,100,99146,100,100144,100,99080,100
2019-06-28 09:42:49.216511596,99452,100,99428,336,99883,336,99360,336,99918,241,99353,100,100004,100,99322,100,100005,100,99312,100,100008,100,99247,100,100049,100,99185,100,100063,100,99151,100,100106,100,99146,100,100144,100,99080,100
2019-06-28 09:42:49.357901966,99452,100,99428,336,99883,336,99360,336,99918,241,99353,100,100004,100,99322,100,100005,100,99312,100,100008,100,99280,100,100049,100,99247,100,100063,100,99185,100,100106,100,99151,100,100144,100,99146,100
2019-06-28 09:42:50.000000000,99452,573,99428,573,99883,100,99360,100,99918,5,99353,100,100004,100,99322,100,100005,100,99312,100,100008,100,99280,100,100049,100,99247,100,100063,100,99185,100,100106,100,99151,100,100144,100,99146,100
2019-06-28 09:43:00.000000000,99452,261,99428,261,99883,256,99360,256,99918,161,99353,256,100004,100,99322,100,100005,100,99312,100,100008,100,99280,100,100049,100,99247,100,100063,100,99185,100,100106,100,99151,100,100144,100,99146,100
2019-06-28 09:43:04.029920126,99452,261,99428,161,99883,256,99360,256,99918,161,99353,256,100004,100,99322,100,100005,100,99312,100,100008,100,99280,100,100049,100,99247,100,100063,100,99185,100,100106,100,99151,100,100144,100,99146,100
2019-06-28 09:43:10.000000000,99452,261,99360,261,99883,256,99353,256,99918,161,99322,256,100004,100,99312,100,100005,100,99280,100,100008,100,99247,100,100049,100,99185,100,100063,100,99151,100,100106,100,99146,100,100144,100,99080,100
2019-06-28 09:43:15.863946999,99452,261,99360,161,99883,256,99353,256,99918,161,99322,256,100004,100,99312,100,100005,100,99280,100,100008,100,99247,100,100049,100,99185,100,100063,100,99151,100,100106,100,99146,100,100144,100,99080,100
2019-06-28 09:43:19.217555462,99452,261,99429,100,99883,256,99360,161,99918,161,99353,256,100004,100,99322,256,100005,100,99312,100,100008,100,99280,100,100049,100,99247,100,100063,100,99185,100,100106,100,99151,100,100144,100,99146,100
2019-06-28 09:43:20.000000000,99452,336,99429,336,99883,336,99353,336,99918,5,99322,100,100004,100,99312,100,100005,100,99280,100,100008,100,99247,100,100049,100,99185,100,100063,100,99151,100,100106,100,99146,100,100144,100,99080,100
2019-06-28 09:43:30.000000000,99452,218,99429,218,99883,218,99353,218,99918,123,99322,218,100004,218,99312,218,100005,100,99280,100,100008,100,99247,100,100049,100,99185,100,100063,100,99151,100,100106,100,99146,100,100144,100,99080,100
2019-06-28 09:43:30.208397710,99452,218,99429,318,99883,218,99353,218,99918,123,99322,218,100004,218,99312,218,100005,100,99280,100,100008,100,99247,100,100049,100,99185,100,100063,100,99151,100,100106,100,99146,100,100144,100,99080,100
2019-06-28 09:43:40.000000000,99452,573,99429,673,99883,100,99353,100,99918,5,99322,100,100004,100,99312,100,100005,100,99280,100,100008,100,99247,100,100049,100,99185,100,100063,100,99151,100,100106,100,99146,100,100144,100,99080,100
2019-06-28 09:43:50.000000000,99452,218,99429,318,99883,218,99353,218,99918,123,99322,218,100004,218,99312,218,100005,100,99280,100,100008,100,99247,100,100049,100,99185,100,100063,100,99151,100,100106,100,99146,100,100144,100,99080,100
2019-06-28 09:43:58.304511938,99452,218,99429,318,99883,218,99353,218,99918,123,99322,218,100004,218,99312,218,100005,100,99280,100,100008,100,99247,100,100049,100,99185,100,100063,100,99151,100,100106,100,99146,100,100144,100,99080,100
2019-06-28 09:44:00.000000000,99452,261,99429,361,99883,256,99353,256,99918,161,99322,256,100004,100,99312,100,100005,100,99280,100,100008,100,99247,100,100049,100,99185,100,100063,100,99151,100,100106,100,99146,100,100144,100,99080,100
2019-06-28 09:44:10.000000000,99452,218,99429,318,99883,218,99353,218,99918,123,99322,218,100004,218,99312,218,100005,100,99280,100,100008,100,99247,100,100049,100,99185,100,100063,100,99151,100,100106,100,99146,100,100144,100,99080,100
2019-06-28 09:44:19.016424315,99452,218,99429,318,99883,218,99353,218,99918,123,99322,218,100004,218,99312,218,100005,100,99280,100,100008,100,99247,100,100049,100,99229,100,100063,100,99185,100,100106,100,99151,100,100144,100,99146,100
2019-06-28 09:44:20.000000000,99452,573,99429,673,99883,100,99353,100,99918,5,99322,100,100004,100,99312,100,100005,100,99280,100,100008,100,99247,100,100049,100,99229,100,100063,100,99185,100,100106,100,99151,100,100144,100,99146,100
2019-06-28 09:44:30.000000000,99452,336,99429,436,99883,336,99353,336,99918,5,99322,100,100004,100,99312,100,100005,100,99280,100,100008,100,99247,100,100049,100,99229,100,100063,100,99185,100,100106,100,99151,100,100144,100,99146,100
2019-06-28 09:44:37.334926025,99452,336,99429,336,99883,336,99353,336,99918,5,99322,100,100004,100,99312,100,100005,100,99280,100,100008,100,99247,100,100049,100,99229,100,100063,100,99185,100,100106,100,99151,100,100144,100,99146,100
2019-06-28 09:44:40.000000000,99452,573,99429,573,99883,100,99353,100,99918,5,99322,100,100004,100,99312,100,100005,100,99280,100,100008,100,99247,100,100049,100,99229,100,100063,100,99185,100,100106,100,99151,100,100144,100,99146,100
2019-06-28 09:44:50.000000000,99452,573,99429,573,99883,100,99353,100,99918,5,99322,100,100004,100,99312,100,100005,100,99280,100,100008,100,99247,100,100049,100,99229,100,100063,100,99185,100,100106,100,99151,100,100144,100,99146,100
2019-06-28 09:45:00.000000000,99452,573,99429,573,99883,100,99353,100,99918,5,99322,100,100004,100,99312,100,100005,100,99280,100,100008,100,99247,100,100049,100,99229,100,100063,100,99185,100,100106,100,99151,100,100144,100,99146,100
2019-06-28 09:45:04.346358736,99452,573,99429,473,99883,100,99353,100,99918,5,99322,100,100004,100,99312,100,100005,100,99280,100,100008,100,99247,100,100049,100,99229,100,100063,100,99185,100,100106,100,99151,100,100144,100,99146,100
2019-06-28 09:45:09.239912316,99452,573,99429,473,99883,100,99360,100,99918,5,99322,100,100004,100,99312,100,100005,100,99280,100,100008,100,99247,100,100049,100,99229,100,100063,100,99185,100,100106,100,99151,100,100144,100,99146,100
2019-06-28 09:45:10.000000000,99452,573,99360,573,99883,100,99322,100,99918,5,99312,100,100004,100,99280,100,100005,100,99247,100,100008,100,99229,100,100049,100,99185,100,100063,100,99151,100,100106,100,99146,100,100144,100,99080,100
2019-06-28 09:45:18.116599567,99452,573,99360,573,99918,5,99322,100,100004,100,99312,100,100005,100,99280,100,100008,100,99247,100,100049,100,99229,100,100063,100,99185,100,100106,100,99151,100,100144,100,99146,100,100168,100,99080,100
2019-06-28 09:45:20.000000000,99452,261,99360,261,99918,161,99322,256,100004,256,99312,256,100005,100,99280,100,100008,100,99247,100,100049,100,99229,100,100063,100,99185,100,100106,100,99151,100,100144,100,99146,100,100168,100,99080,100
2019-06-28 09:45:30.000000000,99452,218,99360,218,99918,123,99322,218,100004,218,99312,218,100005,218,99280,218,100008,100,99247,100,100049,100,99229,100,100063,100,99185,100,100106,100,99151,100,100144,100,99146,100,100168,100,99080,100
2019-06-28 09:45:40.000000000,99452,573,99360,573,99918,5,99322,100,100004,100,99312,100,100005,100,99280,100,100008,100,99247,100,100049,100,99229,100,100063,100,99185,100,100106,100,99151,100,100144,100,99146,100,100168,100,99080,100
2019-06-28 09:45:50.000000000,99452,195,99360,195,99918,100,99322,195,100004,195,99312,195,100005,195,99280,195,100008,195,99247,195,100049,100,99229,100,100063,100,99185,100,100106,100,99151,100,100144,100,99146,100,100168,100,99080,100
2019-06-28 09:45:54.542423579,99429,100,99360,195,99452,195,99322,195,99918,100,99312,195,100004,195,99280,195,100005,195,99247,195,100008,195,99229,100,100049,100,99185,100,100063,100,99151,100,100106,100,99146,100,100144,100,99080,100
2019-06-28 09:46:00.000000000,99429,218,99360,218,99452,218,99322,218,99918,123,99312,218,100004,218,99280,218,100005,100,99247,100,100008,100,99229,100,100049,100,99185,100,100063,100,99151,100,100106,100,99146,100,100144,100,99080,100
2019-06-28 09:46:10.000000000,99429,336,99360,336,99452,336,99322,336,99918,5,99312,100,100004,100,99280,100,100005,100,99247,100,100008,100,99229,100,100049,100,99185,100,100063,100,99151,100,100106,100,99146,100,100144,100,99080,100
2019-06-28 09:46:13.405038552,99429,336,99360,236,99452,336,99322,336,99918,5,99312,100,100004,100,99280,100,100005,100,99247,100,100008,100,99229,100,100049,100,99185,100,100063,100,99151,100,100106,100,99146,100,100144,100,99080,100
2019-06-28 09:46:20.000000000,99429,195,99322,195,99452,195,99312,195,99918,100,99280,195,100004,195,99247,195,100005,195,99229,195,100008,100,99185,100,100049,100,99151,100,100063,100,99146,100,100106,100,99080,100,100144,100,98972,100
2019-06-28 09:46:30.000000000,99429,218,99322,218,99452,218,99312,218,99918,123,99280,218,100004,218,99247,218,100005,100,99229,100,100008,100,99185,100,100049,100,99151,100,100063,100,99146,100,100106,100,99080,100,100144,100,98972,100
2019-06-28 09:46:36.083521253,99429,218,99322,218,99452,218,99312,218,99918,123,99280,118,100004,218,99247,218,100005,100,99229,100,100008,100,99185,100,100049,100,99151,100,100063,100,99146,100,100106,100,99080,100,100144,100,98972,100
2019-06-28 09:46:40.000000000,99429,261,99322,261,99452,256,99312,256,99918,161,99247,256,100004,100,99229,100,100005,100,99185,100,100008,100,99151,100,100049,100,99146,100,100063,100,99080,100,100106,100,98972,100,100144,100,98785,100
2019-06-28 09:46:50.000000000,99429,195,99322,195,99452,195,99312,195,99918,100,99247,195,100004,195,99229,195,100005,195,99185,195,100008,100,99151,100,100049,100,99146,100,100063,100,99080,100,100106,100,98972,100,100144,100,98785,100
2019-06-28 09:46:54.667706726,99429,195,99322,195,99452,195,99312,195,99918,100,99247,195,100004,195,99229,195,100005,195,99185,195,100008,100,99151,100,100049,100,99146,100,100106,100,99080,100,100144,100,98972,100,100168,100,98785,100
2019-06-28 09:47:00.000000000,99429,218,99322,218,99452,218,99312,218,99918,123,99247,218,100004,218,99229,218,100005,100,99185,100,100008,100,99151,100,100049,100,99146,100,100106,100,99080,100,100144,100,98972,100,100168,100,98785,100
2019-06-28 09:47:10.000000000,99429,195,99322,195,99452,195,99312,195,99918,100,99247,195,100004,195,99229,195,100005,195,99185,195,100008,100,99151,100,100049,100,99146,100,100106,100,99080,100,100144,100,98972,100,100168,100,98785,100
2019-06-28 09:47:20.000000000,99429,261,99322,261,99452,256,99312,256,99918,161,99247,256,100004,100,99229,100,100005,100,99185,100,100008,100,99151,100,100049,100,99146,100,100106,100,99080,100,100144,100,98972,100,100168,100,98785,100
2019-06-28 09:47:22.524853754,99429,261,99322,261,99452,256,99312,256,99918,161,99247,256,100004,100,99229,100,100005,100,99185,100,100008,100,99151,100,100049,100,99146,100,100106,100,99080,100,100144,100,98972,100,100168,100,98785,100
2019-06-28 09:47:30.000000000,99429,573,99322,573,99452,100,99312,100,99918,5,99247,100,100004,100,99229,100,100005,100,99185,100,100008,100,99151,100,100049,100,99146,100,100106,100,99080,100,100144,100,98972,100,100168,100,98785,100
2019-06-28 09:47:40.000000000,99429,336,99322,336,99452,336,99312,336,99918,5,99247,100,100004,100,99229,100,100005,100,99185,100,100008,100,99151,100,100049,100,99146,100,100106,100,99080,100,100144,100,98972,100,100168,100,98785,100
2019-06-28 09:47:50.000000000,99429,573,99322,573,99452,100,99312,100,99918,5,99247,100,100004,100,99229,100,100005,100,99185,100,100008,100,99151,100,100049,100,99146,100,100106,100,99080,100,100144,100,98972,100,100168,100,98785,100
2019-06-28 09:48:00.000000000,99429,336,99322,336,99452,336,99312,336,99918,5,99247,100,100004,100,99229,100,100005,100,99185,100,100008,100,99151,100,100049,100,99146,100,100106,100,99080,100,100144,100,98972,100,100168,100,98785,100
2019-06-28 09:48:10.000000000,99429,573,99322,573,99452,100,99312,100,99918,5,99247,100,100004,100,99229,100,100005,100,99185,100,100008,100,99151,100,100049,100,99146,100,100106,100,99080,100,100144,100,98972,100,100168,100,98785,100
2019-06-28 09:48:20.000000000,99429,218,99322,218,99452,218,99312,218,99918,123,99247,218,100004,218,99229,218,100005,100,99185,100,100008,100,99151,100,100049,100,99146,100,100106,100,99080,100,100144,100,98972,100,100168,100,98785,100
2019-06-28 09:48:25.595127724,99429,218,99322,218,99452,218,99312,218,99918,123,99247,218,100004,218,99229,218,100005,100,99185,100,100008,100,99151,100,100049,100,99146,100,100106,100,99080,100,100144,100,98972,100,100168,100,98887,100
2019-06-28 09:48:30.000000000,99429,336,99322,336,99452,336,99312,336,99918,5,99247,100,100004,100,99229,100,100005,100,99185,100,100008,100,99151,100,100049,100,99146,100,100106,100,99080,100,100144,100,98972,100,100168,100,98887,100
2019-06-28 09:48:32.798774571,99428,100,99322,336,99429,336,99312,336,99452,336,99247,100,99918,5,99229,100,100004,100,99185,100,100005,100,99151,100,100008,100,99146,100,100049,100,99080,100,100106,100,98972,100,100144,100,98887,100
2019-06-28 09:48:40.000000000,99428,573,99322,573,99429,100,99312,100,99452,100,99247,100,99918,5,99229,100,100004,100,99185,100,100005,100,99151,100,100008,100,99146,100,100049,100,99080,100,100106,100,98972,100,100144,100,98887,100
2019-06-28 09:48:50.000000000,99428,336,99322,336,99429,336,99312,336,99452,100,99247,100,99918,5,99229,100,100004,100,99185,100,100005,100,99151,100,100008,100,99146,100,100049,100,99080,100,100106,100,98972,100,100144,100,98887,100
2019-06-28 09:48:54.057403027,99428,336,99322,336,99429,336,99312,336,99452,100,99247,100,99918,5,99229,100,100004,100,99185,100,100005,100,99151,100,100008,100,99146,100,100049,100,99080,100,100106,100,98972,100,100144,100,98887,100
2019-06-28 09:49:00.000000000,99428,195,99322,195,99429,195,99312,195,99452,195,99247,195,99918,100,99229,195,100004,195,99185,195,100005,100,99151,100,100008,100,99146,100,100049,100,99080,100,100106,100,98972,100,100144,100,98887,100
2019-06-28 09:49:10.000000000,99428,218,99322,218,99429,218,99312,218,99452,218,99247,218,99918,123,99229,218,100004,100,99185,100,100005,100,99151,100,100008,100,99146,100,100049,100,99080,100,100106,100,98972,100,100144,100,98887,100
2019-06-28 09:49:16.184186857,99428,218,99322,218,99429,218,99312,218,99452,218,99247,218,99918,123,99229,218,100004,100,99185,100,100005,100,99146,100,100008,100,99080,100,100049,100,98972,100,100106,100,98887,100,100144,100,98673,100
2019-06-28 09:49:16.520351134,99428,218,99322,118,99429,218,99312,218,99452,218,99247,218,99918,123,99229,218,100004,100,99185,100,100005,100,99146,100,100008,100,99080,100,100049,100,98972,100,100106,100,98887,100,100144,100,98673,100
2019-06-28 09:49:20.000000000,99428,336,99312,336,99429,336,99247,336,99452,100,99229,100,99918,5,99185,100,100004,100,99146,100,100005,100,99080,100,100008,100,98972,100,100049,100,98887,100,100106,100,98673,100,100144,100,98664,100
2019-06-28 09:49:30.000000000,99428,336,99312,336,99429,336,99247,336,99452,100,99229,100,99918,5,99185,100,100004,100,99146,100,100005,100,99080,100,100008,100,98972,100,100049,100,98887,100,100106,100,98673,100,100144,100,98664,100
2019-06-28 09:49:40.000000000,99428,218,99312,218,99429,218,99247,218,99452,218,99229,218,99918,123,99185,218,100004,100,99146,100,100005,100,99080,100,100008,100,98972,100,100049,100,98887,100,100106,100,98673,100,100144,100,98664,100
2019-06-28 09:49:50.000000000,99428,573,99312,573,99429,100,99247,100,99452,100,99229,100,99918,5,99185,100,100004,100,99146,100,100005,100,99080,100,100008,100,98972,100,100049,100,98887,100,100106,100,98673,100,100144,100,98664,100
2019-06-28 09:49:54.277338790,99428,573,99312,473,99429,100,99247,100,99452,100,99229,100,99918,5,99185,100,100004,100,99146,100,100005,100,99080,100,100008,100,98887,100,100049,100,98673,100,100106,100,98664,100,100144,100,98625,100
2019-06-28 09:50:00.000000000,99428,195,99247,195,99429,195,99229,195,99452,195,99185,195,99918,100,99146,195,100004,195,99080,195,100005,100,98887,100,100008,100,98673,100,100049,100,98664,100,100106,100,98625,100,100144,100,98585,100
2019-06-28 09:50:10.000000000,99428,261,99247,261,99429,256,99229,256,99452,256,99185,256,99918,5,99146,100,100004,100,99080,100,100005,100,98887,100,100008,100,98673,100,100049,100,98664,100,100106,100,98625,100,100144,100,98585,100
2019-06-28 09:50:14.144223534,99322,100,99247,261,99428,261,99229,256,99429,256,99185,256,99452,256,99146,100,99918,5,99080,100,100004,100,98887,100,100005,100,98673,100,100008,100,98664,100,100049,100,98625,100,100106,100,98585,100
2019-06-28 09:50:20.000000000,99322,218,99247,218,99428,218,99229,218,99429,218,99185,218,99452,218,99146,218,99918,5,99080,100,100004,100,98887,100,100005,100,98673,100,100008,100,98664,100,100049,100,98625,100,100106,100,98585,100
2019-06-28 09:50:30.000000000,99322,573,99247,573,99428,100,99229,100,99429,100,99185,100,99452,100,99146,100,99918,5,99080,100,100004,100,98887,100,100005,100,98673,100,100008,100,98664,100,100049,100,98625,100,100106,100,98585,100
2019-06-28 09:50:40.000000000,99322,336,99247,336,99428,336,99229,336,99429,100,99185,100,99452,100,99146,100,99918,5,99080,100,100004,100,98887,100,100005,100,98673,100,100008,100,98664,100,100049,100,98625,100,100106,100,98585,100
2019-06-28 09:50:44.468661648,99322,336,99247,336,99428,336,99229,336,99429,100,99185,100,99452,100,99146,100,99918,5,99080,100,100004,100,98887,100,100005,100,98794,100,100008,100,98673,100,100049,100,98664,100,100106,100,98625,100
2019-06-28 09:50:44.671060449,99322,336,99247,236,99428,336,99229,336,99429,100,99185,100,99452,100,99146,100,99918,5,98887,100,100004,100,98794,100,100005,100,98673,100,100008,100,98664,100,100049,100,98625,100,100106,100,98585,100
2019-06-28 09:50:50.000000000,99322,336,99229,336,99428,336,99185,336,99429,100,99146,100,99452,100,98887,100,99918,5,98794,100,100004,100,98673,100,100005,100,98664,100,100008,100,98625,100,100049,100,98585,100,100106,100,98482,100
2019-06-28 09:51:00.000000000,99322,573,99229,573,99428,100,99185,100,99429,100,99146,100,99452,100,98887,100,99918,5,98794,100,100004,100,98673,100,100005,100,98664,100,100008,100,98625,100,100049,100,98585,100,100106,100,98482,100
2019-06-28 09:51:02.305026593,99322,573,99229,573,99428,100,99185,100,99429,100,99146,100,99452,100,98887,100,99918,5,98861,100,100004,100,98794,100,100005,100,98673,100,100008,100,98664,100,100049,100,98625,100,100106,100,98585,100
2019-06-28 09:51:10.000000000,99322,218,99229,218,99428,218,99185,218,99429,218,99146,218,99452,218,98887,218,99918,5,98861,100,100004,100,98794,100,100005,100,98673,100,100008,100,98664,100,100049,100,98625,100,100106,100,98585,100
2019-06-28 09:51:10.003023225,99322,218,99229,218,99428,218,99185,218,99429,218,99146,218,99452,218,98887,218,99918,5,98861,100,100004,100,98794,100,100005,100,98673,100,100049,100,98664,100,100106,100,98625,100,100144,100,98585,100
2019-06-28 09:51:20.000000000,99322,336,99229,336,99428,336,99185,336,99429,100,99146,100,99452,100,98887,100,99918,5,98861,100,100004,100,98794,100,100005,100,98673,100,100049,100,98664,100,100106,100,98625,100,100144,100,98585,100
2019-06-28 09:51:30.000000000,99322,195,99229,195,99428,195,99185,195,99429,195,99146,195,99452,195,98887,195,99918,100,98861,195,100004,100,98794,100,100005,100,98673,100,100049,100,98664,100,100106,100,98625,100,100144,100,98585,100
2019-06-28 09:51:40.000000000,99322,195,99229,195,99428,195,99185,195,99429,195,99146,195,99452,195,98887,195,99918,100,98861,195,100004,100,98794,100,100005,100,98673,100,100049,100,98664,100,100106,100,98625,100,100144,100,98585,100
2019-06-28 09:51:50.000000000,99322,195,99229,195,99428,195,99185,195,99429,195,99146,195,99452,195,98887,195,99918,100,98861,195,100004,100,98794,100,100005,100,98673,100,100049,100,98664,100,100106,100,98625,100,100144,100,98585,100
2019-06-28 09:51:59.483950717,99312,100,99229,195,99322,195,99185,195,99428,195,99146,195,99429,195,98887,195,99452,195,98861,195,99918,100,98794,100,100004,100,98673,100,100005,100,98664,100,100049,100,98625,100,100106,100,98585,100
2019-06-28 09:52:00.000000000,99312,573,99229,573,99322,100,99185,100,99428,100,99146,100,99429,100,98887,100,99452,100,98861,100,99918,5,98794,100,100004,100,98673,100,100005,100,98664,100,100049,100,98625,100,100106,100,98585,100
2019-06-28 09:52:10.000000000,99312,336,99229,336,99322,336,99185,336,99428,100,99146,100,99429,100,98887,100,99452,100,98861,100,99918,5,98794,100,100004,100,98673,100,100005,100,98664,100,100049,100,98625,100,100106,100,98585,100
2019-06-28 09:52:15.992993202,99312,336,99229,336,99322,336,99185,336,99428,100,99146,100,99429,100,98887,100,99452,100,98861,100,99918,5,98817,100,100004,100,98794,100,100005,100,98673,100,100049,100,98664,100,100106,100,98625,100
2019-06-28 09:52:16.681388213,99312,336,99229,236,99322,336,99185,336,99428,100,99146,100,99429,100,98887,100,99918,5,98861,100,100004,100,98817,100,100005,100,98794,100,100049,100,98673,100,100106,100,98664,100,100168,100,98625,100
2019-06-28 09:52:20.000000000,99312,218,99185,218,99322,218,99146,218,99428,218,98887,218,99429,218,98861,218,99918,5,98817,100,100004,100,98794,100,100005,100,98673,100,100049,100,98664,100,100106,100,98625,100,100168,100,98585,100
2019-06-28 09:52:22.940521213,99312,218,99185,218,99322,218,99146,218,99428,218,99047,100,99429,218,98887,218,99918,5,98861,218,100004,100,98817,100,100005,100,98794,100,100049,100,98673,100,100106,100,98664,100,100168,100,98625,100
2019-06-28 09:52:28.488081404,99247,100,99185,218,99312,218,99146,218,99322,218,99047,100,99428,218,98887,218,99429,218,98861,218,99918,5,98817,100,100004,100,98794,100,100005,100,98673,100,100049,100,98664,100,100106,100,98625,100
2019-06-28 09:52:30.000000000,99247,336,99185,336,99312,336,99146,336,99322,100,99047,100,99428,100,98887,100,99429,100,98861,100,99918,5,98817,100,100004,100,98794,100,100005,100,98673,100,100049,100,98664,100,100106,100,98625,100
2019-06-28 09:52:38.607997115,99247,436,99185,336,99312,336,99146,336,99322,100,99047,100,99428,100,98887,100,99429,100,98861,100,99918,5,98817,100,100004,100,98794,100,100005,100,98673,100,100049,100,98664,100,100106,100,98625,100
2019-06-28 09:52:40.000000000,99247,295,99185,195,99312,195,99146,195,99322,195,99047,195,99428,195,98887,195,99429,195,98861,195,99918,5,98817,100,100004,100,98794,100,100005,100,98673,100,100049,100,98664,100,100106,100,98625,100
2019-06-28 09:52:50.000000000,99247,673,99185,573,99312,100,99146,100,99322,100,99047,100,99428,100,98887,100,99429,100,98861,100,99918,5,98817,100,100004,100,98794,100,100005,100,98673,100,100049,100,98664,100,100106,100,98625,100
2019-06-28 09:53:00.000000000,99247,673,99185,573,99312,100,99146,100,99322,100,99047,100,99428,100,98887,100,99429,100,98861,100,99918,5,98817,100,100004,100,98794,100,100005,100,98673,100,100049,100,98664,100,100106,100,98625,100
2019-06-28 09:53:10.000000000,99247,673,99185,573,99312,100,99146,100,99322,100,99047,100,99428,100,98887,100,99429,100,98861,100,99918,5,98817,100,100004,100,98794,100,100005,100,98673,100,100049,100,98664,100,100106,100,98625,100
2019-06-28 09:53:20.000000000,99247,436,99185,336,99312,336,99146,336,99322,100,99047,100,99428,100,98887,100,99429,100,98861,100,99918,5,98817,100,100004,100,98794,100,100005,100,98673,100,100049,100,98664,100,100106,100,98625,100
2019-06-28 09:53:27.252244339,99247,536,99185,336,99312,336,99146,336,99322,100,99047,100,99428,100,98887,100,99429,100,98861,100,99918,5,98817,100,100004,100,98794,100,100005,100,98673,100,100049,100,98664,100,100106,100,98625,100
2019-06-28 09:53:30.000000000,99247,418,99185,218,99312,218,99146,218,99322,218,99047,218,99428,218,98887,218,99429,100,98861,100,99918,5,98817,100,100004,100,98794,100,100005,100,98673,100,100049,100,98664,100,100106,100,98625,100
2019-06-28 09:53:36.510497760,99247,418,99185,118,99312,218,99146,218,99322,218,99047,218,99428,218,98887,218,99429,100,98861,100,99918,5,98817,100,100004,100,98794,100,100005,100,98664,100,100049,100,98625,100,100106,100,98585,100
2019-06-28 09:53:36.626460659,99247,418,99185,118,99312,218,99146,218,99322,218,99047,218,99428,218,98887,218,99429,100,98861,100,99918,5,98794,100,100004,100,98679,100,100005,100,98664,100,100049,100,98625,100,100106,100,98585,100
2019-06-28 09:53:40.000000000,99247,461,99146,261,99312,256,99047,256,99322,256,98887,256,99428,100,98861,100,99429,100,98794,100,99918,5,98679,100,100004,100,98664,100,100005,100,98625,100,100049,100,98585,100,100106,100,98482,100
2019-06-28 09:53:50.000000000,99247,418,99146,218,99312,218,99047,218,99322,218,98887,218,99428,218,98861,218,99429,100,98794,100,99918,5,98679,100,100004,100,98664,100,100005,100,98625,100,100049,100,98585,100,100106,100,98482,100
2019-06-28 09:53:57.988476859,99247,418,99146,218,99312,218,99047,218,99322,218,98887,218,99428,218,98861,218,99429,100,98794,100,99918,5,98787,100,100004,100,98679,100,100005,100,98664,100,100049,100,98625,100,100106,100,98585,100
2019-06-28 09:54:00.000000000,99247,418,99146,218,99312,218,99047,218,99322,218,98887,218,99428,218,98861,218,99429,100,98794,100,99918,5,98787,100,100004,100,98679,100,100005,100,98664,100,100049,100,98625,100,100106,100,98585,100
2019-06-28 09:54:10.000000000,99247,773,99146,573,99312,100,99047,100,99322,100,98887,100,99428,100,98861,100,99429,100,98794,100,99918,5,98787,100,100004,100,98679,100,100005,100,98664,100,100049,100,98625,100,100106,100,98585,100
2019-06-28 09:54:15.504691234,99247,773,99146,473,99312,100,99047,100,99322,100,98887,100,99428,100,98861,100,99429,100,98794,100,99918,5,98787,100,100004,100,98679,100,100005,100,98664,100,100049,100,98625,100,100106,100,98585,100
2019-06-28 09:54:20.000000000,99247,395,99047,195,99312,195,98887,195,99322,195,98861,195,99428,195,98794,195,99429,195,98787,195,99918,5,98679,100,100004,100,98664,100,100005,100,98625,100,100049,100,98585,100,100106,100,98482,100
2019-06-28 09:54:25.599803091,99185,100,99047,195,99247,395,98887,195,99312,195,98861,195,99322,195,98794,195,99428,195,98787,195,99429,195,98679,100,99918,5,98664,100,100004,100,98625,100,100005,100,98585,100,100049,100,98482,100
2019-06-28 09:54:26.704640261,99185,100,99047,195,99247,395,98887,95,99312,195,98861,195,99322,195,98794,195,99428,195,98787,195,99429,195,98695,100,99918,5,98679,100,100004,100,98664,100,100005,100,98625,100,100049,100,98585,100
2019-06-28 09:54:30.000000000,99185,218,99047,218,99247,418,98861,218,99312,218,98794,218,99322,218,98787,218,99428,100,98695,100,99429,100,98679,100,99918,5,98664,100,100004,100,98625,100,100005,100,98585,100,100049,100,98482,100
2019-06-28 09:54:31.534159510,99185,218,99047,218,99247,418,98861,218,99312,218,98794,218,99322,218,98787,218,99428,100,98734,100,99429,100,98695,100,99918,5,98679,100,100004,100,98664,100,100005,100,98625,100,100049,100,98585,100
2019-06-28 09:54:34.553916073,99185,218,99047,118,99247,418,98861,218,99312,218,98794,218,99322,218,98787,218,99428,100,98734,100,99429,100,98695,100,99918,5,98679,100,100004,100,98664,100,100005,100,98625,100,100106,100,98585,100
2019-06-28 09:54:40.000000000,99185,573,98861,573,99247,300,98794,100,99312,100,98787,100,99322,100,98734,100,99428,100,98695,100,99429,100,98679,100,99918,5,98664,100,100004,100,98625,100,100005,100,98585,100,100106,100,98482,100
2019-06-28 09:54:41.207847433,99185,573,98861,573,99247,300,98794,100,99312,100,98787,100,99322,100,98734,100,99428,100,98695,100,99429,100,98679,100,99918,5,98672,100,100004,100,98664,100,100005,100,98625,100,100106,100,98585,100
2019-06-28 09:54:50.000000000,99185,573,98861,573,99247,300,98794,100,99312,100,98787,100,99322,100,98734,100,99428,100,98695,100,99429,100,98679,100,99918,5,98672,100,100004,100,98664,100,100005,100,98625,100,100106,100,98585,100
2019-06-28 09:55:00.000000000,99185,218,98861,218,99247,418,98794,218,99312,218,98787,218,99322,218,98734,218,99428,100,98695,100,99429,100,98679,100,99918,5,98672,100,100004,100,98664,100,100005,100,98625,100,100106,100,98585,100
2019-06-28 09:55:02.619153111,99185,218,98964,100,99247,418,98861,218,99312,218,98794,218,99322,218,98787,218,99428,100,98734,218,99429,100,98695,100,99918,5,98679,100,100004,100,98672,100,100005,100,98664,100,100106,100,98625,100
2019-06-28 09:55:10.000000000,99185,336,98964,336,99247,536,98861,336,99312,100,98794,100,99322,100,98787,100,99428,100,98734,100,99429,100,98695,100,99918,5,98679,100,100004,100,98672,100,100005,100,98664,100,100106,100,98625,100
2019-06-28 09:55:20.000000000,99185,573,98964,573,99247,300,98861,100,99312,100,98794,100,99322,100,98787,100,99428,100,98734,100,99429,100,98695,100,99918,5,98679,100,100004,100,98672,100,100005,100,98664,100,100106,100,98625,100
2019-06-28 09:55:30.000000000,99185,573,98964,573,99247,300,98861,100,99312,100,98794,100,99322,100,98787,100,99428,100,98734,100,99429,100,98695,100,99918,5,98679,100,100004,100,98672,100,100005,100,98664,100,100106,100,98625,100
2019-06-28 09:55:38.297283898,99185,573,98964,573,99247,300,98861,100,99312,100,98794,100,99322,100,98787,100,99428,100,98734,100,99429,100,98695,100,99523,100,98672,100,99918,5,98664,100,100004,100,98625,100,100005,100,98585,100
2019-06-28 09:55:40.000000000,99185,218,98964,218,99247,418,98861,218,99312,218,98794,218,99322,218,98787,218,99428,100,98734,100,99429,100,98695,100,99523,100,98672,100,99918,5,98664,100,100004,100,98625,100,100005,100,98585,100
2019-06-28 09:55:43.681855396,99185,118,98964,218,99247,418,98861,218,99312,218,98794,218,99322,218,98787,218,99428,100,98734,100,99429,100,98695,100,99523,100,98672,100,99918,5,98664,100,100004,100,98625,100,100005,100,98585,100
2019-06-28 09:55:50.000000000,99247,418,98964,218,99312,218,98861,218,99322,218,98794,218,99428,218,98787,218,99429,100,98734,100,99523,100,98695,100,99918,5,98672,100,100004,100,98664,100,100005,100,98625,100,100106,100,98585,100
2019-06-28 09:56:00.000000000,99247,395,98964,195,99312,195,98861,195,99322,195,98794,195,99428,195,98787,195,99429,195,98734,195,99523,100,98695,100,99918,5,98672,100,100004,100,98664,100,100005,100,98625,100,100106,100,98585,100
2019-06-28 09:56:09.630987059,99247,295,98964,195,99312,195,98861,195,99322,195,98794,195,99428,195,98787,195,99429,195,98734,195,99523,100,98695,100,99918,5,98672,100,100004,100,98664,100,100005,100,98625,100,100106,100,98585,100
2019-06-28 09:56:10.000000000,99247,361,98964,261,99312,256,98861,256,99322,256,98794,256,99428,100,98787,100,99429,100,98734,100,99523,100,98695,100,99918,5,98672,100,100004,100,98664,100,100005,100,98625,100,100106,100,98585,100
2019-06-28 09:56:20.000000000,99247,295,98964,195,99312,195,98861,195,99322,195,98794,195,99428,195,98787,195,99429,195,98734,195,99523,100,98695,100,99918,5,98672,100,100004,100,98664,100,100005,100,98625,100,100106,100,98585,100
2019-06-28 09:56:30.000000000,99247,318,98964,218,99312,218,98861,218,99322,218,98794,218,99428,218,98787,218,99429,100,98734,100,99523,100,98695,100,99918,5,98672,100,100004,100,98664,100,100005,100,98625,100,100106,100,98585,100
2019-06-28 09:56:40.000000000,99247,673,98964,573,99312,100,98861,100,99322,100,98794,100,99428,100,98787,100,99429,100,98734,100,99523,100,98695,100,99918,5,98672,100,100004,100,98664,100,100005,100,98625,100,100106,100,98585,100
2019-06-28 09:56:50.000000000,99247,318,98964,218,99312,218,98861,218,99322,218,98794,218,99428,218,98787,218,99429,100,98734,100,99523,100,98695,100,99918,5,98672,100,100004,100,98664,100,100005,100,98625,100,100106,100,98585,100
2019-06-28 09:56:51.556887124,99247,318,99185,100,99312,218,98964,218,99322,218,98861,218,99428,218,98794,218,99429,100,98787,218,99523,100,98734,100,99918,5,98695,100,100004,100,98672,100,100005,100,98664,100,100106,100,98625,100
2019-06-28 09:57:00.000000000,99247,295,99185,195,99312,195,98964,195,99322,195,98861,195,99428,195,98794,195,99429,195,98787,195,99523,100,98734,100,99918,5,98695,100,100004,100,98672,100,100005,100,98664,100,100106,100,98625,100
2019-06-28 09:57:10.000000000,99247,318,99185,218,99312,218,98964,218,99322,218,98861,218,99428,218,98794,218,99429,100,98787,100,99523,100,98734,100,99918,5,98695,100,100004,100,98672,100,100005,100,98664,100,100106,100,98625,100
2019-06-28 09:57:20.000000000,99247,361,99185,261,99312,256,98964,256,99322,256,98861,256,99428,100,98794,100,99429,100,98787,100,99523,100,98734,100,99918,5,98695,100,100004,100,98672,100,100005,100,98664,100,100106,100,98625,100
2019-06-28 09:57:22.342007625,99247,261,99185,261,99312,256,98964,256,99322,256,98861,256,99428,100,98794,100,99429,100,98787,100,99523,100,98734,100,99918,5,98695,100,100004,100,98672,100,100005,100,98664,100,100106,100,98625,100
2019-06-28 09:57:26.788338774,99247,261,99185,261,99312,256,98964,256,99322,256,98861,256,99428,100,98794,100,99429,100,98787,100,99523,100,98734,100,99751,100,98695,100,99918,5,98672,100,100004,100,98664,100,100005,100,98625,100
2019-06-28 09:57:29.262399597,99247,261,99185,261,99312,256,98964,256,99322,156,98861,256,99428,100,98794,100,99429,100,98787,100,99523,100,98734,100,99751,100,98695,100,99918,5,98672,100,100004,100,98664,100,100005,100,98625,100
2019-06-28 09:57:30.000000000,99247,261,99185,261,99312,256,98964,256,99428,256,98861,256,99429,100,98794,100,99523,100,98787,100,99751,100,98734,100,99918,5,98695,100,100004,100,98672,100,100005,100,98664,100,100106,100,98625,100
2019-06-28 09:57:38.248754834,99247,161,99185,261,99312,256,98964,256,99428,256,98861,256,99429,100,98794,100,99523,100,98787,100,99751,100,98734,100,99918,5,98695,100,100004,100,98672,100,100005,100,98664,100,100106,100,98625,100
2019-06-28 09:57:40.000000000,99312,336,99185,336,99428,336,98964,336,99429,100,98861,100,99523,100,98794,100,99751,100,98787,100,99918,5,98734,100,100004,100,98695,100,100005,100,98672,100,100106,100,98664,100,100168,100,98625,100
2019-06-28 09:57:50.000000000,99312,573,99185,573,99428,100,98964,100,99429,100,98861,100,99523,100,98794,100,99751,100,98787,100,99918,5,98734,100,100004,100,98695,100,100005,100,98672,100,100106,100,98664,100,100168,100,98625,100
2019-06-28 09:58:00.000000000,99312,218,99185,218,99428,218,98964,218,99429,218,98861,218,99523,218,98794,218,99751,100,98787,100,99918,5,98734,100,100004,100,98695,100,100005,100,98672,100,100106,100,98664,100,100168,100,98625,100
2019-06-28 09:58:10.000000000,99312,261,99185,261,99428,256,98964,256,99429,256,98861,256,99523,100,98794,100,99751,100,98787,100,99918,5,98734,100,100004,100,98695,100,100005,100,98672,100,100106,100,98664,100,100168,100,98625,100
2019-06-28 09:58:20.000000000,99312,336,99185,336,99428,336,98964,336,99429,100,98861,100,99523,100,98794,100,99751,100,98787,100,99918,5,98734,100,100004,100,98695,100,100005,100,98672,100,100106,100,98664,100,100168,100,98625,100
2019-06-28 09:58:30.000000000,99312,261,99185,261,99428,256,98964,256,99429,256,98861,256,99523,100,98794,100,99751,100,98787,100,99918,5,98734,100,100004,100,98695,100,100005,100,98672,100,100106,100,98664,100,100168,100,98625,100
2019-06-28 09:58:40.000000000,99312,261,99185,261,99428,256,98964,256,99429,256,98861,256,99523,100,98794,100,99751,100,98787,100,99918,5,98734,100,100004,100,98695,100,100005,100,98672,100,100106,100,98664,100,100168,100,98625,100
2019-06-28 09:58:50.000000000,99312,218,99185,218,99428,218,98964,218,99429,218,98861,218,99523,218,98794,218,99751,100,98787,100,99918,5,98734,100,100004,100,98695,100,100005,100,98672,100,100106,100,98664,100,100168,100,98625,100
2019-06-28 09:58:52.212169257,99312,118,99185,218,99428,218,98964,218,99429,218,98861,218,99523,218,98794,218,99751,100,98734,100,99918,5,98695,100,100004,100,98672,100,100005,100,98664,100,100106,100,98625,100,100168,100,98585,100
2019-06-28 09:59:00.000000000,99428,261,99185,261,99429,256,98964,256,99523,256,98861,256,99751,100,98794,100,99918,5,98734,100,100004,100,98695,100,100005,100,98672,100,100106,100,98664,100,100168,100,98625,100,100189,100,98585,100
2019-06-28 09:59:05.940516736,99428,261,99247,100,99429,256,99185,161,99523,256,98964,256,99751,100,98861,256,99918,5,98794,100,100004,100,98734,100,100005,100,98695,100,100106,100,98672,100,100168,100,98664,100,100189,100,98625,100
2019-06-28 09:59:08.708489681,99428,261,99247,200,99429,256,99185,161,99523,256,98964,256,99751,100,98861,256,99918,5,98794,100,100004,100,98734,100,100005,100,98695,100,100106,100,98672,100,100168,100,98664,100,100189,100,98625,100
2019-06-28 09:59:10.000000000,99428,336,99247,436,99429,336,98964,336,99523,100,98861,100,99751,100,98794,100,99918,5,98734,100,100004,100,98695,100,100005,100,98672,100,100106,100,98664,100,100168,100,98625,100,100189,100,98585,100
2019-06-28 09:59:20.000000000,99428,218,99247,318,99429,218,98964,218,99523,218,98861,218,99751,218,98794,218,99918,5,98734,100,100004,100,98695,100,100005,100,98672,100,100106,100,98664,100,100168,100,98625,100,100189,100,98585,100
2019-06-28 09:59:20.511843096,99428,218,99247,318,99429,218,98964,218,99523,218,98861,218,99751,218,98794,218,99918,5,98734,100,100004,100,98695,100,100005,100,98672,100,100088,100,98664,100,100106,100,98625,100,100168,100,98585,100
2019-06-28 09:59:30.000000000,99428,573,99247,673,99429,100,98964,100,99523,100,98861,100,99751,100,98794,100,99918,5,98734,100,100004,100,98695,100,100005,100,98672,100,100088,100,98664,100,100106,100,98625,100,100168,100,98585,100
2019-06-28 09:59:40.000000000,99428,573,99247,673,99429,100,98964,100,99523,100,98861,100,99751,100,98794,100,99918,5,98734,100,100004,100,98695,100,100005,100,98672,100,100088,100,98664,100,100106,100,98625,100,100168,100,98585,100
2019-06-28 09:59:43.486429478,99428,573,99247,773,99429,100,98964,100,99523,100,98861,100,99751,100,98794,100,99918,5,98734,100,100004,100,98695,100,100005,100,98672,100,100088,100,98664,100,100106,100,98625,100,100168,100,98585,100
2019-06-28 09:59:50.000000000,99428,218,99247,418,99429,218,98964,218,99523,218,98861,218,99751,218,98794,218,99918,5,98734,100,100004,100,98695,100,100005,100,98672,100,100088,100,98664,100,100106,100,98625,100,100168,100,98585,100
2019-06-28 10:00:00.000000000,99428,261,99247,461,99429,256,98964,256,99523,256,98861,256,99751,100,98794,100,99918,5,98734,100,100004,100,98695,100,100005,100,98672,100,100088,100,98664,100,100106,100,98625,100,100168,100,98585,100
2019-06-28 10:00:00.218856708,99428,161,99247,461,99429,256,98964,256,99523,256,98861,256,99751,100,98794,100,99918,5,98734,100,100004,100,98695,100,100005,100,98672,100,100088,100,98664,100,100106,100,98625,100,100168,100,98585,100
2019-06-28 10:00:02.494069641,99428,61,99247,461,99429,256,98964,256,99523,256,98861,256,99751,100,98794,100,99918,5,98734,100,100004,100,98695,100,100005,100,98672,100,100088,100,98664,100,100106,100,98625,100,100168,100,98585,100
2019-06-28 10:00:10.000000000,99429,218,99247,418,99523,218,98964,218,99751,218,98861,218,99918,123,98794,218,100004,100,98734,100,100005,100,98695,100,100088,100,98672,100,100106,100,98664,100,100168,100,98625,100,100189,100,98585,100
2019-06-28 10:00:20.000000000,99429,336,99247,536,99523,336,98964,336,99751,100,98861,100,99918,5,98794,100,100004,100,98734,100,100005,100,98695,100,100088,100,98672,100,100106,100,98664,100,100168,100,98625,100,100189,100,98585,100
2019-06-28 10:00:29.041341629,99429,336,99247,536,99523,336,98964,336,99918,5,98861,100,100004,100,98794,100,100005,100,98734,100,100088,100,98695,100,100106,100,98672,100,100168,100,98664,100,100189,100,98625,100,100317,100,98585,100
2019-06-28 10:00:30.000000000,99429,336,99247,536,99523,336,98964,336,99918,5,98861,100,100004,100,98794,100,100005,100,98734,100,100088,100,98695,100,100106,100,98672,100,100168,100,98664,100,100189,100,98625,100,100317,100,98585,100
2019-06-28 10:00:40.000000000,99429,573,99247,773,99523,100,98964,100,99918,5,98861,100,100004,100,98794,100,100005,100,98734,100,100088,100,98695,100,100106,100,98672,100,100168,100,98664,100,100189,100,98625,100,100317,100,98585,100
2019-06-28 10:00:50.000000000,99429,336,99247,536,99523,336,98964,336,99918,5,98861,100,100004,100,98794,100,100005,100,98734,100,100088,100,98695,100,100106,100,98672,100,100168,100,98664,100,100189,100,98625,100,100317,100,98585,100
2019-06-28 10:01:00.000000000,99429,336,99247,536,99523,336,98964,336,99918,5,98861,100,100004,100,98794,100,100005,100,98734,100,100088,100,98695,100,100106,100,98672,100,100168,100,98664,100,100189,100,98625,100,100317,100,98585,100
2019-06-28 10:01:10.000000000,99429,218,99247,418,99523,218,98964,218,99918,123,98861,218,100004,218,98794,218,100005,100,98734,100,100088,100,98695,100,100106,100,98672,100,100168,100,98664,100,100189,100,98625,100,100317,100,98585,100
2019-06-28 10:01:20.000000000,99429,336,99247,536,99523,336,98964,336,99918,5,98861,100,100004,100,98794,100,100005,100,98734,100,100088,100,98695,100,100106,100,98672,100,100168,100,98664,100,100189,100,98625,100,100317,100,98585,100
2019-06-28 10:01:30.000000000,99429,573,99247,773,99523,100,98964,100,99918,5,98861,100,100004,100,98794,100,100005,100,98734,100,100088,100,98695,100,100106,100,98672,100,100168,100,98664,100,100189,100,98625,100,100317,100,98585,100
2019-06-28 10:01:34.035694621,99429,573,99247,773,99523,100,98964,100,99918,5,98861,100,100005,100,98794,100,100088,100,98734,100,100106,100,98695,100,100168,100,98672,100,100189,100,98664,100,100317,100,98625,100,,,98585,100
2019-06-28 10:01:40.000000000,99429,573,99247,773,99523,100,98964,100,99918,5,98861,100,100005,100,98794,100,100088,100,98734,100,100106,100,98695,100,100168,100,98672,100,100189,100,98664,100,100317,100,98625,100,,,98585,100
2019-06-28 10:01:50.000000000,99429,336,99247,536,99523,336,98964,336,99918,5,98861,100,100005,100,98794,100,100088,100,98734,100,100106,100,98695,100,100168,100,98672,100,100189,100,98664,100,100317,100,98625,100,,,98585,100
2019-06-28 10:02:00.000000000,99429,195,99247,395,99523,195,98964,195,99918,100,98861,195,100005,195,98794,195,100088,195,98734,195,100106,100,98695,100,100168,100,98672,100,100189,100,98664,100,100317,100,98625,100,,,98585,100
2019-06-28 10:02:10.000000000,99429,195,99247,395,99523,195,98964,195,99918,100,98861,195,100005,195,98794,195,100088,195,98734,195,100106,100,98695,100,100168,100,98672,100,100189,100,98664,100,100317,100,98625,100,,,98585,100
2019-06-28 10:02:20.000000000,99429,336,99247,536,99523,336,98964,336,99918,5,98861,100,100005,100,98794,100,100088,100,98734,100,100106,100,98695,100,100168,100,98672,100,100189,100,98664,100,100317,100,98625,100,,,98585,100
2019-06-28 10:02:25.259432125,99429,336,99428,100,99523,336,99247,536,99918,5,98964,336,100005,100,98861,100,100088,100,98794,100,100106,100,98734,100,100168,100,98695,100,100189,100,98672,100,100317,100,98664,100,,,98625,100
2019-06-28 10:02:30.000000000,99429,218,99428,218,99523,218,99247,418,99918,123,98964,218,100005,218,98861,218,100088,100,98794,100,100106,100,98734,100,100168,100,98695,100,100189,100,98672,100,100317,100,98664,100,,,98625,100
2019-06-28 10:02:32.401218834,99429,218,99428,218,99523,218,99247,418,99918,123,98964,218,100005,218,98861,218,100088,100,98794,100,100106,100,98734,100,100168,100,98695,100,100189,100,98672,100,100317,100,98664,100,100767,100,98625,100
2019-06-28 10:02:33.714877098,99429,118,99428,218,99523,218,99247,418,99918,123,98964,218,100005,218,98861,218,100088,100,98794,100,100106,100,98734,100,100168,100,98672,100,100189,100,98664,100,100317,100,98625,100,100767,100,98585,100
2019-06-28 10:02:39.405536200,99429,18,99428,218,99523,218,99247,418,99918,123,98964,218,100005,218,98861,218,100088,100,98794,100,100106,100,98734,100,100168,100,98672,100,100189,100,98664,100,100317,100,98625,100,100767,100,98585,100
2019-06-28 10:02:40.000000000,99523,218,99428,218,99918,123,99247,418,100005,218,98964,218,100088,218,98861,218,100106,100,98794,100,100168,100,98734,100,100189,100,98672,100,100317,100,98664,100,100767,100,98625,100,,,98585,100
2019-06-28 10:02:41.843653177,99523,218,99428,218,99918,123,99247,418,100005,218,98964,218,100088,218,98861,218,100106,100,98794,100,100168,100,98734,100,100189,100,98672,100,100317,100,98664,100,100698,100,98625,100,100767,100,98585,100
2019-06-28 10:02:50.000000000,99523,261,99428,261,99918,161,99247,456,100005,256,98964,256,100088,100,98861,100,100106,100,98794,100,100168,100,98734,100,100189,100,98672,100,100317,100,98664,100,100698,100,98625,100,100767,100,98585,100
2019-06-28 10:02:50.426002029,99523,261,99428,261,99918,161,99247,456,100005,256,98964,256,100088,100,98861,100,100106,100,98794,100,100168,100,98734,100,100189,100,98672,100,100317,100,98664,100,100698,100,98625,100,100748,100,98585,100
2019-06-28 10:02:53.922597992,99523,261,99429,100,99918,161,99428,261,100005,256,99247,456,100088,100,98964,256,100106,100,98861,100,100168,100,98794,100,100189,100,98734,100,100317,100,98672,100,100698,100,98664,100,100748,100,98625,100
2019-06-28 10:03:00.000000000,99523,261,99429,261,99918,161,99428,256,100005,256,99247,456,100088,100,98964,100,100106,100,98861,100,100168,100,98794,100,100189,100,98734,100,100317,100,98672,100,100698,100,98664,100,100748,100,98625,100
2019-06-28 10:03:10.000000000,99523,218,99429,218,99918,123,99428,218,100005,218,99247,418,100088,218,98964,218,100106,100,98861,100,100168,100,98794,100,100189,100,98734,100,100317,100,98672,100,100698,100,98664,100,100748,100,98625,100
2019-06-28 10:03:20.000000000,99523,336,99429,336,99918,241,99428,336,100005,100,99247,300,100088,100,98964,100,100106,100,98861,100,100168,100,98794,100,100189,100,98734,100,100317,100,98672,100,100698,100,98664,100,100748,100,98625,100
2019-06-28 10:03:22.164206214,99523,336,99429,336,99918,241,99428,336,100005,100,99247,300,100088,100,98964,100,100106,100,98794,100,100168,100,98734,100,100189,100,98672,100,100209,100,98664,100,100317,100,98625,100,100698,100,98585,100
2019-06-28 10:03:30.000000000,99523,218,99429,218,99918,123,99428,218,100005,218,99247,418,100088,218,98964,218,100106,100,98794,100,100168,100,98734,100,100189,100,98672,100,100209,100,98664,100,100317,100,98625,100,100698,100,98585,100
2019-06-28 10:03:36.653107690,99523,118,99429,218,99918,123,99428,218,100005,218,99247,418,100088,218,98964,218,100106,100,98794,100,100168,100,98734,100,100189,100,98672,100,100209,100,98664,100,100317,100,98625,100,100698,100,98585,100
2019-06-28 10:03:40.000000000,99918,478,99429,573,100005,100,99428,100,100088,100,99247,300,100106,100,98964,100,100168,100,98794,100,100189,100,98734,100,100209,100,98672,100,100317,100,98664,100,100698,100,98625,100,100748,100,98585,100
2019-06-28 10:03:50.000000000,99918,478,99429,573,100005,100,99428,100,100088,100,99247,300,100106,100,98964,100,100168,100,98794,100,100189,100,98734,100,100209,100,98672,100,100317,100,98664,100,100698,100,98625,100,100748,100,98585,100
2019-06-28 10:04:00.000000000,99918,478,99429,573,100005,100,99428,100,100088,100,99247,300,100106,100,98964,100,100168,100,98794,100,100189,100,98734,100,100209,100,98672,100,100317,100,98664,100,100698,100,98625,100,100748,100,98585,100
2019-06-28 10:04:10.000000000,99918,241,99429,336,100005,336,99428,336,100088,100,99247,300,100106,100,98964,100,100168,100,98794,100,100189,100,98734,100,100209,100,98672,100,100317,100,98664,100,100698,100,98625,100,100748,100,98585,100
2019-06-28 10:04:20.000000000,99918,478,99429,573,100005,100,99428,100,100088,100,99247,300,100106,100,98964,100,100168,100,98794,100,100189,100,98734,100,100209,100,98672,100,100317,100,98664,100,100698,100,98625,100,100748,100,98585,100
2019-06-28 10:04:30.000000000,99918,478,99429,573,100005,100,99428,100,100088,100,99247,300,100106,100,98964,100,100168,100,98794,100,100189,100,98734,100,100209,100,98672,100,100317,100,98664,100,100698,100,98625,100,100748,100,98585,100
2019-06-28 10:04:35.701427964,99918,378,99429,573,100005,100,99428,100,100088,100,99247,300,100106,100,98964,100,100168,100,98794,100,100189,100,98734,100,100209,100,98672,100,100317,100,98664,100,100698,100,98625,100,100748,100,98585,100
2019-06-28 10:04:40.000000000,100005,336,99429,336,100088,336,99428,336,100106,100,99247,300,100168,100,98964,100,100189,100,98794,100,100209,100,98734,100,100317,100,98672,100,100698,100,98664,100,100748,100,98625,100,100767,100,98585,100
2019-06-28 10:04:50.000000000,100005,336,99429,336,100088,336,99428,336,100106,100,99247,300,100168,100,98964,100,100189,100,98794,100,100209,100,98734,100,100317,100,98672,100,100698,100,98664,100,100748,100,98625,100,100767,100,98585,100
2019-06-28 10:04:50.571768135,100005,236,99429,336,100088,236,99428,336,100106,100,99247,300,100168,100,98964,100,100189,100,98794,100,100209,100,98734,100,100317,100,98672,100,100698,100,98664,100,100748,100,98625,100,100767,100,98585,100
2019-06-28 10:04:54.276927163,100005,136,99429,336,100088,236,99428,336,100106,100,99247,300,100168,100,98964,100,100189,100,98794,100,100209,100,98734,100,100317,100,98672,100,100698,100,98664,100,100748,100,98625,100,100767,100,98585,100
2019-06-28 10:05:00.000000000,100106,195,99429,195,100168,195,99428,195,100189,195,99247,395,100209,195,98964,195,100317,195,98794,195,100698,100,98734,100,100748,100,98672,100,100767,100,98664,100,,,98625,100,,,98585,100
2019-06-28 10:05:10.000000000,100106,336,99429,336,100168,336,99428,336,100189,100,99247,300,100209,100,98964,100,100317,100,98794,100,100698,100,98734,100,100748,100,98672,100,100767,100,98664,100,,,98625,100,,,98585,100
2019-06-28 10:05:20.000000000,100106,195,99429,195,100168,195,99428,195,100189,195,99247,395,100209,195,98964,195,100317,195,98794,195,100698,100,98734,100,100748,100,98672,100,100767,100,98664,100,,,98625,100,,,98585,100
2019-06-28 10:05:29.329895703,100106,195,99429,195,100168,195,99428,195,100189,195,99247,395,100209,195,98964,195,100317,195,98794,195,100686,100,98734,100,100698,100,98672,100,100748,100,98664,100,100767,100,98625,100,,,98585,100
2019-06-28 10:05:30.000000000,100106,195,99429,195,100168,195,99428,195,100189,195,99247,395,100209,195,98964,195,100317,195,98794,195,100686,100,98734,100,100698,100,98672,100,100748,100,98664,100,100767,100,98625,100,,,98585,100
2019-06-28 10:05:40.000000000,100106,261,99429,261,100168,256,99428,256,100189,256,99247,456,100209,100,98964,100,100317,100,98794,100,100686,100,98734,100,100698,100,98672,100,100748,100,98664,100,100767,100,98625,100,,,98585,100
2019-06-28 10:05:50.000000000,100106,218,99429,218,100168,218,99428,218,100189,218,99247,418,100209,218,98964,218,100317,100,98794,100,100686,100,98734,100,100698,100,98672,100,100748,100,98664,100,100767,100,98625,100,,,98585,100
2019-06-28 10:05:54.463968653,100005,100,99429,218,100106,218,99428,118,100168,218,99247,418,100189,218,98964,218,100209,218,98794,100,100317,100,98734,100,100686,100,98672,100,100698,100,98664,100,100748,100,98625,100,100767,100,98585,100
2019-06-28 10:06:00.000000000,100005,573,99429,573,100106,100,99247,300,100168,100,98964,100,100189,100,98794,100,100209,100,98734,100,100317,100,98672,100,100686,100,98664,100,100698,100,98625,100,100748,100,98585,100,100767,100,98337,100
2019-06-28 10:06:02.090103036,100005,473,99429,573,100106,100,99247,300,100168,100,98964,100,100189,100,98794,100,100209,100,98734,100,100317,100,98672,100,100686,100,98664,100,100698,100,98625,100,100748,100,98585,100,100767,100,98337,100
2019-06-28 10:06:10.000000000,100106,261,99429,261,100168,256,99247,456,100189,256,98964,256,100209,100,98794,100,100317,100,98734,100,100686,100,98672,100,100698,100,98664,100,100748,100,98625,100,100767,100,98585,100,,,98337,100
2019-06-28 10:06:13.384681367,100106,161,99429,261,100168,256,99247,456,100189,256,98964,256,100209,100,98794,100,100317,100,98734,100,100686,100,98672,100,100698,100,98664,100,100748,100,98625,100,100767,100,98585,100,,,98337,100
2019-06-28 10:06:20.000000000,100168,195,99429,195,100189,195,99247,395,100209,195,98964,195,100317,195,98794,195,100686,195,98734,195,100698,100,98672,100,100748,100,98664,100,100767,100,98625,100,,,98585,100,,,98337,100
2019-06-28 10:06:30.000000000,100168,195,99429,195,100189,195,99247,395,100209,195,98964,195,100317,195,98794,195,100686,195,98734,195,100698,100,98672,100,100748,100,98664,100,100767,100,98625,100,,,98585,100,,,98337,100
2019-06-28 10:06:35.667184654,100168,195,100005,100,100189,195,99429,195,100209,195,99247,395,100317,195,98964,195,100686,195,98794,195,100698,100,98734,195,100748,100,98672,100,100767,100,98664,100,,,98625,100,,,98585,100
2019-06-28 10:06:36.798685864,100168,195,100005,100,100189,195,99800,100,100209,195,99429,195,100317,195,99247,395,100686,195,98964,195,100748,100,98794,195,100767,100,98734,195,,,98672,100,,,98664,100,,,98625,100
2019-06-28 10:06:40.000000000,100168,218,100005,218,100189,218,99800,218,100209,218,99429,218,100317,218,99247,418,100686,100,98964,100,100748,100,98794,100,100767,100,98734,100,,,98672,100,,,98664,100,,,98625,100
2019-06-28 10:06:50.000000000,100168,573,100005,573,100189,100,99800,100,100209,100,99429,100,100317,100,99247,300,100686,100,98964,100,100748,100,98794,100,100767,100,98734,100,,,98672,100,,,98664,100,,,98625,100
2019-06-28 10:07:00.000000000,100168,261,100005,261,100189,256,99800,256,100209,256,99429,256,100317,100,99247,300,100686,100,98964,100,100748,100,98794,100,100767,100,98734,100,,,98672,100,,,98664,100,,,98625,100
2019-06-28 10:07:10.000000000,100168,336,100005,336,100189,336,99800,336,100209,100,99429,100,100317,100,99247,300,100686,100,98964,100,100748,100,98794,100,100767,100,98734,100,,,98672,100,,,98664,100,,,98625,100
2019-06-28 10:07:20.000000000,100168,261,100005,261,100189,256,99800,256,100209,256,99429,256,100317,100,99247,300,100686,100,98964,100,100748,100,98794,100,100767,100,98734,100,,,98672,100,,,98664,100,,,98625,100
2019-06-28 10:07:30.000000000,100168,261,100005,261,100189,256,99800,256,100209,256,99429,256,100317,100,99247,300,100686,100,98964,100,100748,100,98794,100,100767,100,98734,100,,,98672,100,,,98664,100,,,98625,100
2019-06-28 10:07:39.086110866,100168,261,100005,261,100189,256,99800,256,100209,256,99429,256,100317,100,99247,300,100686,100,98964,100,100748,100,98794,100,100767,100,98734,100,,,98672,100,,,98664,100,,,98625,100
2019-06-28 10:07:40.000000000,100168,336,100005,336,100189,336,99800,336,100209,100,99429,100,100317,100,99247,300,100686,100,98964,100,100748,100,98794,100,100767,100,98734,100,,,98672,100,,,98664,100,,,98625,100
2019-06-28 10:07:44.457132162,100105,100,100005,336,100168,336,99800,336,100189,336,99429,100,100209,100,99247,300,100317,100,98964,100,100686,100,98794,100,100748,100,98734,100,100767,100,98672,100,,,98664,100,,,98625,100
2019-06-28 10:07:50.000000000,100105,336,100005,336,100168,336,99800,336,100189,100,99429,100,100209,100,99247,300,100317,100,98964,100,100686,100,98794,100,100748,100,98734,100,100767,100,98672,100,,,98664,100,,,98625,100
2019-06-28 10:07:52.690860456,100105,336,100073,100,100168,336,100005,336,100189,100,99800,336,100209,100,99429,100,100317,100,99247,300,100686,100,98964,100,100748,100,98794,100,100767,100,98734,100,,,98672,100,,,98664,100
2019-06-28 10:07:57.873663155,100105,436,100073,100,100168,336,100005,336,100189,100,99800,336,100209,100,99429,100,100317,100,99247,300,100686,100,98964,100,100748,100,98794,100,100767,100,98734,100,,,98672,100,,,98664,100
2019-06-28 10:08:00.000000000,100105,436,100073,336,100168,336,100005,336,100189,100,99800,100,100209,100,99429,100,100317,100,99247,300,100686,100,98964,100,100748,100,98794,100,100767,100,98734,100,,,98672,100,,,98664,100
2019-06-28 10:08:05.013387457,100105,436,100073,336,100168,336,100005,336,100189,100,99800,100,100209,100,99429,100,100307,100,99247,300,100317,100,98964,100,100686,100,98794,100,100748,100,98734,100,100767,100,98672,100,,,98664,100
2019-06-28 10:08:10.000000000,100105,673,100073,573,100168,100,100005,100,100189,100,99800,100,100209,100,99429,100,100307,100,99247,300,100317,100,98964,100,100686,100,98794,100,100748,100,98734,100,100767,100,98672,100,,,98664,100
2019-06-28 10:08:20.000000000,100105,361,100073,261,100168,256,100005,256,100189,256,99800,256,100209,100,99429,100,100307,100,99247,300,100317,100,98964,100,100686,100,98794,100,100748,100,98734,100,100767,100,98672,100,,,98664,100
2019-06-28 10:08:30.000000000,100105,436,100073,336,100168,336,100005,336,100189,100,99800,100,100209,100,99429,100,100307,100,99247,300,100317,100,98964,100,100686,100,98794,100,100748,100,98734,100,100767,100,98672,100,,,98664,100
2019-06-28 10:08:36.898907825,100105,436,100073,336,100168,336,100005,336,100189,100,99800,100,100209,100,99709,100,100317,100,99429,100,100686,100,99247,300,100748,100,98964,100,100767,100,98794,100,,,98734,100,,,98672,100
2019-06-28 10:08:39.600266885,100105,436,100073,336,100168,336,100005,336,100189,100,99800,100,100209,100,99709,100,100317,100,99429,100,100686,100,99413,100,100748,100,99247,300,100767,100,98964,100,,,98794,100,,,98734,100
2019-06-28 10:08:40.000000000,100105,436,100073,336,100168,336,100005,336,100189,100,99800,100,100209,100,99709,100,100317,100,99429,100,100686,100,99413,100,100748,100,99247,300,100767,100,98964,100,,,98794,100,,,98734,100
2019-06-28 10:08:50.000000000,100105,295,100073,195,100168,195,100005,195,100189,195,99800,195,100209,195,99709,195,100317,195,99429,195,100686,100,99413,100,100748,100,99247,300,100767,100,98964,100,,,98794,100,,,98734,100
2019-06-28 10:09:00.000000000,100105,436,100073,336,100168,336,100005,336,100189,100,99800,100,100209,100,99709,100,100317,100,99429,100,100686,100,99413,100,100748,100,99247,300,100767,100,98964,100,,,98794,100,,,98734,100
2019-06-28 10:09:10.000000000,100105,361,100073,261,100168,256,100005,256,100189,256,99800,256,100209,100,99709,100,100317,100,99429,100,100686,100,99413,100,100748,100,99247,300,100767,100,98964,100,,,98794,100,,,98734,100
2019-06-28 10:09:20.000000000,100105,318,100073,218,100168,218,100005,218,100189,218,99800,218,100209,218,99709,218,100317,100,99429,100,100686,100,99413,100,100748,100,99247,300,100767,100,98964,100,,,98794,100,,,98734,100
2019-06-28 10:09:30.000000000,100105,318,100073,218,100168,218,100005,218,100189,218,99800,218,100209,218,99709,218,100317,100,99429,100,100686,100,99413,100,100748,100,99247,300,100767,100,98964,100,,,98794,100,,,98734,100
2019-06-28 10:09:32.694667624,100105,318,100073,118,100168,218,100005,218,100189,218,99800,118,100209,218,99709,218,100317,100,99429,100,100686,100,99413,100,100748,100,99247,300,100767,100,98964,100,,,98794,100,,,98734,100
2019-06-28 10:09:40.000000000,100105,318,100005,218,100168,218,99709,218,100189,218,99429,218,100209,218,99413,218,100317,100,99247,300,100686,100,98964,100,100748,100,98794,100,100767,100,98734,100,,,98672,100,,,98664,100
2019-06-28 10:09:43.446718796,100104,100,100005,218,100105,318,99709,218,100168,218,99429,218,100189,218,99413,218,100209,218,99247,200,100317,100,98964,100,100686,100,98794,100,100748,100,98734,100,100767,100,98672,100,,,98664,100
2019-06-28 10:09:50.000000000,100104,195,100005,195,100105,295,99709,195,100168,195,99429,195,100189,195,99413,195,100209,195,99247,295,100317,100,98964,100,100686,100,98794,100,100748,100,98734,100,100767,100,98672,100,,,98664,100
2019-06-28 10:09:59.899783789,100104,195,100005,195,100105,295,99709,195,100168,195,99429,195,100189,195,99413,195,100209,195,99247,295,100317,100,99119,100,100686,100,98964,100,100748,100,98794,100,100767,100,98734,100,,,98672,100
2019-06-28 10:10:00.000000000,100104,195,100005,195,100105,295,99709,195,100168,195,99429,195,100189,195,99413,195,100209,195,99247,295,100317,100,99119,100,100686,100,98964,100,100748,100,98794,100,100767,100,98734,100,,,98672,100
2019-06-28 10:10:10.000000000,100104,573,100005,573,100105,200,99709,100,100168,100,99429,100,100189,100,99413,100,100209,100,99247,200,100317,100,99119,100,100686,100,98964,100,100748,100,98794,100,100767,100,98734,100,,,98672,100
2019-06-28 10:10:18.088620036,100104,673,100005,573,100105,200,99709,100,100168,100,99429,100,100189,100,99413,100,100209,100,99247,200,100317,100,99119,100,100686,100,98964,100,100748,100,98794,100,100767,100,98734,100,,,98672,100
