,ask_price_1,ask_size_1,bid_price_1,bid_size_1,ask_price_2,ask_size_2,bid_price_2,bid_size_2,ask_price_3,ask_size_3,bid_price_3,bid_size_3,ask_price_4,ask_size_4,bid_price_4,bid_size_4,ask_price_5,ask_size_5,bid_price_5,bid_size_5,ask_price_6,ask_size_6,bid_price_6,bid_size_6,ask_price_7,ask_size_7,bid_price_7,bid_size_7,ask_price_8,ask_size_8,bid_price_8,bid_size_8,ask_price_9,ask_size_9,bid_price_9,bid_size_9,ask_price_10,ask_size_10,bid_price_10,bid_size_10
2019-06-28 09:30:00.000000001,100132,100,,,,,,,,,,,,,,,,,,,,,,,,,,,,,,,,,,,,,,
2019-06-28 09:30:00.000000005,100132,100,99945,100,,,,,,,,,,,,,,,,,,,,,,,,,,,,,,,,,,,,
2019-06-28 09:30:00.000000008,100094,100,99945,100,100132,100,,,,,,,,,,,,,,,,,,,,,,,,,,,,,,,,,,
2019-06-28 09:30:00.000000009,100094,100,99945,100,100119,100,,,100132,100,,,,,,,,,,,,,,,,,,,,,,,,,,,,,,
2019-06-28 09:30:00.000000010,100094,100,99968,100,100119,100,,,100132,100,,,,,,,,,,,,,,,,,,,,,,,,,,,,,,
2019-06-28 09:30:00.000000011,100009,100,99968,100,100094,100,,,100119,100,,,100132,100,,,,,,,,,,,,,,,,,,,,,,,,,,
2019-06-28 09:30:00.000000012,100009,100,99980,100,100094,100,99968,100,100112,100,,,100119,100,,,100132,100,,,100186,100,,,,,,,,,,,,,,,,,,
2019-06-28 09:30:00.000000013,100009,100,99980,100,100094,100,99978,100,100112,100,99968,100,100119,100,,,100132,100,,,100186,100,,,,,,,,,,,,,,,,,,
2019-06-28 09:30:00.000000015,100009,100,99980,100,100083,100,99978,100,100094,100,99968,100,100112,100,99933,100,100119,100,,,100132,100,,,100186,100,,,,,,,,,,,,,,
2019-06-28 09:30:00.000000017,100083,100,99980,100,100094,100,99978,100,100112,100,99968,100,100119,100,99933,100,100132,100,,,100186,100,,,,,,,,,,,,,,,,,,
2019-06-28 09:30:00.000000018,100073,100,99980,100,100083,100,99978,100,100094,100,99968,100,100112,100,99933,100,100119,100,99858,100,100132,100,,,100186,100,,,,,,,,,,,,,,
2019-06-28 09:30:00.000000020,100009,100,99980,100,100073,100,99978,100,100083,100,99968,100,100094,100,99933,100,100112,100,99858,100,100119,100,,,100132,100,,,100186,100,,,,,,,,,,
2019-06-28 09:30:00.000000021,100009,100,99984,100,100073,100,99980,100,100083,100,99978,100,100094,100,99968,100,100112,100,99933,100,100119,100,99858,100,100132,100,,,100186,100,,,,,,,,,,
2019-06-28 09:30:00.000000022,100009,100,99984,100,100073,100,99981,100,100083,100,99980,100,100094,100,99978,100,100096,100,99968,100,100112,100,99933,100,100119,100,99858,100,100132,100,,,100186,100,,,,,,
2019-06-28 09:30:00.000000024,100009,100,99984,100,100073,100,99981,100,100083,100,99980,100,100094,100,99978,100,100096,100,99968,100,100112,100,99933,100,100119,100,99858,100,100123,100,,,100132,100,,,100186,100,,
2019-06-28 09:30:00.000000026,99993,100,99984,100,100009,100,99981,100,100073,100,99980,100,100083,100,99978,100,100094,100,99968,100,100096,100,99933,100,100109,100,99858,100,100112,100,,,100119,100,,,100123,100,,
2019-06-28 09:30:00.000000027,99993,100,99984,100,100009,100,99981,100,100073,100,99980,100,100083,100,99978,100,100094,100,99968,100,100096,100,99933,200,100109,100,99858,100,100112,100,,,100119,100,,,100123,100,,
2019-06-28 09:30:00.000000032,99993,100,99984,100,100009,100,99981,100,100073,100,99980,100,100083,100,99978,100,100094,100,99968,100,100096,100,99933,200,100109,100,99858,100,100112,100,,,100119,200,,,100123,100,,
2019-06-28 09:30:00.000000033,99993,100,99984,100,100009,200,99981,100,100073,100,99980,100,100083,100,99978,100,100094,100,99968,100,100096,100,99933,200,100109,100,99858,100,100112,100,,,100119,200,,,100123,100,,
2019-06-28 09:30:00.000000034,99993,100,99984,100,100009,200,99981,100,100073,100,99980,100,100083,100,99978,100,100094,100,99968,100,100096,100,99933,200,100109,100,99922,100,100112,100,99858,100,100119,200,,,100123,100,,
2019-06-28 09:30:00.000000036,99993,100,99984,100,100009,200,99981,100,100073,100,99980,100,100083,100,99978,100,100094,100,99968,100,100096,100,99933,200,100109,100,99922,100,100112,100,99858,100,100119,200,,,100123,100,,
2019-06-28 09:30:00.000000040,99993,100,99984,100,100009,200,99981,100,100073,100,99980,100,100083,100,99978,100,100094,100,99968,100,100096,100,99933,200,100109,100,99922,100,100112,100,99858,100,100119,200,99802,100,100123,100,,
2019-06-28 09:30:00.000000043,100009,200,99984,100,100073,100,99981,100,100083,100,99980,100,100094,100,99978,100,100096,100,99968,100,100109,100,99933,200,100112,100,99922,100,100119,200,99858,100,100123,100,99802,100,100132,100,,
2019-06-28 09:30:00.000000044,100009,200,99984,100,100073,100,99981,100,100083,100,99980,100,100094,100,99978,200,100096,100,99968,100,100109,100,99933,200,100112,100,99922,100,100119,200,99858,100,100123,100,99802,100,100132,100,,
2019-06-28 09:30:00.000000045,100009,200,99984,100,100073,100,99981,100,100083,100,99980,100,100086,100,99978,200,100094,100,99968,100,100096,100,99933,200,100109,100,99922,100,100112,100,99858,100,100119,200,99802,100,100123,100,,
2019-06-28 09:30:00.000000047,100009,100,99984,100,100073,100,99981,100,100083,100,99980,100,100086,100,99978,200,100094,100,99968,100,100096,100,99933,200,100109,100,99922,100,100112,100,99858,100,100119,200,99802,100,100123,100,,
2019-06-28 09:30:00.000000048,100009,100,99984,100,100073,100,99981,100,100083,100,99980,100,100086,100,99978,200,100094,100,99968,100,100096,100,99966,100,100109,100,99933,200,100112,100,99922,100,100119,200,99858,100,100123,100,99802,100
2019-06-28 09:30:00.000000054,100073,100,99984,100,100083,100,99981,100,100086,100,99980,100,100094,100,99978,200,100096,100,99968,100,100109,100,99966,100,100112,100,99933,200,100119,200,99922,100,100123,100,99858,100,100132,100,99802,100
2019-06-28 09:30:00.000000055,100073,100,99984,100,100083,100,99981,100,100086,100,99980,100,100094,100,99978,200,100096,100,99968,100,100109,100,99966,100,100112,100,99933,200,100119,200,99922,100,100123,100,99858,100,100132,200,99802,100
2019-06-28 09:30:00.000000057,100083,100,99984,100,100086,100,99981,100,100094,100,99980,100,100096,100,99978,200,100109,100,99968,100,100112,100,99966,100,100119,200,99933,200,100123,100,99922,100,100132,200,99858,100,100185,100,99802,100
2019-06-28 09:30:00.000000058,100083,100,99984,100,100086,100,99981,100,100094,100,99980,100,100096,100,99978,200,100109,100,99968,100,100112,100,99966,100,100119,200,99933,200,100123,100,99922,100,100132,200,99880,100,100185,100,99858,100
2019-06-28 09:30:00.000000059,100083,100,99984,100,100086,100,99981,100,100094,100,99980,100,100096,100,99978,200,100109,100,99968,100,100112,100,99966,100,100119,200,99947,100,100123,100,99933,200,100132,200,99922,100,100185,100,99880,100
2019-06-28 09:30:00.000000060,100034,100,99984,100,100083,100,99981,100,100086,100,99980,100,100094,100,99978,200,100096,100,99968,100,100109,100,99966,100,100112,100,99947,100,100119,200,99933,200,100123,100,99922,100,100132,200,99880,100
2019-06-28 09:30:00.000000061,100001,100,99984,100,100034,100,99981,100,100083,100,99980,100,100086,100,99978,200,100094,100,99968,100,100096,100,99966,100,100109,100,99947,100,100112,100,99933,200,100119,200,99922,100,100123,100,99880,100
2019-06-28 09:30:00.000000062,100001,100,99984,100,100034,100,99981,100,100073,100,99980,100,100083,100,99978,200,100086,100,99968,100,100094,100,99966,100,100096,100,99947,100,100109,100,99933,200,100112,100,99922,100,100119,200,99880,100
2019-06-28 09:30:00.000000063,100001,100,99984,100,100034,100,99981,100,100073,100,99980,100,100083,100,99978,200,100086,100,99968,100,100094,100,99966,100,100096,100,99947,100,100109,100,99933,200,100112,100,99922,100,100119,200,99880,100
2019-06-28 09:30:00.000000064,100034,100,99984,100,100073,100,99981,100,100083,100,99980,100,100086,100,99978,200,100094,100,99968,100,100096,100,99966,100,100109,100,99947,200,100112,100,99933,200,100119,200,99922,100,100123,100,99880,100
2019-06-28 09:30:00.000000065,100034,100,99984,100,100073,100,99981,100,100083,100,99980,100,100086,100,99978,200,100094,100,99968,100,100096,100,99966,100,100109,100,99947,200,100112,100,99933,200,100119,200,99922,100,100123,100,99880,100
2019-06-28 09:30:00.000000067,100034,100,99984,100,100073,100,99981,100,100083,100,99980,100,100086,100,99978,200,100094,100,99968,100,100096,100,99966,100,100109,100,99947,200,100112,100,99933,200,100119,200,99922,100,100123,100,99901,100
2019-06-28 09:30:00.000000068,100034,100,100001,100,100073,100,99984,100,100083,100,99981,100,100086,100,99980,100,100094,100,99978,200,100096,100,99968,100,100109,100,99966,100,100112,100,99947,200,100119,200,99933,200,100123,100,99922,100
2019-06-28 09:30:00.000000074,100034,100,100001,100,100073,100,99984,100,100083,100,99981,100,100086,100,99980,100,100094,100,99978,200,100096,100,99968,100,100109,100,99966,100,100112,100,99947,200,100119,200,99933,200,100123,100,99930,100
2019-06-28 09:30:00.000000077,100034,100,100001,100,100073,100,99984,100,100083,100,99981,100,100086,100,99980,100,100094,100,99978,200,100096,100,99968,100,100109,100,99966,100,100112,100,99954,100,100119,200,99947,200,100123,100,99933,200
2019-06-28 09:30:00.000000078,100034,100,100001,200,100073,100,99984,100,100083,100,99981,100,100086,100,99980,100,100094,100,99978,200,100096,100,99968,100,100109,100,99966,100,100112,100,99954,100,100119,200,99947,200,100123,100,99933,200
2019-06-28 09:30:00.000000079,100034,100,100001,300,100073,100,99984,100,100083,100,99981,100,100086,100,99980,100,100094,100,99978,200,100096,100,99968,100,100109,100,99966,100,100112,100,99954,100,100119,200,99947,200,100123,100,99933,200
2019-06-28 09:30:00.000000080,100012,100,100001,300,100034,100,99984,100,100073,100,99981,100,100083,100,99980,100,100086,100,99978,200,100094,100,99968,100,100096,100,99966,100,100109,100,99954,100,100112,100,99947,200,100119,200,99933,200
2019-06-28 09:30:00.000000081,100012,100,100001,300,100034,100,99984,100,100073,100,99981,100,100083,100,99980,100,100086,100,99978,200,100094,100,99968,100,100096,100,99966,100,100109,100,99954,100,100112,100,99947,200,100119,200,99933,200
2019-06-28 09:30:00.000000088,100012,100,100001,300,100017,100,99984,100,100034,100,99981,100,100073,100,99980,100,100083,100,99978,200,100086,100,99968,100,100094,100,99966,100,100096,100,99954,100,100109,100,99947,200,100112,100,99933,200
2019-06-28 09:30:00.000000089,100012,100,100001,400,100017,100,99984,100,100034,100,99981,100,100073,100,99980,100,100083,100,99978,200,100086,100,99968,100,100094,100,99966,100,100096,100,99954,100,100109,100,99947,200,100112,100,99933,200
2019-06-28 09:30:00.000000092,100012,100,100001,300,100017,100,99984,100,100034,100,99981,100,100073,100,99980,100,100083,100,99978,200,100086,100,99968,100,100094,100,99966,100,100096,100,99954,100,100109,100,99947,200,100112,100,99933,200
2019-06-28 09:30:00.000000094,100012,100,100002,100,100017,100,100001,300,100034,100,99993,100,100073,100,99984,100,100083,100,99981,100,100086,100,99980,100,100094,100,99978,200,100096,100,99968,100,100109,100,99966,100,100112,100,99954,100
2019-06-28 09:30:00.000000096,100012,100,100001,300,100017,100,99993,100,100034,100,99984,100,100073,100,99981,100,100083,100,99980,100,100086,100,99978,200,100094,100,99968,100,100096,100,99966,100,100109,100,99954,100,100112,100,99947,200
2019-06-28 09:30:00.000000098,100012,100,100001,300,100017,100,99993,100,100034,100,99984,100,100073,100,99981,100,100083,100,99980,100,100086,100,99978,200,100094,100,99968,100,100096,100,99966,100,100109,100,99954,100,100112,100,99947,200
2019-06-28 09:30:03.389057287,100012,100,100001,300,100017,100,99993,100,100034,100,99984,100,100073,100,99981,100,100083,100,99980,100,100086,100,99978,200,100094,100,99968,100,100096,100,99966,100,100109,100,99954,100,100112,100,99947,200
2019-06-28 09:30:10.000000000,100012,219,100001,419,100017,216,99993,216,100034,216,99984,216,100073,100,99981,100,100083,100,99980,100,100086,100,99978,200,100094,100,99968,100,100096,100,99966,100,100109,100,99954,100,100112,100,99947,200
2019-06-28 09:30:20.000000000,100012,219,100001,419,100017,216,99993,216,100034,216,99984,216,100073,100,99981,100,100083,100,99980,100,100086,100,99978,200,100094,100,99968,100,100096,100,99966,100,100109,100,99954,100,100112,100,99947,200
2019-06-28 09:30:24.658298831,100012,219,100001,419,100017,216,99993,216,100034,216,99984,216,100073,100,99981,100,100083,100,99980,100,100086,100,99978,200,100094,100,99968,100,100096,100,99966,100,100109,100,99954,100,100112,100,99947,200
2019-06-28 09:30:30.000000000,100012,450,100001,650,100017,100,99993,100,100034,100,99984,100,100073,100,99981,100,100083,100,99980,100,100086,100,99978,200,100094,100,99968,100,100096,100,99966,100,100109,100,99954,100,100112,100,99947,200
2019-06-28 09:30:31.652914135,100012,450,100001,650,100017,100,99993,100,100034,100,99984,100,100073,100,99981,100,100083,100,99980,100,100086,100,99978,200,100094,100,99968,100,100096,100,99954,100,100109,100,99947,200,100112,100,99933,200
2019-06-28 09:30:40.000000000,100012,450,100001,650,100017,100,99993,100,100034,100,99984,100,100073,100,99981,100,100083,100,99980,100,100086,100,99978,200,100094,100,99968,100,100096,100,99954,100,100109,100,99947,200,100112,100,99933,200
2019-06-28 09:30:50.000000000,100012,219,100001,419,100017,216,99993,216,100034,216,99984,216,100073,100,99981,100,100083,100,99980,100,100086,100,99978,200,100094,100,99968,100,100096,100,99954,100,100109,100,99947,200,100112,100,99933,200
2019-06-28 09:31:00.000000000,100012,188,100001,388,100017,188,99993,188,100034,188,99984,188,100073,188,99981,188,100083,100,99980,100,100086,100,99978,200,100094,100,99968,100,100096,100,99954,100,100109,100,99947,200,100112,100,99933,200
2019-06-28 09:31:10.000000000,100012,450,100001,650,100017,100,99993,100,100034,100,99984,100,100073,100,99981,100,100083,100,99980,100,100086,100,99978,200,100094,100,99968,100,100096,100,99954,100,100109,100,99947,200,100112,100,99933,200
2019-06-28 09:31:20.000000000,100012,450,100001,650,100017,100,99993,100,100034,100,99984,100,100073,100,99981,100,100083,100,99980,100,100086,100,99978,200,100094,100,99968,100,100096,100,99954,100,100109,100,99947,200,100112,100,99933,200
2019-06-28 09:31:21.622647573,100012,450,100001,650,100017,100,99993,100,100034,100,99984,100,100073,100,99981,100,100083,100,99980,100,100086,100,99978,200,100094,100,99968,100,100096,100,99954,100,100109,100,99947,200,100112,100,99933,200
2019-06-28 09:31:30.000000000,100012,275,100001,475,100017,275,99993,275,100034,100,99984,100,100073,100,99981,100,100083,100,99980,100,100086,100,99978,200,100094,100,99968,100,100096,100,99954,100,100109,100,99947,200,100112,100,99933,200
2019-06-28 09:31:30.849503344,100012,275,100001,375,100017,275,99993,275,100034,100,99984,100,100073,100,99981,100,100083,100,99980,100,100086,100,99978,200,100094,100,99968,100,100096,100,99954,100,100109,100,99947,200,100112,100,99933,200
2019-06-28 09:31:32.934708378,100012,275,100001,375,100017,275,99993,275,100034,100,99984,100,100073,100,99981,100,100083,100,99980,100,100086,100,99978,200,100094,100,99968,100,100096,100,99954,100,100109,100,99947,200,100112,100,99933,200
2019-06-28 09:31:40.000000000,100012,219,100001,319,100017,216,99993,216,100034,216,99984,216,100073,100,99981,100,100083,100,99980,100,100086,100,99978,200,100094,100,99968,100,100096,100,99954,100,100109,100,99947,200,100112,100,99933,200
2019-06-28 09:31:45.555667839,100012,219,100001,319,100017,216,99993,216,100034,216,99984,216,100073,100,99981,100,100083,100,99980,100,100086,100,99978,200,100094,100,99968,100,100096,100,99954,100,100109,100,99947,200,100112,100,99933,200
2019-06-28 09:31:50.000000000,100012,219,100001,319,100017,216,99993,216,100034,216,99984,216,100073,100,99981,100,100083,100,99980,100,100086,100,99978,200,100094,100,99968,100,100096,100,99954,100,100109,100,99947,200,100112,100,99933,200
2019-06-28 09:32:00.000000000,100012,219,100001,319,100017,216,99993,216,100034,216,99984,216,100073,100,99981,100,100083,100,99980,100,100086,100,99978,200,100094,100,99968,100,100096,100,99954,100,100109,100,99947,200,100112,100,99933,200
2019-06-28 09:32:10.000000000,100012,450,100001,550,100017,100,99993,100,100034,100,99984,100,100073,100,99981,100,100083,100,99980,100,100086,100,99978,200,100094,100,99968,100,100096,100,99954,100,100109,100,99947,200,100112,100,99933,200
2019-06-28 09:32:20.000000000,100012,188,100001,288,100017,188,99993,188,100034,188,99984,188,100073,188,99981,188,100083,100,99980,100,100086,100,99978,200,100094,100,99968,100,100096,100,99954,100,100109,100,99947,200,100112,100,99933,200
2019-06-28 09:32:22.276205007,100012,188,100001,288,100017,188,99993,188,100034,188,99984,188,100073,188,99981,188,100083,100,99980,100,100086,100,99978,200,100094,100,99968,100,100096,100,99954,100,100109,100,99947,200,100112,100,99933,200
2019-06-28 09:32:26.708190261,100012,188,100001,188,100017,188,99993,188,100034,188,99984,188,100073,188,99981,188,100083,100,99980,100,100086,100,99978,200,100094,100,99968,100,100096,100,99954,100,100109,100,99947,200,100119,100,99933,200
2019-06-28 09:32:30.000000000,100012,219,100001,219,100017,216,99993,216,100034,216,99984,216,100073,100,99981,100,100083,100,99980,100,100086,100,99978,200,100094,100,99968,100,100096,100,99954,100,100109,100,99947,200,100119,100,99933,200
2019-06-28 09:32:40.000000000,100012,170,100001,170,100017,170,99993,170,100034,170,99984,170,100073,170,99981,170,100083,170,99980,170,100086,100,99978,200,100094,100,99968,100,100096,100,99954,100,100109,100,99947,200,100119,100,99933,200
2019-06-28 09:32:41.206053138,100012,170,100001,170,100017,170,99993,170,100034,170,99984,170,100073,170,99981,170,100083,170,99980,170,100086,100,99978,200,100094,100,99968,100,100096,100,99954,100,100109,100,99947,200,100119,100,99933,200
2019-06-28 09:32:50.000000000,100012,450,100001,450,100017,100,99993,100,100034,100,99984,100,100073,100,99981,100,100083,100,99980,100,100086,100,99978,200,100094,100,99968,100,100096,100,99954,100,100109,100,99947,200,100119,100,99933,200
2019-06-28 09:32:50.252662170,100012,450,100001,450,100017,100,99993,100,100034,100,99984,100,100073,100,99981,100,100083,100,99980,100,100086,100,99978,200,100094,100,99968,100,100096,100,99954,100,100109,100,99947,200,100116,100,99933,200
2019-06-28 09:32:59.731561905,100012,450,100001,450,100017,100,99993,100,100034,100,99984,100,100073,100,99981,100,100083,100,99980,100,100094,100,99978,200,100096,100,99968,100,100109,100,99954,100,100116,100,99947,200,100119,100,99933,200
2019-06-28 09:33:00.000000000,100012,170,100001,170,100017,170,99993,170,100034,170,99984,170,100073,170,99981,170,100083,170,99980,170,100094,100,99978,200,100096,100,99968,100,100109,100,99954,100,100116,100,99947,200,100119,100,99933,200
2019-06-28 09:33:10.000000000,100012,275,100001,275,100017,275,99993,275,100034,100,99984,100,100073,100,99981,100,100083,100,99980,100,100094,100,99978,200,100096,100,99968,100,100109,100,99954,100,100116,100,99947,200,100119,100,99933,200
2019-06-28 09:33:20.000000000,100012,188,100001,188,100017,188,99993,188,100034,188,99984,188,100073,188,99981,188,100083,100,99980,100,100094,100,99978,200,100096,100,99968,100,100109,100,99954,100,100116,100,99947,200,100119,100,99933,200
2019-06-28 09:33:30.000000000,100012,450,100001,450,100017,100,99993,100,100034,100,99984,100,100073,100,99981,100,100083,100,99980,100,100094,100,99978,200,100096,100,99968,100,100109,100,99954,100,100116,100,99947,200,100119,100,99933,200
2019-06-28 09:33:40.000000000,100012,219,100001,219,100017,216,99993,216,100034,216,99984,216,100073,100,99981,100,100083,100,99980,100,100094,100,99978,200,100096,100,99968,100,100109,100,99954,100,100116,100,99947,200,100119,100,99933,200
2019-06-28 09:33:45.050722103,100012,219,100001,219,100017,216,99993,216,100034,216,99984,216,100073,100,99981,100,100083,100,99980,100,100094,100,99978,200,100096,100,99968,100,100109,100,99954,100,100116,100,99947,200,100119,100,99933,200
2019-06-28 09:33:50.000000000,100012,219,100001,219,100017,216,99993,216,100034,216,99984,216,100073,100,99981,100,100083,100,99980,100,100094,100,99978,200,100096,100,99968,100,100109,100,99954,100,100116,100,99947,200,100119,100,99933,200
2019-06-28 09:33:50.177587019,100012,219,100001,119,100017,216,99993,216,100034,216,99984,216,100073,100,99981,100,100083,100,99980,100,100094,100,99978,200,100096,100,99968,100,100109,100,99954,100,100116,100,99947,200,100119,100,99933,200
2019-06-28 09:34:00.000000000,100012,275,99993,275,100017,275,99984,275,100034,100,99981,100,100073,100,99980,100,100083,100,99978,200,100094,100,99968,100,100096,100,99954,100,100109,100,99947,200,100116,100,99933,200,100119,100,99930,100
2019-06-28 09:34:10.000000000,100012,450,99993,450,100017,100,99984,100,100034,100,99981,100,100073,100,99980,100,100083,100,99978,200,100094,100,99968,100,100096,100,99954,100,100109,100,99947,200,100116,100,99933,200,100119,100,99930,100
2019-06-28 09:34:12.053431423,100012,450,99993,450,100017,100,99981,100,100034,100,99980,100,100073,100,99978,200,100083,100,99968,100,100094,100,99954,100,100096,100,99947,200,100109,100,99933,200,100116,100,99930,100,100119,100,99922,100
2019-06-28 09:34:20.000000000,100012,219,99993,219,100017,216,99981,216,100034,216,99980,216,100073,100,99978,200,100083,100,99968,100,100094,100,99954,100,100096,100,99947,200,100109,100,99933,200,100116,100,99930,100,100119,100,99922,100
2019-06-28 09:34:26.175698952,100001,100,99993,219,100012,219,99981,116,100017,216,99980,216,100034,216,99978,200,100073,100,99968,100,100083,100,99954,100,100094,100,99947,200,100096,100,99933,200,100109,100,99930,100,100116,100,99922,100
2019-06-28 09:34:30.000000000,100001,219,99993,219,100012,216,99980,216,100017,216,99978,316,100034,100,99968,100,100073,100,99954,100,100083,100,99947,200,100094,100,99933,200,100096,100,99930,100,100109,100,99922,100,100116,100,99899,100
2019-06-28 09:34:40.000000000,100001,188,99993,188,100012,188,99980,188,100017,188,99978,288,100034,188,99968,188,100073,100,99954,100,100083,100,99947,200,100094,100,99933,200,100096,100,99930,100,100109,100,99922,100,100116,100,99899,100
2019-06-28 09:34:50.000000000,100001,170,99993,170,100012,170,99980,170,100017,170,99978,270,100034,170,99968,170,100073,170,99954,170,100083,100,99947,200,100094,100,99933,200,100096,100,99930,100,100109,100,99922,100,100116,100,99899,100
2019-06-28 09:35:00.000000000,100001,188,99993,188,100012,188,99980,188,100017,188,99978,288,100034,188,99968,188,100073,100,99954,100,100083,100,99947,200,100094,100,99933,200,100096,100,99930,100,100109,100,99922,100,100116,100,99899,100
2019-06-28 09:35:10.000000000,100001,275,99993,275,100012,275,99980,275,100017,100,99978,200,100034,100,99968,100,100073,100,99954,100,100083,100,99947,200,100094,100,99933,200,100096,100,99930,100,100109,100,99922,100,100116,100,99899,100
2019-06-28 09:35:15.446099700,100001,275,99993,275,100012,175,99980,275,100017,100,99978,200,100034,100,99968,100,100073,100,99954,100,100083,100,99947,200,100094,100,99933,200,100096,100,99930,100,100109,100,99922,100,100116,100,99899,100
2019-06-28 09:35:17.516065499,100001,275,99993,175,100012,175,99980,275,100017,100,99978,200,100034,100,99968,100,100073,100,99954,100,100083,100,99947,200,100094,100,99933,100,100096,100,99930,100,100109,100,99922,100,100116,100,99899,100
2019-06-28 09:35:20.000000000,100001,188,99980,188,100017,188,99978,288,100034,188,99968,188,100073,188,99954,188,100083,100,99947,200,100094,100,99933,100,100096,100,99930,100,100109,100,99922,100,100116,100,99899,100,100119,100,99880,100
2019-06-28 09:35:21.070245064,100001,188,99980,188,100017,188,99978,288,100034,188,99968,188,100073,188,99954,188,100083,100,99947,200,100094,100,99933,100,100096,100,99930,100,100109,100,99922,100,100116,100,99899,100,100119,100,99880,100
2019-06-28 09:35:27.445386856,100001,188,99980,188,100017,188,99978,288,100034,188,99968,188,100073,188,99954,188,100083,100,99947,200,100094,100,99933,100,100096,100,99930,100,100109,100,99922,100,100116,100,99899,100,100119,100,99880,100
2019-06-28 09:35:30.000000000,100001,450,99980,450,100017,100,99978,200,100034,100,99968,100,100073,100,99954,100,100083,100,99947,200,100094,100,99933,100,100096,100,99930,100,100109,100,99922,100,100116,100,99899,100,100119,100,99880,100
2019-06-28 09:35:40.000000000,100001,170,99980,170,100017,170,99978,270,100034,170,99968,170,100073,170,99954,170,100083,170,99947,270,100094,100,99933,100,100096,100,99930,100,100109,100,99922,100,100116,100,99899,100,100119,100,99880,100
2019-06-28 09:35:41.190048865,100001,170,99980,70,100017,170,99978,270,100034,170,99968,170,100073,170,99954,170,100083,170,99947,270,100094,100,99933,100,100096,100,99930,100,100109,100,99922,100,100116,100,99899,100,100119,100,99880,100
2019-06-28 09:35:46.386993993,99980,30,99978,270,100001,170,99968,170,100017,170,99954,170,100034,170,99947,270,100073,170,99933,100,100083,170,99930,100,100094,100,99922,100,100096,100,99899,100,100109,100,99880,100,100116,100,99874,100
2019-06-28 09:35:50.000000000,99980,149,99978,319,100001,216,99968,216,100017,216,99954,216,100034,100,99947,200,100073,100,99933,100,100083,100,99930,100,100094,100,99922,100,100096,100,99899,100,100109,100,99880,100,100116,100,99874,100
2019-06-28 09:36:00.000000000,99980,100,99978,270,100001,170,99968,170,100017,170,99954,170,100034,170,99947,270,100073,170,99933,170,100083,100,99930,100,100094,100,99922,100,100096,100,99899,100,100109,100,99880,100,100116,100,99874,100
2019-06-28 09:36:08.973300105,99980,100,99978,170,100001,170,99968,170,100017,170,99954,170,100034,70,99947,270,100073,170,99933,170,100083,100,99930,100,100094,100,99922,100,100096,100,99899,100,100109,100,99880,100,100116,100,99874,100
2019-06-28 09:36:10.000000000,99980,205,99978,275,100001,275,99968,275,100017,100,99954,100,100073,100,99947,200,100083,100,99933,100,100094,100,99930,100,100096,100,99922,100,100109,100,99899,100,100116,100,99880,100,100119,100,99874,100
2019-06-28 09:36:20.000000000,99980,118,99978,188,100001,188,99968,188,100017,188,99954,188,100073,188,99947,288,100083,100,99933,100,100094,100,99930,100,100096,100,99922,100,100109,100,99899,100,100116,100,99880,100,100119,100,99874,100
2019-06-28 09:36:30.000000000,99980,100,99978,170,100001,170,99968,170,100017,170,99954,170,100073,170,99947,270,100083,170,99933,170,100094,100,99930,100,100096,100,99922,100,100109,100,99899,100,100116,100,99880,100,100119,100,99874,100
2019-06-28 09:36:31.091675937,99980,100,99978,170,100001,170,99968,170,100017,170,99954,170,100073,170,99947,270,100083,170,99933,170,100094,100,99930,100,100096,100,99922,100,100116,100,99899,100,100119,100,99880,100,100132,100,99874,100
2019-06-28 09:36:37.287931861,99980,100,99978,70,100001,170,99968,170,100017,170,99954,170,100073,170,99947,270,100083,170,99933,170,100094,100,99930,100,100096,100,99922,100,100116,100,99899,100,100119,100,99880,100,100132,100,99874,100
2019-06-28 09:36:38.433942900,99978,30,99968,170,99980,100,99954,170,100001,170,99947,270,100017,170,99933,170,100073,170,99930,100,100083,170,99922,100,100094,100,99899,100,100096,100,99880,100,100116,100,99874,100,100119,100,99871,100
2019-06-28 09:36:40.000000000,99978,100,99968,170,99980,100,99954,170,100001,170,99947,270,100017,170,99933,170,100073,170,99930,170,100083,100,99922,100,100094,100,99899,100,100096,100,99880,100,100116,100,99874,100,100119,100,99871,100
2019-06-28 09:36:50.000000000,99978,380,99968,450,99980,30,99954,100,100001,100,99947,200,100017,100,99933,100,100073,100,99930,100,100083,100,99922,100,100094,100,99899,100,100096,100,99880,100,100116,100,99874,100,100119,100,99871,100
2019-06-28 09:37:00.000000000,99978,118,99968,188,99980,118,99954,188,100001,188,99947,288,100017,188,99933,188,100073,100,99930,100,100083,100,99922,100,100094,100,99899,100,100096,100,99880,100,100116,100,99874,100,100119,100,99871,100
2019-06-28 09:37:02.843966602,99978,218,99968,188,99980,118,99954,188,100001,188,99947,288,100017,188,99933,188,100083,100,99930,100,100094,100,99922,100,100096,100,99899,100,100116,100,99880,100,100119,100,99874,100,100132,100,99871,100
2019-06-28 09:37:10.000000000,99978,200,99968,170,99980,100,99954,170,100001,170,99947,270,100017,170,99933,170,100083,170,99930,170,100094,100,99922,100,100096,100,99899,100,100116,100,99880,100,100119,100,99874,100,100132,100,99871,100
2019-06-28 09:37:14.680726027,99978,300,99968,170,99980,100,99954,170,100001,170,99947,270,100017,170,99933,70,100083,170,99930,170,100094,100,99922,100,100096,100,99899,100,100116,100,99880,100,100119,100,99874,100,100132,100,99871,100
2019-06-28 09:37:20.000000000,99978,349,99968,219,99980,146,99954,216,100001,216,99947,316,100017,100,99930,100,100083,100,99922,100,100094,100,99899,100,100096,100,99880,100,100116,100,99874,100,100119,100,99871,100,100132,100,99870,100
2019-06-28 09:37:26.796132281,99978,349,99968,219,99980,146,99954,216,100001,216,99947,316,100017,100,99930,100,100083,100,99922,100,100094,100,99899,100,100096,100,99880,100,100116,100,99874,100,100119,100,99871,100,100132,100,99870,100
2019-06-28 09:37:30.000000000,99978,580,99968,450,99980,30,99954,100,100001,100,99947,200,100017,100,99930,100,100083,100,99922,100,100094,100,99899,100,100096,100,99880,100,100116,100,99874,100,100119,100,99871,100,100132,100,99870,100
2019-06-28 09:37:34.885747185,99978,680,99968,450,99980,30,99954,100,100001,100,99947,200,100017,100,99930,100,100083,100,99922,100,100094,100,99899,100,100096,100,99880,100,100116,100,99874,100,100119,100,99871,100,100132,100,99870,100
2019-06-28 09:37:40.000000000,99978,418,99968,188,99980,118,99954,188,100001,188,99947,288,100017,188,99930,188,100083,100,99922,100,100094,100,99899,100,100096,100,99880,100,100116,100,99874,100,100119,100,99871,100,100132,100,99870,100
2019-06-28 09:37:46.880766890,99978,418,99968,188,99980,118,99954,188,100001,188,99947,288,100017,188,99930,188,100083,100,99922,100,100094,100,99899,100,100096,100,99880,100,100116,100,99874,100,100119,100,99871,100,100132,100,99870,100
2019-06-28 09:37:50.000000000,99978,418,99968,188,99980,118,99954,188,100001,188,99947,288,100017,188,99930,188,100083,100,99922,100,100094,100,99899,100,100096,100,99880,100,100116,100,99874,100,100119,100,99871,100,100132,100,99870,100
2019-06-28 09:38:00.000000000,99978,400,99968,170,99980,100,99954,170,100001,170,99947,270,100017,170,99930,170,100083,170,99922,170,100094,100,99899,100,100096,100,99880,100,100116,100,99874,100,100119,100,99871,100,100132,100,99870,100
2019-06-28 09:38:10.000000000,99978,680,99968,450,99980,30,99954,100,100001,100,99947,200,100017,100,99930,100,100083,100,99922,100,100094,100,99899,100,100096,100,99880,100,100116,100,99874,100,100119,100,99871,100,100132,100,99870,100
2019-06-28 09:38:10.814504001,99978,680,99968,450,99980,30,99954,100,100001,100,99947,200,100017,100,99930,100,100083,100,99922,100,100094,100,99899,100,100096,100,99880,100,100116,100,99874,100,100119,100,99871,100,100132,100,99870,100
2019-06-28 09:38:14.146860156,99978,680,99968,350,99980,30,99954,100,100001,100,99947,200,100017,100,99930,100,100083,100,99922,100,100094,100,99899,100,100096,100,99880,100,100116,100,99874,100,100119,100,99871,100,100132,100,99870,100
2019-06-28 09:38:16.506425062,99978,680,99968,250,99980,30,99954,100,100001,100,99947,200,100017,100,99930,100,100083,100,99922,100,100094,100,99899,100,100096,100,99880,100,100116,100,99874,100,100119,100,99871,100,100132,100,99870,100
2019-06-28 09:38:20.000000000,99978,680,99954,450,99980,30,99947,200,100001,100,99930,100,100017,100,99922,100,100083,100,99899,100,100094,100,99880,100,100096,100,99874,100,100116,100,99871,100,100119,100,99870,100,100132,100,99859,100
2019-06-28 09:38:21.682058151,99978,680,99954,350,99980,30,99947,200,100001,100,99930,100,100017,100,99922,100,100083,100,99899,100,100094,100,99880,100,100096,100,99874,100,100116,100,99871,100,100119,100,99870,100,100132,100,99859,100
2019-06-28 09:38:29.931320730,99968,100,99954,350,99978,680,99947,200,99980,30,99930,100,100001,100,99922,100,100017,100,99899,100,100083,100,99880,100,100094,100,99874,100,100096,100,99871,100,100116,100,99870,100,100119,100,99859,100
2019-06-28 09:38:30.000000000,99968,188,99947,288,99978,418,99930,188,99980,118,99922,188,100001,188,99899,188,100017,100,99880,100,100083,100,99874,100,100094,100,99871,100,100096,100,99870,100,100116,100,99859,100,100119,100,99858,100
2019-06-28 09:38:40.000000000,99968,170,99947,270,99978,400,99930,170,99980,100,99922,170,100001,170,99899,170,100017,170,99880,170,100083,100,99874,100,100094,100,99871,100,100096,100,99870,100,100116,100,99859,100,100119,100,99858,100
2019-06-28 09:38:40.038421793,99968,170,99947,270,99978,400,99930,170,99980,100,99922,170,100001,170,99899,170,100017,170,99880,170,100083,100,99874,100,100094,100,99871,100,100096,100,99870,100,100116,100,99859,100,100119,100,99858,100
2019-06-28 09:38:50.000000000,99968,170,99947,270,99978,400,99930,170,99980,100,99922,170,100001,170,99899,170,100017,170,99880,170,100083,100,99874,100,100094,100,99871,100,100096,100,99870,100,100116,100,99859,100,100119,100,99858,100
2019-06-28 09:38:58.810101519,99968,170,99947,270,99978,400,99930,170,99980,100,99922,170,100001,170,99899,170,100017,170,99880,170,100083,100,99874,100,100094,100,99871,100,100096,100,99870,100,100116,100,99859,100,100119,100,99858,100
2019-06-28 09:39:00.000000000,99968,188,99947,288,99978,418,99930,188,99980,118,99922,188,100001,188,99899,188,100017,100,99880,100,100083,100,99874,100,100094,100,99871,100,100096,100,99870,100,100116,100,99859,100,100119,100,99858,100
2019-06-28 09:39:06.842615799,99968,188,99947,288,99978,418,99930,188,99980,118,99922,188,100001,188,99899,188,100017,100,99880,100,100083,100,99874,100,100094,100,99871,100,100096,100,99870,100,100116,100,99859,100,100119,100,99858,100
2019-06-28 09:39:10.000000000,99968,188,99947,288,99978,418,99930,188,99980,118,99922,188,100001,188,99899,188,100017,100,99880,100,100083,100,99874,100,100094,100,99871,100,100096,100,99870,100,100116,100,99859,100,100119,100,99858,100
2019-06-28 09:39:14.336912714,99968,188,99947,288,99978,418,99930,188,99980,118,99922,188,100001,188,99899,188,100017,100,99880,100,100083,100,99874,100,100094,100,99870,100,100096,100,99859,100,100116,100,99858,100,100119,100,99827,100
2019-06-28 09:39:17.799547128,99968,188,99947,288,99978,418,99930,188,99980,118,99922,188,100001,188,99899,188,100083,100,99880,100,100094,100,99874,100,100096,100,99870,100,100116,100,99859,100,100119,100,99858,100,100185,100,99827,100
2019-06-28 09:39:19.977020475,99968,288,99947,288,99978,418,99930,188,99980,118,99922,188,100001,188,99899,188,100083,100,99880,100,100094,100,99874,100,100096,100,99870,100,100116,100,99859,100,100119,100,99858,100,100185,100,99827,100
2019-06-28 09:39:20.000000000,99968,319,99947,319,99978,446,99930,216,99980,146,99922,216,100001,100,99899,100,100083,100,99880,100,100094,100,99874,100,100096,100,99870,100,100116,100,99859,100,100119,100,99858,100,100185,100,99827,100
2019-06-28 09:39:30.000000000,99968,270,99947,270,99978,400,99930,170,99980,100,99922,170,100001,170,99899,170,100083,170,99880,170,100094,100,99874,100,100096,100,99870,100,100116,100,99859,100,100119,100,99858,100,100185,100,99827,100
2019-06-28 09:39:38.695150913,99968,270,99947,170,99978,400,99930,170,99980,100,99922,170,100001,170,99899,170,100083,170,99880,170,100094,100,99874,100,100096,100,99870,100,100116,100,99859,100,100119,100,99858,100,100185,100,99827,100
2019-06-28 09:39:40.000000000,99968,319,99947,219,99978,446,99930,216,99980,146,99922,216,100001,100,99899,100,100083,100,99880,100,100094,100,99874,100,100096,100,99870,100,100116,100,99859,100,100119,100,99858,100,100185,100,99827,100
2019-06-28 09:39:42.506605421,99968,319,99947,119,99978,446,99930,216,99980,146,99922,216,100001,100,99899,100,100083,100,99880,100,100094,100,99874,100,100096,100,99870,100,100116,100,99859,100,100119,100,99858,100,100185,100,99827,100
2019-06-28 09:39:50.000000000,99968,288,99930,188,99978,418,99922,188,99980,118,99899,188,100001,188,99880,188,100083,100,99874,100,100094,100,99870,100,100096,100,99859,100,100116,100,99858,100,100119,100,99827,100,100185,100,99795,100
2019-06-28 09:39:52.849935563,99968,288,99930,88,99978,418,99922,188,99980,118,99899,188,100001,188,99880,188,100083,100,99874,100,100094,100,99870,100,100096,100,99859,100,100116,100,99858,100,100119,100,99827,100,100185,100,99795,100
2019-06-28 09:40:00.000000000,99968,270,99922,170,99978,400,99899,170,99980,100,99880,170,100001,170,99874,170,100083,170,99870,170,100094,100,99859,100,100096,100,99858,100,100116,100,99827,100,100119,100,99795,100,100185,100,99789,100
2019-06-28 09:40:01.566307475,99968,270,99922,170,99978,400,99899,170,99980,100,99880,170,100001,170,99874,170,100083,170,99870,170,100094,100,99859,100,100096,100,99858,100,100116,100,99827,100,100119,100,99795,100,100185,100,99789,100
2019-06-28 09:40:10.000000000,99968,270,99922,170,99978,400,99899,170,99980,100,99880,170,100001,170,99874,170,100083,170,99870,170,100094,100,99859,100,100096,100,99858,100,100116,100,99827,100,100119,100,99795,100,100185,100,99789,100
2019-06-28 09:40:20.000000000,99968,288,99922,188,99978,418,99899,188,99980,118,99880,188,100001,188,99874,188,100083,100,99870,100,100094,100,99859,100,100096,100,99858,100,100116,100,99827,100,100119,100,99795,100,100185,100,99789,100
2019-06-28 09:40:30.000000000,99968,288,99922,188,99978,418,99899,188,99980,118,99880,188,100001,188,99874,188,100083,100,99870,100,100094,100,99859,100,100096,100,99858,100,100116,100,99827,100,100119,100,99795,100,100185,100,99789,100
2019-06-28 09:40:40.000000000,99968,288,99922,188,99978,418,99899,188,99980,118,99880,188,100001,188,99874,188,100083,100,99870,100,100094,100,99859,100,100096,100,99858,100,100116,100,99827,100,100119,100,99795,100,100185,100,99789,100
2019-06-28 09:40:46.928181556,99968,288,99922,88,99978,418,99899,188,99980,118,99880,188,100001,188,99874,188,100083,100,99870,100,100094,100,99859,100,100096,100,99858,100,100116,100,99827,100,100119,100,99795,100,100185,100,99789,100
2019-06-28 09:40:48.235221295,99968,288,99922,88,99978,418,99899,188,99980,118,99880,188,100001,188,99874,88,100083,100,99870,100,100094,100,99859,100,100096,100,99858,100,100116,100,99827,100,100119,100,99795,100,100185,100,99789,100
2019-06-28 09:40:50.000000000,99968,270,99899,170,99978,400,99880,170,99980,100,99870,170,100001,170,99859,170,100083,170,99858,170,100094,100,99827,100,100096,100,99795,100,100116,100,99789,100,100119,100,99765,100,100185,100,99709,100
2019-06-28 09:40:58.847085740,99968,270,99899,170,99978,400,99880,170,99980,100,99870,170,100001,170,99859,170,100083,170,99858,170,100094,100,99827,100,100096,100,99795,100,100116,100,99789,100,100119,100,99765,100,100185,100,99709,100
2019-06-28 09:41:00.000000000,99968,375,99899,275,99978,505,99880,275,99980,30,99870,100,100001,100,99859,100,100083,100,99858,100,100094,100,99827,100,100096,100,99795,100,100116,100,99789,100,100119,100,99765,100,100185,100,99709,100
2019-06-28 09:41:10.000000000,99968,288,99899,188,99978,418,99880,188,99980,118,99870,188,100001,188,99859,188,100083,100,99858,100,100094,100,99827,100,100096,100,99795,100,100116,100,99789,100,100119,100,99765,100,100185,100,99709,100
2019-06-28 09:41:20.000000000,99968,270,99899,170,99978,400,99880,170,99980,100,99870,170,100001,170,99859,170,100083,170,99858,170,100094,100,99827,100,100096,100,99795,100,100116,100,99789,100,100119,100,99765,100,100185,100,99709,100
2019-06-28 09:41:29.151398477,99968,270,99899,170,99978,400,99880,170,99980,100,99870,170,100001,170,99859,170,100083,170,99858,170,100094,100,99827,100,100096,100,99789,100,100116,100,99765,100,100119,100,99709,100,100185,100,99689,100
2019-06-28 09:41:30.000000000,99968,319,99899,219,99978,446,99880,216,99980,146,99870,216,100001,100,99859,100,100083,100,99858,100,100094,100,99827,100,100096,100,99789,100,100116,100,99765,100,100119,100,99709,100,100185,100,99689,100
2019-06-28 09:41:35.261561623,99968,319,99899,119,99978,446,99880,216,99980,146,99870,216,100001,100,99859,100,100083,100,99858,100,100094,100,99827,100,100096,100,99765,100,100116,100,99709,100,100119,100,99689,100,100185,100,99642,100
2019-06-28 09:41:40.000000000,99968,288,99880,188,99978,418,99870,188,99980,118,99859,188,100001,188,99858,188,100083,100,99827,100,100094,100,99765,100,100096,100,99709,100,100116,100,99689,100,100119,100,99642,100,100185,100,99623,100
2019-06-28 09:41:50.000000000,99968,550,99880,450,99978,330,99870,100,99980,30,99859,100,100001,100,99858,100,100083,100,99827,100,100094,100,99765,100,100096,100,99709,100,100116,100,99689,100,100119,100,99642,100,100185,100,99623,100
2019-06-28 09:42:00.000000000,99968,270,99880,170,99978,400,99870,170,99980,100,99859,170,100001,170,99858,170,100083,170,99827,170,100094,100,99765,100,100096,100,99709,100,100116,100,99689,100,100119,100,99642,100,100185,100,99623,100
2019-06-28 09:42:10.000000000,99968,375,99880,275,99978,505,99870,275,99980,30,99859,100,100001,100,99858,100,100083,100,99827,100,100094,100,99765,100,100096,100,99709,100,100116,100,99689,100,100119,100,99642,100,100185,100,99623,100
2019-06-28 09:42:12.566660454,99922,100,99880,275,99968,375,99870,275,99978,505,99859,100,99980,30,99858,100,100001,100,99827,100,100083,100,99765,100,100096,100,99709,100,100116,100,99689,100,100119,100,99642,100,100185,100,99623,100
2019-06-28 09:42:14.832399467,99922,100,99880,175,99968,375,99870,275,99978,505,99859,100,99980,30,99858,100,100001,100,99827,100,100083,100,99765,100,100096,100,99709,100,100116,100,99689,100,100119,100,99642,100,100185,100,99623,100
2019-06-28 09:42:20.000000000,99922,275,99870,275,99968,375,99859,275,99978,330,99858,100,99980,30,99827,100,100001,100,99765,100,100083,100,99709,100,100096,100,99689,100,100116,100,99642,100,100119,100,99623,100,100185,100,99621,100
2019-06-28 09:42:30.000000000,99922,450,99870,450,99968,200,99859,100,99978,330,99858,100,99980,30,99827,100,100001,100,99765,100,100083,100,99709,100,100096,100,99689,100,100116,100,99642,100,100119,100,99623,100,100185,100,99621,100
2019-06-28 09:42:40.000000000,99922,219,99870,219,99968,316,99859,216,99978,446,99858,216,99980,30,99827,100,100001,100,99765,100,100083,100,99709,100,100096,100,99689,100,100116,100,99642,100,100119,100,99623,100,100185,100,99621,100
2019-06-28 09:42:50.000000000,99922,188,99870,188,99968,288,99859,188,99978,418,99858,188,99980,118,99827,188,100001,100,99765,100,100083,100,99709,100,100096,100,99689,100,100116,100,99642,100,100119,100,99623,100,100185,100,99621,100
2019-06-28 09:43:00.000000000,99922,188,99870,188,99968,288,99859,188,99978,418,99858,188,99980,118,99827,188,100001,100,99765,100,100083,100,99709,100,100096,100,99689,100,100116,100,99642,100,100119,100,99623,100,100185,100,99621,100
2019-06-28 09:43:10.000000000,99922,275,99870,275,99968,375,99859,275,99978,330,99858,100,99980,30,99827,100,100001,100,99765,100,100083,100,99709,100,100096,100,99689,100,100116,100,99642,100,100119,100,99623,100,100185,100,99621,100
2019-06-28 09:43:20.000000000,99922,450,99870,450,99968,200,99859,100,99978,330,99858,100,99980,30,99827,100,100001,100,99765,100,100083,100,99709,100,100096,100,99689,100,100116,100,99642,100,100119,100,99623,100,100185,100,99621,100
2019-06-28 09:43:22.014526523,99922,450,99870,450,99968,200,99859,100,99978,330,99858,100,99980,30,99827,100,100001,100,99765,100,100083,100,99709,100,100096,100,99689,100,100116,100,99642,100,100119,100,99623,100,100185,100,99621,100
2019-06-28 09:43:30.000000000,99922,188,99870,188,99968,288,99859,188,99978,418,99858,188,99980,118,99827,188,100001,100,99765,100,100083,100,99709,100,100096,100,99689,100,100116,100,99642,100,100119,100,99623,100,100185,100,99621,100
2019-06-28 09:43:30.765674148,99922,188,99870,88,99968,288,99859,188,99978,418,99858,188,99980,118,99827,188,100001,100,99765,100,100083,100,99709,100,100096,100,99689,100,100116,100,99642,100,100119,100,99623,100,100185,100,99621,100
2019-06-28 09:43:39.136894380,99870,12,99859,188,99922,188,99858,188,99968,288,99827,188,99978,418,99765,100,99980,118,99709,100,100001,100,99689,100,100083,100,99642,100,100096,100,99623,100,100116,100,99621,100,100119,100,99598,100
2019-06-28 09:43:40.000000000,99870,82,99859,170,99922,170,99858,170,99968,270,99827,170,99978,400,99765,170,99980,100,99709,170,100001,100,99689,100,100083,100,99642,100,100096,100,99623,100,100116,100,99621,100,100119,100,99598,100
2019-06-28 09:43:50.000000000,99870,362,99859,450,99922,100,99858,100,99968,200,99827,100,99978,330,99765,100,99980,30,99709,100,100001,100,99689,100,100083,100,99642,100,100096,100,99623,100,100116,100,99621,100,100119,100,99598,100
2019-06-28 09:44:00.000000000,99870,131,99859,219,99922,216,99858,216,99968,316,99827,216,99978,330,99765,100,99980,30,99709,100,100001,100,99689,100,100083,100,99642,100,100096,100,99623,100,100116,100,99621,100,100119,100,99598,100
2019-06-28 09:44:10.000000000,99870,100,99859,188,99922,188,99858,188,99968,288,99827,188,99978,418,99765,188,99980,30,99709,100,100001,100,99689,100,100083,100,99642,100,100096,100,99623,100,100116,100,99621,100,100119,100,99598,100
2019-06-28 09:44:14.075450285,99870,100,99859,188,99922,188,99858,188,99968,288,99827,188,99978,418,99765,188,99980,30,99709,100,100001,100,99689,100,100083,100,99642,100,100096,100,99623,100,100116,100,99621,100,100119,100,99598,100
2019-06-28 09:44:20.000000000,99870,362,99859,450,99922,100,99858,100,99968,200,99827,100,99978,330,99765,100,99980,30,99709,100,100001,100,99689,100,100083,100,99642,100,100096,100,99623,100,100116,100,99621,100,100119,100,99598,100
2019-06-28 09:44:30.000000000,99870,187,99859,275,99922,275,99858,275,99968,200,99827,100,99978,330,99765,100,99980,30,99709,100,100001,100,99689,100,100083,100,99642,100,100096,100,99623,100,100116,100,99621,100,100119,100,99598,100
2019-06-28 09:44:37.937401020,99870,187,99859,175,99922,275,99858,275,99968,200,99827,100,99978,330,99765,100,99980,30,99709,100,100001,100,99689,100,100083,100,99642,100,100096,100,99623,100,100116,100,99621,100,100119,100,99598,100
2019-06-28 09:44:40.000000000,99870,362,99858,450,99922,100,99827,100,99968,200,99765,100,99978,330,99709,100,99980,30,99689,100,100001,100,99642,100,100083,100,99623,100,100096,100,99621,100,100116,100,99598,100,100119,100,99555,100
2019-06-28 09:44:50.000000000,99870,100,99858,188,99922,188,99827,188,99968,288,99765,188,99978,418,99709,188,99980,30,99689,100,100001,100,99642,100,100083,100,99623,100,100096,100,99621,100,100116,100,99598,100,100119,100,99555,100
2019-06-28 09:45:00.000000000,99870,187,99858,275,99922,275,99827,275,99968,200,99765,100,99978,330,99709,100,99980,30,99689,100,100001,100,99642,100,100083,100,99623,100,100096,100,99621,100,100116,100,99598,100,100119,100,99555,100
2019-06-28 09:45:10.000000000,99870,187,99858,275,99922,275,99827,275,99968,200,99765,100,99978,330,99709,100,99980,30,99689,100,100001,100,99642,100,100083,100,99623,100,100096,100,99621,100,100116,100,99598,100,100119,100,99555,100
2019-06-28 09:45:20.000000000,99870,362,99858,450,99922,100,99827,100,99968,200,99765,100,99978,330,99709,100,99980,30,99689,100,100001,100,99642,100,100083,100,99623,100,100096,100,99621,100,100116,100,99598,100,100119,100,99555,100
2019-06-28 09:45:30.000000000,99870,131,99858,219,99922,216,99827,216,99968,316,99765,216,99978,330,99709,100,99980,30,99689,100,100001,100,99642,100,100083,100,99623,100,100096,100,99621,100,100116,100,99598,100,100119,100,99555,100
2019-06-28 09:45:40.000000000,99870,131,99858,219,99922,216,99827,216,99968,316,99765,216,99978,330,99709,100,99980,30,99689,100,100001,100,99642,100,100083,100,99623,100,100096,100,99621,100,100116,100,99598,100,100119,100,99555,100
2019-06-28 09:45:48.985719470,99870,131,99858,219,99922,216,99827,216,99968,316,99765,216,99978,330,99709,100,99980,30,99689,100,100001,100,99642,100,100083,100,99623,100,100096,100,99621,100,100116,100,99598,100,100119,100,99555,100
2019-06-28 09:45:50.000000000,99870,82,99858,170,99922,170,99827,170,99968,270,99765,170,99978,400,99709,170,99980,100,99689,170,100001,100,99642,100,100083,100,99623,100,100096,100,99621,100,100116,100,99598,100,100119,100,99555,100
2019-06-28 09:46:00.000000000,99870,131,99858,219,99922,216,99827,216,99968,316,99765,216,99978,330,99709,100,99980,30,99689,100,100001,100,99642,100,100083,100,99623,100,100096,100,99621,100,100116,100,99598,100,100119,100,99555,100
2019-06-28 09:46:04.432427475,99870,131,99858,219,99922,216,99827,216,99968,316,99765,216,99978,330,99709,100,99980,30,99689,100,100001,100,99642,100,100083,100,99623,100,100096,100,99621,100,100116,100,99555,100,100119,100,99494,100
2019-06-28 09:46:10.000000000,99870,187,99858,275,99922,275,99827,275,99968,200,99765,100,99978,330,99709,100,99980,30,99689,100,100001,100,99642,100,100083,100,99623,100,100096,100,99621,100,100116,100,99555,100,100119,100,99494,100
2019-06-28 09:46:20.000000000,99870,187,99858,275,99922,275,99827,275,99968,200,99765,100,99978,330,99709,100,99980,30,99689,100,100001,100,99642,100,100083,100,99623,100,100096,100,99621,100,100116,100,99555,100,100119,100,99494,100
2019-06-28 09:46:30.000000000,99870,131,99858,219,99922,216,99827,216,99968,316,99765,216,99978,330,99709,100,99980,30,99689,100,100001,100,99642,100,100083,100,99623,100,100096,100,99621,100,100116,100,99555,100,100119,100,99494,100
2019-06-28 09:46:40.000000000,99870,131,99858,219,99922,216,99827,216,99968,316,99765,216,99978,330,99709,100,99980,30,99689,100,100001,100,99642,100,100083,100,99623,100,100096,100,99621,100,100116,100,99555,100,100119,100,99494,100
2019-06-28 09:46:43.604743354,99870,131,99858,119,99922,216,99827,216,99968,316,99765,216,99978,330,99709,100,99980,30,99689,100,100001,100,99642,100,100083,100,99623,100,100096,100,99621,100,100116,100,99555,100,100119,100,99494,100
2019-06-28 09:46:43.861923657,99870,131,99858,119,99922,216,99827,216,99968,216,99765,216,99978,330,99709,100,99980,30,99689,100,100001,100,99642,100,100083,100,99623,100,100096,100,99621,100,100116,100,99555,100,100119,100,99494,100
2019-06-28 09:46:48.464126884,99870,131,99858,19,99922,216,99827,216,99968,216,99765,216,99978,330,99709,100,99980,30,99689,100,100001,100,99642,100,100083,100,99623,100,100096,100,99621,100,100116,100,99555,100,100119,100,99494,100
2019-06-28 09:46:50.000000000,99870,187,99827,275,99922,275,99765,275,99968,100,99709,100,99978,330,99689,100,99980,30,99642,100,100001,100,99623,100,100083,100,99621,100,100096,100,99555,100,100116,100,99494,100,100119,100,99477,100
2019-06-28 09:46:53.843988573,99870,187,99827,275,99922,275,99765,275,99968,100,99709,100,99978,330,99689,100,99980,30,99642,100,100001,100,99623,100,100083,100,99555,100,100096,100,99494,100,100116,100,99477,100,100119,100,99432,100
2019-06-28 09:46:57.758678647,99870,187,99827,275,99922,275,99765,275,99968,100,99709,100,99978,330,99689,100,99980,30,99642,100,100001,100,99623,100,100083,100,99555,100,100096,100,99494,100,100116,100,99477,100,100119,100,99432,100
2019-06-28 09:47:00.000000000,99870,187,99827,275,99922,275,99765,275,99968,100,99709,100,99978,330,99689,100,99980,30,99642,100,100001,100,99623,100,100083,100,99555,100,100096,100,99494,100,100116,100,99477,100,100119,100,99432,100
2019-06-28 09:47:09.504112274,99870,187,99827,275,99922,275,99765,275,99968,100,99709,100,99978,330,99689,100,99980,30,99642,100,100001,100,99623,100,100083,100,99555,100,100096,100,99494,100,100116,100,99477,100,100119,100,99432,100
2019-06-28 09:47:10.000000000,99870,362,99827,450,99922,100,99765,100,99968,100,99709,100,99978,330,99689,100,99980,30,99642,100,100001,100,99623,100,100083,100,99555,100,100096,100,99494,100,100116,100,99477,100,100119,100,99432,100
2019-06-28 09:47:17.346885468,99870,362,99827,450,99922,100,99765,100,99968,100,99709,100,99978,330,99689,100,99980,30,99642,100,100001,100,99623,100,100083,100,99494,100,100096,100,99477,100,100116,100,99432,100,100119,100,99431,100
2019-06-28 09:47:20.000000000,99870,100,99827,188,99922,188,99765,188,99968,188,99709,188,99978,418,99689,188,99980,30,99642,100,100001,100,99623,100,100083,100,99494,100,100096,100,99477,100,100116,100,99432,100,100119,100,99431,100
2019-06-28 09:47:30.000000000,99870,82,99827,170,99922,170,99765,170,99968,170,99709,170,99978,400,99689,170,99980,100,99642,170,100001,100,99623,100,100083,100,99494,100,100096,100,99477,100,100116,100,99432,100,100119,100,99431,100
2019-06-28 09:47:40.000000000,99870,100,99827,188,99922,188,99765,188,99968,188,99709,188,99978,418,99689,188,99980,30,99642,100,100001,100,99623,100,100083,100,99494,100,100096,100,99477,100,100116,100,99432,100,100119,100,99431,100
2019-06-28 09:47:50.000000000,99870,100,99827,188,99922,188,99765,188,99968,188,99709,188,99978,418,99689,188,99980,30,99642,100,100001,100,99623,100,100083,100,99494,100,100096,100,99477,100,100116,100,99432,100,100119,100,99431,100
2019-06-28 09:48:00.000000000,99870,131,99827,219,99922,216,99765,216,99968,216,99709,216,99978,330,99689,100,99980,30,99642,100,100001,100,99623,100,100083,100,99494,100,100096,100,99477,100,100116,100,99432,100,100119,100,99431,100
2019-06-28 09:48:10.000000000,99870,100,99827,188,99922,188,99765,188,99968,188,99709,188,99978,418,99689,188,99980,30,99642,100,100001,100,99623,100,100083,100,99494,100,100096,100,99477,100,100116,100,99432,100,100119,100,99431,100
2019-06-28 09:48:20.000000000,99870,82,99827,170,99922,170,99765,170,99968,170,99709,170,99978,400,99689,170,99980,100,99642,170,100001,100,99623,100,100083,100,99494,100,100096,100,99477,100,100116,100,99432,100,100119,100,99431,100
2019-06-28 09:48:27.558685271,99870,82,99827,170,99922,170,99765,170,99968,170,99709,170,99978,370,99689,170,99980,100,99642,170,100001,100,99623,100,100083,100,99494,100,100096,100,99477,100,100116,100,99432,100,100119,100,99431,100
2019-06-28 09:48:29.345149758,99870,82,99827,70,99922,170,99765,170,99968,170,99709,170,99978,370,99689,170,99980,100,99642,170,100001,100,99623,100,100083,100,99494,100,100096,100,99477,100,100116,100,99432,100,100119,100,99431,100
2019-06-28 09:48:30.000000000,99870,100,99765,188,99922,188,99709,188,99968,188,99689,188,99978,388,99642,188,99980,30,99623,100,100001,100,99494,100,100083,100,99477,100,100096,100,99432,100,100116,100,99431,100,100119,100,99393,100
2019-06-28 09:48:40.000000000,99870,100,99765,188,99922,188,99709,188,99968,188,99689,188,99978,388,99642,188,99980,30,99623,100,100001,100,99494,100,100083,100,99477,100,100096,100,99432,100,100116,100,99431,100,100119,100,99393,100
2019-06-28 09:48:50.000000000,99870,100,99765,188,99922,188,99709,188,99968,188,99689,188,99978,388,99642,188,99980,30,99623,100,100001,100,99494,100,100083,100,99477,100,100096,100,99432,100,100116,100,99431,100,100119,100,99393,100
2019-06-28 09:49:00.000000000,99870,362,99765,450,99922,100,99709,100,99968,100,99689,100,99978,300,99642,100,99980,30,99623,100,100001,100,99494,100,100083,100,99477,100,100096,100,99432,100,100116,100,99431,100,100119,100,99393,100
2019-06-28 09:49:04.157427157,99870,362,99765,350,99922,100,99709,100,99968,100,99689,100,99978,300,99642,100,99980,30,99623,100,100001,100,99477,100,100083,100,99432,100,100096,100,99431,100,100116,100,99393,100,100119,100,99269,100
2019-06-28 09:49:10.000000000,99870,82,99709,170,99922,170,99689,170,99968,170,99642,170,99978,370,99623,170,99980,100,99477,170,100001,100,99432,100,100083,100,99431,100,100096,100,99393,100,100116,100,99269,100,100119,100,99254,100
2019-06-28 09:49:20.000000000,99870,82,99709,170,99922,170,99689,170,99968,170,99642,170,99978,370,99623,170,99980,100,99477,170,100001,100,99432,100,100083,100,99431,100,100096,100,99393,100,100116,100,99269,100,100119,100,99254,100
2019-06-28 09:49:30.000000000,99870,82,99709,170,99922,170,99689,170,99968,170,99642,170,99978,370,99623,170,99980,100,99477,170,100001,100,99432,100,100083,100,99431,100,100096,100,99393,100,100116,100,99269,100,100119,100,99254,100
2019-06-28 09:49:40.000000000,99870,187,99709,275,99922,275,99689,275,99968,100,99642,100,99978,300,99623,100,99980,30,99477,100,100001,100,99432,100,100083,100,99431,100,100096,100,99393,100,100116,100,99269,100,100119,100,99254,100
2019-06-28 09:49:50.000000000,99870,131,99709,219,99922,216,99689,216,99968,216,99642,216,99978,300,99623,100,99980,30,99477,100,100001,100,99432,100,100083,100,99431,100,100096,100,99393,100,100116,100,99269,100,100119,100,99254,100
2019-06-28 09:50:00.000000000,99870,131,99709,219,99922,216,99689,216,99968,216,99642,216,99978,300,99623,100,99980,30,99477,100,100001,100,99432,100,100083,100,99431,100,100096,100,99393,100,100116,100,99269,100,100119,100,99254,100
2019-06-28 09:50:10.000000000,99870,100,99709,188,99922,188,99689,188,99968,188,99642,188,99978,388,99623,188,99980,30,99477,100,100001,100,99432,100,100083,100,99431,100,100096,100,99393,100,100116,100,99269,100,100119,100,99254,100
2019-06-28 09:50:20.000000000,99870,82,99709,170,99922,170,99689,170,99968,170,99642,170,99978,370,99623,170,99980,100,99477,170,100001,100,99432,100,100083,100,99431,100,100096,100,99393,100,100116,100,99269,100,100119,100,99254,100
2019-06-28 09:50:30.000000000,99870,82,99709,170,99922,170,99689,170,99968,170,99642,170,99978,370,99623,170,99980,100,99477,170,100001,100,99432,100,100083,100,99431,100,100096,100,99393,100,100116,100,99269,100,100119,100,99254,100
2019-06-28 09:50:32.695319600,99870,82,99709,170,99922,170,99689,170,99968,170,99642,170,99978,370,99623,170,99980,100,99477,170,100001,100,99432,100,100083,100,99431,100,100096,100,99393,100,100116,100,99269,100,100119,100,99262,100
2019-06-28 09:50:40.000000000,99870,187,99709,275,99922,275,99689,275,99968,100,99642,100,99978,300,99623,100,99980,30,99477,100,100001,100,99432,100,100083,100,99431,100,100096,100,99393,100,100116,100,99269,100,100119,100,99262,100
2019-06-28 09:50:50.000000000,99870,131,99709,219,99922,216,99689,216,99968,216,99642,216,99978,300,99623,100,99980,30,99477,100,100001,100,99432,100,100083,100,99431,100,100096,100,99393,100,100116,100,99269,100,100119,100,99262,100
2019-06-28 09:51:00.000000000,99870,100,99709,188,99922,188,99689,188,99968,188,99642,188,99978,388,99623,188,99980,30,99477,100,100001,100,99432,100,100083,100,99431,100,100096,100,99393,100,100116,100,99269,100,100119,100,99262,100
2019-06-28 09:51:01.117685139,99827,100,99709,188,99870,100,99689,188,99922,188,99642,188,99968,188,99623,188,99978,388,99477,100,99980,30,99432,100,100083,100,99431,100,100096,100,99393,100,100116,100,99269,100,100119,100,99262,100
2019-06-28 09:51:01.765133612,99827,100,99709,88,99870,100,99689,188,99922,188,99642,188,99968,188,99623,188,99978,388,99477,100,99980,30,99432,100,100083,100,99431,100,100096,100,99393,100,100116,100,99269,100,100119,100,99262,100
2019-06-28 09:51:03.742894163,99709,12,99689,188,99827,100,99642,188,99870,100,99623,188,99922,188,99477,100,99968,188,99432,100,99978,388,99431,100,99980,30,99393,100,100083,100,99262,100,100096,100,99254,100,100116,100,99075,100
2019-06-28 09:51:04.311751673,99709,112,99689,188,99827,100,99642,188,99870,100,99623,188,99922,188,99477,100,99968,188,99432,100,99978,388,99431,100,99980,30,99393,100,100083,100,99262,100,100096,100,99254,100,100116,100,99075,100
2019-06-28 09:51:10.000000000,99709,462,99689,450,99827,100,99642,100,99870,12,99623,100,99922,100,99477,100,99968,100,99432,100,99978,300,99431,100,99980,30,99393,100,100083,100,99262,100,100096,100,99254,100,100116,100,99075,100
2019-06-28 09:51:10.419615069,99709,462,99689,350,99827,100,99642,100,99870,12,99623,100,99922,100,99477,100,99968,100,99432,100,99978,300,99431,100,99980,30,99393,100,100083,100,99262,100,100096,100,99254,100,100116,100,99075,100
2019-06-28 09:51:11.689059244,99709,462,99689,350,99827,100,99642,100,99870,12,99623,100,99922,100,99477,100,99968,100,99432,100,99978,300,99431,100,99980,30,99393,100,100083,100,99262,100,100096,100,99254,100,100116,100,99248,100
2019-06-28 09:51:17.941498706,99708,100,99689,350,99709,462,99642,100,99827,100,99623,100,99870,12,99477,100,99922,100,99432,100,99978,300,99431,100,99980,30,99393,100,100083,100,99262,100,100096,100,99254,100,100116,100,99248,100
2019-06-28 09:51:20.000000000,99708,219,99642,219,99709,228,99623,216,99827,216,99477,216,99870,12,99432,100,99922,100,99431,100,99978,300,99393,100,99980,30,99262,100,100083,100,99254,100,100096,100,99248,100,100116,100,99075,100
2019-06-28 09:51:30.000000000,99708,170,99642,170,99709,182,99623,170,99827,170,99477,170,99870,82,99432,170,99922,170,99431,170,99978,300,99393,100,99980,30,99262,100,100083,100,99254,100,100096,100,99248,100,100116,100,99075,100
2019-06-28 09:51:34.322847377,99708,170,99642,170,99709,82,99623,170,99827,170,99477,170,99870,82,99432,170,99922,170,99431,170,99978,300,99393,100,99980,30,99262,100,100083,100,99254,100,100096,100,99248,100,100116,100,99075,100
2019-06-28 09:51:40.000000000,99708,188,99642,188,99709,100,99623,188,99827,188,99477,188,99870,100,99432,188,99922,100,99431,100,99978,300,99393,100,99980,30,99262,100,100083,100,99254,100,100096,100,99248,100,100116,100,99075,100
2019-06-28 09:51:43.553920308,99708,188,99642,88,99709,100,99623,188,99827,188,99477,188,99870,100,99432,188,99922,100,99431,100,99978,300,99393,100,99980,30,99262,100,100083,100,99254,100,100096,100,99248,100,100116,100,99075,100
2019-06-28 09:51:45.860185178,99708,188,99642,88,99709,100,99623,188,99764,100,99477,88,99827,188,99432,188,99870,100,99431,100,99922,100,99393,100,99978,300,99262,100,99980,30,99254,100,100083,100,99248,100,100096,100,99075,100
2019-06-28 09:51:50.000000000,99708,219,99623,219,99709,128,99432,216,99764,216,99431,216,99827,100,99393,100,99870,12,99262,100,99922,100,99254,100,99978,300,99248,100,99980,30,99075,100,100083,100,99016,100,100096,100,99003,100
2019-06-28 09:51:52.784969606,99708,219,99623,219,99709,128,99536,100,99764,216,99432,116,99827,100,99431,216,99870,12,99393,100,99922,100,99262,100,99978,300,99254,100,99980,30,99248,100,100083,100,99075,100,100096,100,99016,100
2019-06-28 09:51:59.538106583,99708,219,99623,219,99709,128,99536,100,99741,100,99432,116,99764,216,99431,216,99827,100,99393,100,99870,12,99262,100,99922,100,99254,100,99978,300,99248,100,99980,30,99075,100,100083,100,99016,100
2019-06-28 09:52:00.000000000,99708,450,99623,450,99709,12,99536,100,99741,100,99431,100,99764,100,99393,100,99827,100,99262,100,99870,12,99254,100,99922,100,99248,100,99978,300,99075,100,99980,30,99016,100,100083,100,99003,100
2019-06-28 09:52:05.227369414,99708,450,99623,450,99709,12,99536,100,99741,100,99431,100,99764,100,99393,100,99827,100,99262,100,99860,100,99254,100,99870,12,99248,100,99922,100,99075,100,99978,300,99016,100,100083,100,99003,100
2019-06-28 09:52:10.000000000,99708,450,99623,450,99709,12,99536,100,99741,100,99431,100,99764,100,99393,100,99827,100,99262,100,99860,100,99254,100,99870,12,99248,100,99922,100,99075,100,99978,300,99016,100,100083,100,99003,100
2019-06-28 09:52:15.663573010,99708,450,99623,450,99709,12,99536,100,99741,100,99431,100,99827,100,99393,100,99860,100,99262,100,99870,12,99254,100,99894,100,99248,100,99922,100,99075,100,99978,300,99016,100,100083,100,99003,100
2019-06-28 09:52:20.000000000,99708,450,99623,450,99709,12,99536,100,99741,100,99431,100,99827,100,99393,100,99860,100,99262,100,99870,12,99254,100,99894,100,99248,100,99922,100,99075,100,99978,300,99016,100,100083,100,99003,100
2019-06-28 09:52:20.044391960,99708,450,99623,450,99709,12,99536,100,99741,100,99444,100,99827,100,99431,100,99860,100,99393,100,99894,100,99262,100,99922,100,99254,100,99978,300,99248,100,100083,100,99075,100,100096,100,99016,100
2019-06-28 09:52:30.000000000,99708,450,99623,450,99709,12,99536,100,99741,100,99444,100,99827,100,99431,100,99860,100,99393,100,99894,100,99262,100,99922,100,99254,100,99978,300,99248,100,100083,100,99075,100,100096,100,99016,100
2019-06-28 09:52:40.000000000,99708,450,99623,450,99709,12,99536,100,99741,100,99444,100,99827,100,99431,100,99860,100,99393,100,99894,100,99262,100,99922,100,99254,100,99978,300,99248,100,100083,100,99075,100,100096,100,99016,100
2019-06-28 09:52:43.511900789,99708,350,99623,450,99709,12,99536,100,99741,100,99444,100,99827,100,99431,100,99860,100,99393,100,99894,100,99262,100,99922,100,99254,100,99978,300,99248,100,100083,100,99075,100,100096,100,99016,100
2019-06-28 09:52:50.000000000,99709,131,99623,219,99741,216,99536,216,99827,216,99444,216,99860,100,99431,100,99894,100,99393,100,99922,100,99262,100,99978,300,99254,100,100083,100,99248,100,100096,100,99075,100,100116,100,99016,100
2019-06-28 09:52:56.007948497,99709,131,99643,100,99741,216,99623,219,99827,216,99536,216,99860,100,99444,216,99894,100,99431,100,99922,100,99393,100,99978,200,99262,100,100083,100,99254,100,100096,100,99248,100,100116,100,99075,100
2019-06-28 09:53:00.000000000,99709,82,99643,170,99741,170,99623,170,99827,170,99536,170,99860,170,99444,170,99894,170,99431,170,99922,100,99393,100,99978,200,99262,100,100083,100,99254,100,100096,100,99248,100,100116,100,99075,100
2019-06-28 09:53:10.000000000,99709,131,99643,219,99741,216,99623,216,99827,216,99536,216,99860,100,99444,100,99894,100,99431,100,99922,100,99393,100,99978,200,99262,100,100083,100,99254,100,100096,100,99248,100,100116,100,99075,100
2019-06-28 09:53:20.000000000,99709,362,99643,450,99741,100,99623,100,99827,100,99536,100,99860,100,99444,100,99894,100,99431,100,99922,100,99393,100,99978,200,99262,100,100083,100,99254,100,100096,100,99248,100,100116,100,99075,100
2019-06-28 09:53:24.666155316,99709,362,99643,450,99741,100,99642,100,99827,100,99623,100,99860,100,99536,100,99894,100,99444,100,99922,100,99431,100,99978,200,99393,100,100083,100,99262,100,100096,100,99254,100,100116,100,99248,100
2019-06-28 09:53:30.000000000,99709,82,99643,170,99741,170,99642,170,99827,170,99623,170,99860,170,99536,170,99894,170,99444,170,99922,100,99431,100,99978,200,99393,100,100083,100,99262,100,100096,100,99254,100,100116,100,99248,100
2019-06-28 09:53:40.000000000,99709,362,99643,450,99741,100,99642,100,99827,100,99623,100,99860,100,99536,100,99894,100,99444,100,99922,100,99431,100,99978,200,99393,100,100083,100,99262,100,100096,100,99254,100,100116,100,99248,100
2019-06-28 09:53:50.000000000,99709,362,99643,450,99741,100,99642,100,99827,100,99623,100,99860,100,99536,100,99894,100,99444,100,99922,100,99431,100,99978,200,99393,100,100083,100,99262,100,100096,100,99254,100,100116,100,99248,100
2019-06-28 09:54:00.000000000,99709,187,99643,275,99741,275,99642,275,99827,100,99623,100,99860,100,99536,100,99894,100,99444,100,99922,100,99431,100,99978,200,99393,100,100083,100,99262,100,100096,100,99254,100,100116,100,99248,100
2019-06-28 09:54:10.000000000,99709,187,99643,275,99741,275,99642,275,99827,100,99623,100,99860,100,99536,100,99894,100,99444,100,99922,100,99431,100,99978,200,99393,100,100083,100,99262,100,100096,100,99254,100,100116,100,99248,100
2019-06-28 09:54:20.000000000,99709,100,99643,188,99741,188,99642,188,99827,188,99623,188,99860,188,99536,188,99894,100,99444,100,99922,100,99431,100,99978,200,99393,100,100083,100,99262,100,100096,100,99254,100,100116,100,99248,100
2019-06-28 09:54:30.000000000,99709,187,99643,275,99741,275,99642,275,99827,100,99623,100,99860,100,99536,100,99894,100,99444,100,99922,100,99431,100,99978,200,99393,100,100083,100,99262,100,100096,100,99254,100,100116,100,99248,100
2019-06-28 09:54:40.000000000,99709,100,99643,188,99741,188,99642,188,99827,188,99623,188,99860,188,99536,188,99894,100,99444,100,99922,100,99431,100,99978,200,99393,100,100083,100,99262,100,100096,100,99254,100,100116,100,99248,100
2019-06-28 09:54:44.963280681,99709,100,99643,188,99741,188,99642,188,99827,188,99623,188,99860,188,99536,188,99894,100,99444,100,99922,100,99431,100,99978,200,99393,100,100083,100,99262,100,100096,100,99254,100,100116,100,99248,100
2019-06-28 09:54:50.000000000,99709,187,99643,275,99741,275,99642,275,99827,100,99623,100,99860,100,99536,100,99894,100,99444,100,99922,100,99431,100,99978,200,99393,100,100083,100,99262,100,100096,100,99254,100,100116,100,99248,100
2019-06-28 09:54:59.831372048,99709,187,99643,175,99741,275,99642,275,99827,100,99623,100,99860,100,99536,100,99894,100,99444,100,99922,100,99431,100,99978,200,99393,100,100083,100,99262,100,100096,100,99254,100,100116,100,99248,100
2019-06-28 09:55:00.000000000,99709,100,99642,188,99741,188,99623,188,99827,188,99536,188,99860,188,99444,188,99894,100,99431,100,99922,100,99393,100,99978,200,99262,100,100083,100,99254,100,100096,100,99248,100,100116,100,99016,100
2019-06-28 09:55:00.006759604,99709,100,99642,88,99741,188,99623,188,99827,188,99536,188,99860,188,99444,188,99894,100,99431,100,99922,100,99393,100,99978,200,99262,100,100083,100,99254,100,100096,100,99248,100,100116,100,99016,100
2019-06-28 09:55:02.816073219,99709,100,99642,88,99741,188,99623,188,99827,188,99536,188,99860,188,99444,188,99894,100,99431,100,99922,100,99393,100,99978,200,99262,100,100083,100,99254,100,100096,100,99248,100,100116,100,99016,100
2019-06-28 09:55:08.183145448,99709,100,99642,88,99741,188,99623,188,99827,188,99536,188,99860,188,99444,188,99894,100,99431,100,99922,100,99393,100,99978,200,99262,100,100083,100,99254,100,100096,100,99248,100,100116,100,99016,100
2019-06-28 09:55:10.000000000,99709,131,99623,219,99741,216,99536,216,99827,216,99444,216,99860,100,99431,100,99894,100,99393,100,99922,100,99262,100,99978,200,99254,100,100083,100,99248,100,100096,100,99016,100,100116,100,99003,100
2019-06-28 09:55:20.000000000,99709,362,99623,450,99741,100,99536,100,99827,100,99444,100,99860,100,99431,100,99894,100,99393,100,99922,100,99262,100,99978,200,99254,100,100083,100,99248,100,100096,100,99016,100,100116,100,99003,100
2019-06-28 09:55:29.653299140,99709,362,99623,450,99741,100,99536,100,99827,100,99444,100,99860,100,99431,100,99894,100,99393,100,99922,100,99262,100,99978,200,99254,100,100083,100,99248,100,100096,100,99148,100,100116,100,99016,100
2019-06-28 09:55:30.000000000,99709,82,99623,170,99741,170,99536,170,99827,170,99444,170,99860,170,99431,170,99894,170,99393,170,99922,100,99262,100,99978,200,99254,100,100083,100,99248,100,100096,100,99148,100,100116,100,99016,100
2019-06-28 09:55:40.000000000,99709,362,99623,450,99741,100,99536,100,99827,100,99444,100,99860,100,99431,100,99894,100,99393,100,99922,100,99262,100,99978,200,99254,100,100083,100,99248,100,100096,100,99148,100,100116,100,99016,100
2019-06-28 09:55:50.000000000,99709,131,99623,219,99741,216,99536,216,99827,216,99444,216,99860,100,99431,100,99894,100,99393,100,99922,100,99262,100,99978,200,99254,100,100083,100,99248,100,100096,100,99148,100,100116,100,99016,100
2019-06-28 09:56:00.000000000,99709,187,99623,275,99741,275,99536,275,99827,100,99444,100,99860,100,99431,100,99894,100,99393,100,99922,100,99262,100,99978,200,99254,100,100083,100,99248,100,100096,100,99148,100,100116,100,99016,100
2019-06-28 09:56:10.000000000,99709,131,99623,219,99741,216,99536,216,99827,216,99444,216,99860,100,99431,100,99894,100,99393,100,99922,100,99262,100,99978,200,99254,100,100083,100,99248,100,100096,100,99148,100,100116,100,99016,100
2019-06-28 09:56:11.255439751,99709,131,99623,219,99741,216,99536,216,99827,216,99444,216,99860,100,99431,100,99894,100,99393,100,99922,100,99262,100,99978,200,99254,100,100096,100,99248,100,100116,100,99148,100,100119,100,99016,100
2019-06-28 09:56:20.000000000,99709,82,99623,170,99741,170,99536,170,99827,170,99444,170,99860,170,99431,170,99894,170,99393,170,99922,100,99262,100,99978,200,99254,100,100096,100,99248,100,100116,100,99148,100,100119,100,99016,100
2019-06-28 09:56:30.000000000,99709,131,99623,219,99741,216,99536,216,99827,216,99444,216,99860,100,99431,100,99894,100,99393,100,99922,100,99262,100,99978,200,99254,100,100096,100,99248,100,100116,100,99148,100,100119,100,99016,100
2019-06-28 09:56:40.000000000,99709,131,99623,219,99741,216,99536,216,99827,216,99444,216,99860,100,99431,100,99894,100,99393,100,99922,100,99262,100,99978,200,99254,100,100096,100,99248,100,100116,100,99148,100,100119,100,99016,100
2019-06-28 09:56:43.993938362,99709,131,99623,219,99741,216,99536,216,99827,216,99444,216,99860,100,99431,100,99894,100,99393,100,99922,100,99380,100,99978,200,99262,100,100096,100,99254,100,100116,100,99248,100,100119,100,99148,100
2019-06-28 09:56:44.108733139,99709,131,99623,119,99741,216,99536,216,99827,216,99444,216,99860,100,99431,100,99894,100,99393,100,99922,100,99380,100,99978,200,99262,100,100096,100,99254,100,100116,100,99248,100,100119,100,99148,100
2019-06-28 09:56:50.000000000,99709,362,99536,450,99741,100,99444,100,99827,100,99431,100,99860,100,99393,100,99894,100,99380,100,99922,100,99262,100,99978,200,99254,100,100096,100,99248,100,100116,100,99148,100,100119,100,99016,100
2019-06-28 09:57:00.000000000,99709,187,99536,275,99741,275,99444,275,99827,100,99431,100,99860,100,99393,100,99894,100,99380,100,99922,100,99262,100,99978,200,99254,100,100096,100,99248,100,100116,100,99148,100,100119,100,99016,100
2019-06-28 09:57:03.224211815,99709,187,99536,275,99741,275,99444,275,99827,100,99431,100,99860,100,99393,100,99894,100,99380,100,99922,100,99262,100,99978,200,99254,100,100096,100,99248,100,100116,100,99148,100,100119,100,99139,100
2019-06-28 09:57:05.866106020,99709,187,99536,175,99741,275,99444,275,99827,100,99431,100,99860,100,99393,100,99894,100,99380,100,99922,100,99262,100,99978,200,99254,100,100096,100,99248,100,100116,100,99148,100,100119,100,99139,100
2019-06-28 09:57:10.000000000,99709,131,99444,219,99741,216,99431,216,99827,216,99393,216,99860,100,99380,100,99894,100,99262,100,99922,100,99254,100,99978,200,99248,100,100096,100,99148,100,100116,100,99139,100,100119,100,99016,100
2019-06-28 09:57:20.000000000,99709,362,99444,450,99741,100,99431,100,99827,100,99393,100,99860,100,99380,100,99894,100,99262,100,99922,100,99254,100,99978,200,99248,100,100096,100,99148,100,100116,100,99139,100,100119,100,99016,100
2019-06-28 09:57:27.223540973,99709,362,99444,350,99741,100,99431,100,99827,100,99393,100,99860,100,99380,100,99894,100,99262,100,99922,100,99254,100,99978,200,99248,100,100096,100,99148,100,100116,100,99139,100,100119,100,99016,100
2019-06-28 09:57:30.000000000,99709,131,99431,219,99741,216,99393,216,99827,216,99380,216,99860,100,99262,100,99894,100,99254,100,99922,100,99248,100,99978,200,99148,100,100096,100,99139,100,100116,100,99016,100,100119,100,99003,100
2019-06-28 09:57:32.945721857,99709,131,99431,119,99741,216,99393,216,99827,216,99380,216,99860,100,99262,100,99894,100,99254,100,99922,100,99248,100,99978,200,99148,100,100096,100,99139,100,100116,100,99016,100,100119,100,99003,100
2019-06-28 09:57:35.783556176,99709,131,99431,19,99741,216,99393,216,99827,216,99380,216,99860,100,99262,100,99894,100,99254,100,99922,100,99248,100,99978,200,99148,100,100096,100,99139,100,100116,100,99016,100,100119,100,99003,100
2019-06-28 09:57:40.000000000,99709,187,99393,275,99741,275,99380,275,99827,100,99262,100,99860,100,99254,100,99894,100,99248,100,99922,100,99148,100,99978,200,99139,100,100096,100,99016,100,100116,100,99003,100,100119,100,98962,100
2019-06-28 09:57:50.000000000,99709,362,99393,450,99741,100,99380,100,99827,100,99262,100,99860,100,99254,100,99894,100,99248,100,99922,100,99148,100,99978,200,99139,100,100096,100,99016,100,100116,100,99003,100,100119,100,98962,100
2019-06-28 09:57:51.095757388,99458,100,99393,450,99709,362,99380,100,99741,100,99262,100,99827,100,99254,100,99860,100,99248,100,99894,100,99148,100,99922,100,99139,100,99978,200,99016,100,100096,100,99003,100,100116,100,98827,100
2019-06-28 09:57:54.924922100,99458,100,99393,450,99709,350,99380,100,99741,100,99329,100,99827,100,99262,100,99860,100,99254,100,99894,100,99248,100,99922,100,99148,100,99978,200,99139,100,100096,100,99016,100,100116,100,99003,100
2019-06-28 09:58:00.000000000,99458,170,99393,170,99741,170,99380,170,99827,170,99329,170,99860,170,99262,170,99894,170,99254,170,99922,100,99248,100,99978,200,99148,100,100096,100,99139,100,100116,100,99016,100,100119,100,99003,100
2019-06-28 09:58:06.852542105,99458,170,99393,170,99741,170,99380,170,99827,170,99329,170,99860,170,99262,170,99894,170,99254,170,99922,100,99248,100,99978,200,99148,100,100096,100,99139,100,100116,100,99016,100,100119,100,99003,100
2019-06-28 09:58:10.000000000,99458,188,99393,188,99741,188,99380,188,99827,188,99329,188,99860,188,99262,188,99894,100,99254,100,99922,100,99248,100,99978,200,99148,100,100096,100,99139,100,100116,100,99016,100,100119,100,99003,100
2019-06-28 09:58:18.131847641,99458,188,99393,188,99741,188,99380,188,99827,188,99329,188,99860,188,99262,188,99894,100,99254,100,99922,100,99248,100,99978,200,99148,100,100096,100,99139,100,100116,100,99016,100,100119,100,99003,100
2019-06-28 09:58:20.000000000,99458,275,99393,275,99741,275,99380,275,99827,100,99329,100,99860,100,99262,100,99894,100,99254,100,99922,100,99248,100,99978,200,99148,100,100096,100,99139,100,100116,100,99016,100,100119,100,99003,100
2019-06-28 09:58:30.000000000,99458,219,99393,219,99741,216,99380,216,99827,216,99329,216,99860,100,99262,100,99894,100,99254,100,99922,100,99248,100,99978,200,99148,100,100096,100,99139,100,100116,100,99016,100,100119,100,99003,100
2019-06-28 09:58:40.000000000,99458,170,99393,170,99741,170,99380,170,99827,170,99329,170,99860,170,99262,170,99894,170,99254,170,99922,100,99248,100,99978,200,99148,100,100096,100,99139,100,100116,100,99016,100,100119,100,99003,100
2019-06-28 09:58:50.000000000,99458,450,99393,450,99741,100,99380,100,99827,100,99329,100,99860,100,99262,100,99894,100,99254,100,99922,100,99248,100,99978,200,99148,100,100096,100,99139,100,100116,100,99016,100,100119,100,99003,100
2019-06-28 09:58:58.949253252,99458,450,99393,450,99741,100,99380,100,99827,100,99329,100,99860,100,99262,100,99894,100,99254,100,99922,100,99248,100,99978,100,99148,100,100096,100,99139,100,100116,100,99016,100,100119,100,99003,100
2019-06-28 09:59:00.000000000,99458,275,99393,275,99741,275,99380,275,99827,100,99329,100,99860,100,99262,100,99894,100,99254,100,99922,100,99248,100,99978,100,99148,100,100096,100,99139,100,100116,100,99016,100,100119,100,99003,100
2019-06-28 09:59:10.000000000,99458,188,99393,188,99741,188,99380,188,99827,188,99329,188,99860,188,99262,188,99894,100,99254,100,99922,100,99248,100,99978,100,99148,100,100096,100,99139,100,100116,100,99016,100,100119,100,99003,100
2019-06-28 09:59:15.298823160,99431,100,99393,188,99458,188,99380,188,99741,188,99329,188,99827,188,99262,188,99860,188,99254,100,99894,100,99248,100,99922,100,99148,100,99978,100,99139,100,100096,100,99016,100,100116,100,99003,100
2019-06-28 09:59:20.000000000,99431,219,99393,219,99458,216,99380,216,99741,216,99329,216,99827,100,99262,100,99860,100,99254,100,99894,100,99248,100,99922,100,99148,100,99978,100,99139,100,100096,100,99016,100,100116,100,99003,100
2019-06-28 09:59:26.858120883,99431,219,99393,119,99458,216,99380,216,99741,216,99329,216,99827,100,99262,100,99860,100,99254,100,99894,100,99248,100,99922,100,99148,100,99978,100,99139,100,100096,100,99016,100,100116,100,99003,100
2019-06-28 09:59:28.070590981,99431,219,99393,19,99458,216,99380,116,99741,216,99329,216,99827,100,99262,100,99860,100,99254,100,99894,100,99248,100,99922,100,99148,100,99978,100,99139,100,100096,100,99016,100,100116,100,99003,100
2019-06-28 09:59:30.000000000,99431,188,99329,188,99458,188,99262,188,99741,188,99254,188,99827,188,99248,188,99860,100,99148,100,99894,100,99139,100,99922,100,99016,100,99978,100,99003,100,100096,100,98899,100,100116,100,98880,100
2019-06-28 09:59:40.000000000,99431,275,99329,275,99458,275,99262,275,99741,100,99254,100,99827,100,99248,100,99860,100,99148,100,99894,100,99139,100,99922,100,99016,100,99978,100,99003,100,100096,100,98899,100,100116,100,98880,100
2019-06-28 09:59:43.499405180,99431,275,99329,175,99458,175,99262,275,99741,100,99254,100,99827,100,99248,100,99860,100,99148,100,99894,100,99139,100,99922,100,99016,100,99978,100,99003,100,100096,100,98899,100,100116,100,98880,100
2019-06-28 09:59:48.859847766,99431,275,99329,75,99458,175,99262,275,99741,100,99254,100,99827,100,99248,100,99860,100,99148,100,99894,100,99139,100,99922,100,99016,100,99978,100,99003,100,100096,100,98899,100,100116,100,98880,100
2019-06-28 09:59:50.000000000,99431,170,99262,170,99741,170,99254,170,99827,170,99248,170,99860,170,99148,170,99894,170,99139,170,99922,100,99016,100,99978,100,99003,100,100096,100,98899,100,100116,100,98880,100,100119,100,98827,100
2019-06-28 10:00:00.000000000,99431,219,99262,219,99741,216,99254,216,99827,216,99248,216,99860,100,99148,100,99894,100,99139,100,99922,100,99016,100,99978,100,99003,100,100096,100,98899,100,100116,100,98880,100,100119,100,98827,100
2019-06-28 10:00:10.000000000,99431,450,99262,450,99741,100,99254,100,99827,100,99248,100,99860,100,99148,100,99894,100,99139,100,99922,100,99016,100,99978,100,99003,100,100096,100,98899,100,100116,100,98880,100,100119,100,98827,100
2019-06-28 10:00:20.000000000,99431,275,99262,275,99741,275,99254,275,99827,100,99248,100,99860,100,99148,100,99894,100,99139,100,99922,100,99016,100,99978,100,99003,100,100096,100,98899,100,100116,100,98880,100,100119,100,98827,100
2019-06-28 10:00:30.000000000,99431,450,99262,450,99741,100,99254,100,99827,100,99248,100,99860,100,99148,100,99894,100,99139,100,99922,100,99016,100,99978,100,99003,100,100096,100,98899,100,100116,100,98880,100,100119,100,98827,100
2019-06-28 10:00:35.267607611,99431,450,99262,350,99741,100,99254,100,99827,100,99148,100,99860,100,99139,100,99894,100,99016,100,99922,100,99003,100,99978,100,98899,100,100096,100,98880,100,100116,100,98827,100,100119,100,98809,100
2019-06-28 10:00:40.000000000,99431,188,99254,188,99741,188,99148,188,99827,188,99139,188,99860,188,99016,188,99894,100,99003,100,99922,100,98899,100,99978,100,98880,100,100096,100,98827,100,100116,100,98809,100,100119,100,98746,100
2019-06-28 10:00:50.000000000,99431,450,99254,450,99741,100,99148,100,99827,100,99139,100,99860,100,99016,100,99894,100,99003,100,99922,100,98899,100,99978,100,98880,100,100096,100,98827,100,100116,100,98809,100,100119,100,98746,100
2019-06-28 10:00:56.305763572,99431,450,99254,350,99741,100,99148,100,99827,100,99139,100,99860,100,99016,100,99894,100,99003,100,99922,100,98899,100,99978,100,98880,100,100096,100,98827,100,100116,100,98809,100,100119,100,,
2019-06-28 10:01:00.000000000,99431,450,99148,450,99741,100,99139,100,99827,100,99016,100,99860,100,99003,100,99894,100,98899,100,99922,100,98880,100,99978,100,98827,100,100096,100,98809,100,100116,100,,,100119,100,,
2019-06-28 10:01:02.885287810,99371,100,99148,450,99431,450,99139,100,99741,100,99016,100,99827,100,99003,100,99860,100,98899,100,99894,100,98880,100,99922,100,98827,100,99978,100,98809,100,100096,100,,,100116,100,,
2019-06-28 10:01:06.658443315,99262,100,99148,450,99371,100,99139,100,99431,450,99016,100,99741,100,99003,100,99827,100,98899,100,99860,100,98880,100,99894,100,98827,100,99922,100,98809,100,99978,100,,,100096,100,,
2019-06-28 10:01:10.000000000,99262,219,99148,219,99371,216,99139,216,99431,216,99016,216,99741,100,99003,100,99827,100,98899,100,99860,100,98880,100,99894,100,98827,100,99922,100,98809,100,99978,100,,,100096,100,,
2019-06-28 10:01:12.184050674,99262,219,99148,219,99371,216,99139,216,99431,216,99016,216,99741,100,99003,100,99827,100,98899,100,99860,100,98880,100,99894,100,98827,100,99978,100,98809,100,100096,100,,,100116,100,,
2019-06-28 10:01:20.000000000,99262,450,99148,450,99371,100,99139,100,99431,100,99016,100,99741,100,99003,100,99827,100,98899,100,99860,100,98880,100,99894,100,98827,100,99978,100,98809,100,100096,100,,,100116,100,,
2019-06-28 10:01:30.000000000,99262,188,99148,188,99371,188,99139,188,99431,188,99016,188,99741,188,99003,188,99827,100,98899,100,99860,100,98880,100,99894,100,98827,100,99978,100,98809,100,100096,100,,,100116,100,,
2019-06-28 10:01:31.993455524,99262,288,99148,188,99371,188,99139,188,99431,188,99016,188,99741,188,99003,188,99827,100,98899,100,99860,100,98880,100,99894,100,98827,100,99978,100,98809,100,100096,100,,,100116,100,,
2019-06-28 10:01:40.000000000,99262,319,99148,219,99371,216,99139,216,99431,216,99016,216,99741,100,99003,100,99827,100,98899,100,99860,100,98880,100,99894,100,98827,100,99978,100,98809,100,100096,100,,,100116,100,,
2019-06-28 10:01:50.000000000,99262,550,99148,450,99371,100,99139,100,99431,100,99016,100,99741,100,99003,100,99827,100,98899,100,99860,100,98880,100,99894,100,98827,100,99978,100,98809,100,100096,100,,,100116,100,,
2019-06-28 10:02:00.000000000,99262,550,99148,450,99371,100,99139,100,99431,100,99016,100,99741,100,99003,100,99827,100,98899,100,99860,100,98880,100,99894,100,98827,100,99978,100,98809,100,100096,100,,,100116,100,,
2019-06-28 10:02:10.000000000,99262,550,99148,450,99371,100,99139,100,99431,100,99016,100,99741,100,99003,100,99827,100,98899,100,99860,100,98880,100,99894,100,98827,100,99978,100,98809,100,100096,100,,,100116,100,,
2019-06-28 10:02:19.140382709,99262,550,99148,450,99371,100,99139,100,99431,100,99016,100,99741,100,98984,100,99827,100,98899,100,99860,100,98880,100,99894,100,98827,100,99978,100,98809,100,100096,100,,,100116,100,,
2019-06-28 10:02:20.000000000,99262,319,99148,219,99371,216,99139,216,99431,216,99016,216,99741,100,98984,100,99827,100,98899,100,99860,100,98880,100,99894,100,98827,100,99978,100,98809,100,100096,100,,,100116,100,,
2019-06-28 10:02:28.773256458,99167,100,99148,219,99262,319,99139,216,99371,216,99016,216,99431,216,98984,100,99741,100,98899,100,99827,100,98827,100,99860,100,98809,100,99894,100,,,99978,100,,,100096,100,,
2019-06-28 10:02:30.000000000,99167,219,99148,219,99262,316,99139,216,99371,216,99016,216,99431,100,98984,100,99741,100,98899,100,99827,100,98827,100,99860,100,98809,100,99894,100,,,99978,100,,,100096,100,,
2019-06-28 10:02:40.000000000,99167,170,99148,170,99262,270,99139,170,99371,170,99016,170,99431,170,98984,170,99741,170,98899,170,99827,100,98827,100,99860,100,98809,100,99894,100,,,99978,100,,,100096,100,,
2019-06-28 10:02:43.506633159,99167,170,99148,170,99262,270,99139,170,99302,100,99016,170,99371,170,98984,170,99431,170,98899,170,99741,170,98827,100,99827,100,98809,100,99860,100,,,99894,100,,,99978,100,,
2019-06-28 10:02:50.000000000,99167,450,99148,450,99262,200,99139,100,99302,100,99016,100,99371,100,98984,100,99431,100,98899,100,99741,100,98827,100,99827,100,98809,100,99860,100,,,99894,100,,,99978,100,,
2019-06-28 10:03:00.000000000,99167,219,99148,219,99262,316,99139,216,99302,216,99016,216,99371,100,98984,100,99431,100,98899,100,99741,100,98827,100,99827,100,98809,100,99860,100,,,99894,100,,,99978,100,,
2019-06-28 10:03:01.193728989,99167,119,99148,219,99262,316,99139,216,99302,216,99016,216,99371,100,98984,100,99431,100,98899,100,99741,100,98827,100,99827,100,98809,100,99860,100,,,99894,100,,,99978,100,,
2019-06-28 10:03:10.000000000,99262,270,99148,170,99302,170,99139,170,99371,170,99016,170,99431,170,98984,170,99741,170,98899,170,99827,100,98827,100,99860,100,98809,100,99894,100,,,99978,100,,,100096,100,,
2019-06-28 10:03:20.000000000,99262,288,99148,188,99302,188,99139,188,99371,188,99016,188,99431,188,98984,188,99741,100,98899,100,99827,100,98827,100,99860,100,98809,100,99894,100,,,99978,100,,,100096,100,,
2019-06-28 10:03:30.000000000,99262,319,99148,219,99302,216,99139,216,99371,216,99016,216,99431,100,98984,100,99741,100,98899,100,99827,100,98827,100,99860,100,98809,100,99894,100,,,99978,100,,,100096,100,,
2019-06-28 10:03:40.000000000,99262,319,99148,219,99302,216,99139,216,99371,216,99016,216,99431,100,98984,100,99741,100,98899,100,99827,100,98827,100,99860,100,98809,100,99894,100,,,99978,100,,,100096,100,,
2019-06-28 10:03:50.000000000,99262,319,99148,219,99302,216,99139,216,99371,216,99016,216,99431,100,98984,100,99741,100,98899,100,99827,100,98827,100,99860,100,98809,100,99894,100,,,99978,100,,,100096,100,,
2019-06-28 10:04:00.000000000,99262,375,99148,275,99302,275,99139,275,99371,100,99016,100,99431,100,98984,100,99741,100,98899,100,99827,100,98827,100,99860,100,98809,100,99894,100,,,99978,100,,,100096,100,,
2019-06-28 10:04:10.000000000,99262,550,99148,450,99302,100,99139,100,99371,100,99016,100,99431,100,98984,100,99741,100,98899,100,99827,100,98827,100,99860,100,98809,100,99894,100,,,99978,100,,,100096,100,,
2019-06-28 10:04:16.426888130,99166,100,99148,450,99262,550,99139,100,99302,100,99016,100,99371,100,98984,100,99741,100,98899,100,99827,100,98827,100,99860,100,98809,100,99894,100,,,99978,100,,,100096,100,,
2019-06-28 10:04:20.000000000,99166,170,99148,170,99262,270,99139,170,99302,170,99016,170,99371,170,98984,170,99741,170,98899,170,99827,100,98827,100,99860,100,98809,100,99894,100,,,99978,100,,,100096,100,,
2019-06-28 10:04:23.454723871,99166,70,99148,170,99262,270,99139,170,99302,170,99016,170,99371,170,98984,170,99741,170,98899,170,99827,100,98827,100,99860,100,98809,100,99894,100,,,99978,100,,,100096,100,,
2019-06-28 10:04:30.000000000,99262,319,99148,219,99302,216,99139,216,99371,216,99016,216,99741,100,98984,100,99827,100,98899,100,99860,100,98827,100,99894,100,98809,100,99978,100,,,100096,100,,,100116,100,,
2019-06-28 10:04:38.838921408,99262,319,99148,219,99302,216,99139,216,99371,216,99016,216,99741,100,98990,100,99827,100,98984,100,99860,100,98899,100,99894,100,98827,100,99978,100,98809,100,100116,100,,,100119,100,,
2019-06-28 10:04:40.000000000,99262,270,99148,170,99302,170,99139,170,99371,170,99016,170,99741,170,98990,170,99827,170,98984,170,99860,100,98899,100,99894,100,98827,100,99978,100,98809,100,100116,100,,,100119,100,,
2019-06-28 10:04:40.154825989,99262,270,99148,70,99302,170,99139,170,99371,170,99091,100,99741,170,99016,170,99827,170,98990,170,99860,100,98984,170,99894,100,98899,100,99978,100,98827,100,100116,100,98809,100,100119,100,,
2019-06-28 10:04:43.066644650,99262,270,99148,70,99302,170,99140,100,99371,170,99139,170,99741,170,99091,100,99827,170,99016,170,99860,100,98990,170,99894,100,98984,170,99978,100,98899,100,100116,100,98827,100,100119,100,98809,100
2019-06-28 10:04:50.000000000,99262,319,99140,219,99302,216,99139,216,99371,216,99091,216,99741,100,99016,100,99827,100,98990,100,99860,100,98984,100,99894,100,98899,100,99978,100,98827,100,100116,100,98809,100,100119,100,,
2019-06-28 10:04:58.727616759,99262,319,99140,219,99302,216,99139,216,99371,216,99091,216,99741,100,99016,100,99827,100,98990,100,99860,100,98984,100,99894,100,98899,100,99978,100,98827,100,100116,100,98819,100,100119,100,98809,100
2019-06-28 10:05:00.000000000,99262,550,99140,450,99302,100,99139,100,99371,100,99091,100,99741,100,99016,100,99827,100,98990,100,99860,100,98984,100,99894,100,98899,100,99978,100,98827,100,100116,100,98819,100,100119,100,98809,100
2019-06-28 10:05:10.000000000,99262,288,99140,188,99302,188,99139,188,99371,188,99091,188,99741,188,99016,188,99827,100,98990,100,99860,100,98984,100,99894,100,98899,100,99978,100,98827,100,100116,100,98819,100,100119,100,98809,100
2019-06-28 10:05:17.342536678,99262,288,99140,88,99302,188,99139,188,99371,188,99091,188,99741,188,99016,188,99827,100,98990,100,99860,100,98984,100,99894,100,98899,100,99978,100,98827,100,100116,100,98819,100,100119,100,98809,100
2019-06-28 10:05:20.000000000,99262,550,99139,450,99302,100,99091,100,99371,100,99016,100,99741,100,98990,100,99827,100,98984,100,99860,100,98899,100,99894,100,98827,100,99978,100,98819,100,100116,100,98809,100,100119,100,,
2019-06-28 10:05:30.000000000,99262,375,99139,275,99302,275,99091,275,99371,100,99016,100,99741,100,98990,100,99827,100,98984,100,99860,100,98899,100,99894,100,98827,100,99978,100,98819,100,100116,100,98809,100,100119,100,,
2019-06-28 10:05:30.676168645,99262,375,99139,275,99302,275,99091,275,99371,100,99016,100,99827,100,98990,100,99860,100,98984,100,99894,100,98899,100,99978,100,98827,100,100116,100,98819,100,100119,100,98809,100,,,98677,100
2019-06-28 10:05:40.000000000,99262,550,99139,450,99302,100,99091,100,99371,100,99016,100,99827,100,98990,100,99860,100,98984,100,99894,100,98899,100,99978,100,98827,100,100116,100,98819,100,100119,100,98809,100,,,98677,100
2019-06-28 10:05:50.000000000,99262,550,99139,450,99302,100,99091,100,99371,100,99016,100,99827,100,98990,100,99860,100,98984,100,99894,100,98899,100,99978,100,98827,100,100116,100,98819,100,100119,100,98809,100,,,98677,100
2019-06-28 10:06:00.000000000,99262,319,99139,219,99302,216,99091,216,99371,216,99016,216,99827,100,98990,100,99860,100,98984,100,99894,100,98899,100,99978,100,98827,100,100116,100,98819,100,100119,100,98809,100,,,98677,100
2019-06-28 10:06:10.000000000,99262,270,99139,170,99302,170,99091,170,99371,170,99016,170,99827,170,98990,170,99860,170,98984,170,99894,100,98899,100,99978,100,98827,100,100116,100,98819,100,100119,100,98809,100,,,98677,100
2019-06-28 10:06:12.610288310,99262,270,99139,170,99302,170,99091,170,99371,170,99016,170,99827,170,98990,170,99860,170,98987,100,99978,100,98984,170,100116,100,98899,100,100119,100,98827,100,,,98819,100,,,98809,100
2019-06-28 10:06:15.593326856,99165,100,99139,170,99262,270,99091,170,99302,170,99016,170,99371,170,98990,170,99827,170,98987,100,99860,170,98984,170,99978,100,98899,100,100116,100,98827,100,100119,100,98819,100,,,98809,100
2019-06-28 10:06:20.000000000,99165,275,99139,275,99262,375,99091,275,99302,100,99016,100,99371,100,98990,100,99827,100,98987,100,99860,100,98984,100,99978,100,98899,100,100116,100,98827,100,100119,100,98819,100,,,98809,100
2019-06-28 10:06:30.000000000,99165,188,99139,188,99262,288,99091,188,99302,188,99016,188,99371,188,98990,188,99827,100,98987,100,99860,100,98984,100,99978,100,98899,100,100116,100,98827,100,100119,100,98819,100,,,98809,100
2019-06-28 10:06:40.000000000,99165,275,99139,275,99262,375,99091,275,99302,100,99016,100,99371,100,98990,100,99827,100,98987,100,99860,100,98984,100,99978,100,98899,100,100116,100,98827,100,100119,100,98819,100,,,98809,100
2019-06-28 10:06:50.000000000,99165,275,99139,275,99262,375,99091,275,99302,100,99016,100,99371,100,98990,100,99827,100,98987,100,99860,100,98984,100,99978,100,98899,100,100116,100,98827,100,100119,100,98819,100,,,98809,100
2019-06-28 10:07:00.000000000,99165,450,99139,450,99262,200,99091,100,99302,100,99016,100,99371,100,98990,100,99827,100,98987,100,99860,100,98984,100,99978,100,98899,100,100116,100,98827,100,100119,100,98819,100,,,98809,100
2019-06-28 10:07:06.396921541,99165,450,99139,450,99262,200,99091,100,99302,100,99016,100,99371,100,98990,100,99827,100,98987,100,99860,100,98984,100,99978,100,98899,100,100116,100,98853,100,100119,100,98827,100,,,98819,100
2019-06-28 10:07:10.000000000,99165,450,99139,450,99262,200,99091,100,99302,100,99016,100,99371,100,98990,100,99827,100,98987,100,99860,100,98984,100,99978,100,98899,100,100116,100,98853,100,100119,100,98827,100,,,98819,100
2019-06-28 10:07:10.334852354,99165,450,99139,350,99262,200,99091,100,99302,100,99016,100,99371,100,98990,100,99827,100,98987,100,99860,100,98984,100,99978,100,98899,100,100116,100,98853,100,100119,100,98827,100,,,98819,100
2019-06-28 10:07:14.166868767,99165,450,99139,350,99262,200,99091,100,99302,100,99016,100,99371,100,98990,100,99827,100,98989,100,99860,100,98987,100,99978,100,98984,100,100119,100,98899,100,,,98853,100,,,98827,100
2019-06-28 10:07:14.330846116,99148,100,99139,350,99165,450,99091,100,99262,200,99016,100,99302,100,98990,100,99371,100,98989,100,99827,100,98987,100,99860,100,98984,100,99978,100,98899,100,100119,100,98853,100,,,98827,100
2019-06-28 10:07:20.000000000,99148,219,99091,219,99165,216,99016,216,99262,316,98990,216,99302,100,98989,100,99371,100,98987,100,99827,100,98984,100,99860,100,98899,100,99978,100,98853,100,100119,100,98827,100,,,98819,100
2019-06-28 10:07:23.949592900,99148,119,99091,219,99165,216,99016,216,99262,316,98990,216,99302,100,98987,100,99371,100,98984,100,99827,100,98899,100,99860,100,98853,100,99978,100,98827,100,100119,100,98819,100,,,98809,100
2019-06-28 10:07:30.000000000,99165,188,99091,188,99262,288,99016,188,99302,188,98990,188,99371,188,98987,188,99827,100,98984,100,99860,100,98899,100,99978,100,98853,100,100119,100,98827,100,,,98819,100,,,98809,100
2019-06-28 10:07:39.539582295,99147,100,99091,188,99165,188,99016,188,99262,288,98990,188,99302,188,98987,188,99371,188,98984,100,99827,100,98899,100,99860,100,98853,100,99978,100,98827,100,100119,100,98819,100,,,98809,100
2019-06-28 10:07:40.000000000,99147,219,99091,219,99165,216,99016,216,99262,316,98990,216,99302,100,98987,100,99371,100,98984,100,99827,100,98899,100,99860,100,98853,100,99978,100,98827,100,100119,100,98819,100,,,98809,100
2019-06-28 10:07:50.000000000,99147,450,99091,450,99165,100,99016,100,99262,200,98990,100,99302,100,98987,100,99371,100,98984,100,99827,100,98899,100,99860,100,98853,100,99978,100,98827,100,100119,100,98819,100,,,98809,100
2019-06-28 10:08:00.000000000,99147,450,99091,450,99165,100,99016,100,99262,200,98990,100,99302,100,98987,100,99371,100,98984,100,99827,100,98899,100,99860,100,98853,100,99978,100,98827,100,100119,100,98819,100,,,98809,100
2019-06-28 10:08:10.000000000,99147,275,99091,275,99165,275,99016,275,99262,200,98990,100,99302,100,98987,100,99371,100,98984,100,99827,100,98899,100,99860,100,98853,100,99978,100,98827,100,100119,100,98819,100,,,98809,100
2019-06-28 10:08:20.000000000,99147,219,99091,219,99165,216,99016,216,99262,316,98990,216,99302,100,98987,100,99371,100,98984,100,99827,100,98899,100,99860,100,98853,100,99978,100,98827,100,100119,100,98819,100,,,98809,100
2019-06-28 10:08:30.000000000,99147,219,99091,219,99165,216,99016,216,99262,316,98990,216,99302,100,98987,100,99371,100,98984,100,99827,100,98899,100,99860,100,98853,100,99978,100,98827,100,100119,100,98819,100,,,98809,100
2019-06-28 10:08:40.000000000,99147,219,99091,219,99165,216,99016,216,99262,316,98990,216,99302,100,98987,100,99371,100,98984,100,99827,100,98899,100,99860,100,98853,100,99978,100,98827,100,100119,100,98819,100,,,98809,100
2019-06-28 10:08:50.000000000,99147,219,99091,219,99165,216,99016,216,99262,316,98990,216,99302,100,98987,100,99371,100,98984,100,99827,100,98899,100,99860,100,98853,100,99978,100,98827,100,100119,100,98819,100,,,98809,100
2019-06-28 10:08:52.714198065,99147,119,99091,219,99165,216,99016,216,99262,316,98990,216,99302,100,98987,100,99371,100,98984,100,99827,100,98899,100,99860,100,98853,100,99978,100,98827,100,100119,100,98819,100,,,98809,100
2019-06-28 10:08:52.765760240,99147,119,99091,219,99165,216,99016,216,99262,316,98990,216,99302,100,98987,100,99371,100,98984,100,99777,100,98899,100,99827,100,98853,100,99860,100,98827,100,99978,100,98819,100,100119,100,98809,100
2019-06-28 10:09:00.000000000,99165,450,99091,450,99262,200,99016,100,99302,100,98990,100,99371,100,98987,100,99777,100,98984,100,99827,100,98899,100,99860,100,98853,100,99978,100,98827,100,100119,100,98819,100,,,98809,100
2019-06-28 10:09:02.405337053,99165,350,99091,450,99262,200,99016,100,99302,100,98990,100,99371,100,98987,100,99777,100,98984,100,99827,100,98899,100,99860,100,98853,100,99978,100,98827,100,100119,100,98819,100,,,98809,100
2019-06-28 10:09:10.000000000,99262,319,99091,219,99302,216,99016,216,99371,216,98990,216,99777,100,98987,100,99827,100,98984,100,99860,100,98899,100,99978,100,98853,100,100119,100,98827,100,,,98819,100,,,98809,100
2019-06-28 10:09:20.000000000,99262,375,99091,275,99302,275,99016,275,99371,100,98990,100,99777,100,98987,100,99827,100,98984,100,99860,100,98899,100,99978,100,98853,100,100119,100,98827,100,,,98819,100,,,98809,100
2019-06-28 10:09:22.097955466,99262,375,99147,100,99302,275,99091,275,99371,100,99016,275,99777,100,98990,100,99827,100,98987,100,99860,100,98984,100,99978,100,98899,100,100119,100,98853,100,,,98827,100,,,98819,100
2019-06-28 10:09:30.000000000,99262,270,99147,170,99302,170,99091,170,99371,170,99016,170,99777,170,98990,170,99827,170,98987,170,99860,100,98984,100,99978,100,98899,100,100119,100,98853,100,,,98827,100,,,98819,100
2019-06-28 10:09:30.785934653,99262,170,99147,170,99302,170,99091,170,99371,170,99016,170,99777,170,98990,170,99827,170,98987,170,99860,100,98984,100,99978,100,98899,100,100119,100,98853,100,,,98827,100,,,98819,100
2019-06-28 10:09:34.171121167,99262,70,99147,170,99302,170,99091,170,99371,170,99016,170,99777,170,98990,170,99827,170,98987,170,99978,100,98984,100,100119,100,98899,100,,,98853,100,,,98827,100,,,98819,100
