,ask_price_1,ask_size_1,bid_price_1,bid_size_1,ask_price_2,ask_size_2,bid_price_2,bid_size_2,ask_price_3,ask_size_3,bid_price_3,bid_size_3,ask_price_4,ask_size_4,bid_price_4,bid_size_4,ask_price_5,ask_size_5,bid_price_5,bid_size_5,ask_price_6,ask_size_6,bid_price_6,bid_size_6,ask_price_7,ask_size_7,bid_price_7,bid_size_7,ask_price_8,ask_size_8,bid_price_8,bid_size_8,ask_price_9,ask_size_9,bid_price_9,bid_size_9,ask_price_10,ask_size_10,bid_price_10,bid_size_10
2019-06-28 09:30:00.000000000,,,99854,100,,,,,,,,,,,,,,,,,,,,,,,,,,,,,,,,,,,,
2019-06-28 09:30:00.000000002,100065,100,99854,100,,,,,,,,,,,,,,,,,,,,,,,,,,,,,,,,,,,,
2019-06-28 09:30:00.000000003,100045,100,99941,100,100065,100,99854,100,100129,100,,,,,,,,,,,,,,,,,,,,,,,,,,,,,,
2019-06-28 09:30:00.000000007,100045,100,99952,100,100065,100,99854,100,100129,100,,,,,,,,,,,,,,,,,,,,,,,,,,,,,,
2019-06-28 09:30:00.000000008,100045,100,99952,100,100065,100,99854,100,100089,100,,,100129,100,,,,,,,,,,,,,,,,,,,,,,,,,,
2019-06-28 09:30:00.000000009,100045,100,99992,100,100065,100,99952,100,100089,100,99909,100,100129,100,99854,100,,,,,,,,,,,,,,,,,,,,,,,,
2019-06-28 09:30:00.000000011,100045,100,99992,100,100065,100,99966,100,100089,100,99952,100,100129,100,99909,100,,,99854,100,,,,,,,,,,,,,,,,,,,,
2019-06-28 09:30:00.000000014,100045,100,99992,100,100065,100,99966,100,100087,100,99952,100,100089,100,99909,100,100103,100,99854,100,100129,100,,,,,,,,,,,,,,,,,,
2019-06-28 09:30:00.000000016,100045,100,99992,100,100065,100,99966,100,100087,100,99952,100,100089,100,99925,100,100103,100,99909,100,100129,100,99854,100,,,,,,,,,,,,,,,,
2019-06-28 09:30:00.000000017,100026,100,99992,100,100045,100,99966,100,100065,100,99952,100,100087,100,99925,100,100089,100,99909,100,100103,100,99854,100,100129,100,,,,,,,,,,,,,,
2019-06-28 09:30:00.000000019,100026,100,100003,100,100045,100,99992,100,100065,100,99966,100,100087,100,99952,100,100089,100,99925,100,100103,100,99909,100,100129,100,99854,100,,,,,,,,,,,,
2019-06-28 09:30:00.000000020,100013,100,100003,100,100026,100,99992,100,100045,100,99966,100,100065,100,99952,100,100087,100,99925,100,100089,100,99909,100,100103,100,99854,100,100129,100,,,100217,100,,,,,,
2019-06-28 09:30:00.000000021,100013,100,100012,100,100026,100,100003,100,100045,100,99992,100,100065,100,99966,100,100087,100,99952,100,100089,100,99927,100,100103,100,99925,100,100129,100,99909,100,100217,100,99854,100,,,,
2019-06-28 09:30:00.000000022,100013,100,100012,100,100021,100,100003,100,100026,100,99992,100,100045,100,99966,100,100065,100,99952,100,100087,100,99927,100,100089,100,99925,100,100103,100,99909,100,100129,100,99893,100,100217,100,99854,100
2019-06-28 09:30:00.000000025,100013,100,100012,100,100021,100,100003,100,100026,100,99992,100,100045,100,99966,100,100060,100,99952,100,100065,100,99927,100,100087,100,99925,100,100089,100,99909,100,100103,100,99893,100,100129,100,99854,100
2019-06-28 09:30:00.000000027,100013,100,100012,100,100021,100,100003,100,100026,100,99992,100,100045,100,99966,100,100060,100,99952,100,100065,100,99927,100,100087,100,99925,100,100089,100,99909,100,100103,100,99900,100,100129,100,99893,100
2019-06-28 09:30:00.000000028,100013,100,100012,100,100021,100,100009,100,100026,100,100003,100,100045,100,99992,100,100060,100,99966,100,100065,100,99952,100,100087,100,99927,100,100089,100,99925,100,100103,100,99909,100,100129,100,99900,100
2019-06-28 09:30:00.000000029,100013,100,100012,100,100021,200,100009,100,100026,100,100003,100,100045,100,99992,100,100060,100,99966,100,100065,100,99952,100,100087,100,99927,100,100089,100,99925,100,100103,100,99909,100,100129,100,99900,100
2019-06-28 09:30:00.000000033,100021,200,100012,100,100026,100,100009,100,100045,100,100003,100,100060,100,99992,100,100065,100,99966,100,100087,100,99952,100,100089,100,99927,100,100103,100,99925,100,100129,100,99909,100,100217,100,99900,100
2019-06-28 09:30:00.000000034,100021,200,100013,100,100026,100,100012,100,100045,100,100009,100,100060,100,100003,100,100065,100,99992,100,100087,100,99966,100,100089,100,99952,100,100103,100,99927,100,100129,100,99925,100,100217,100,99909,100
2019-06-28 09:30:00.000000037,100017,100,100013,100,100021,200,100012,100,100026,100,100009,100,100045,100,100003,100,100060,100,99992,100,100065,100,99966,100,100087,100,99952,100,100089,100,99927,100,100103,100,99925,100,100129,100,99909,100
2019-06-28 09:30:00.000000038,100017,100,100013,100,100021,200,100012,100,100026,100,100009,100,100045,100,100008,100,100060,100,100003,100,100065,100,99992,100,100087,100,99966,100,100089,100,99956,100,100103,100,99952,100,100129,100,99927,100
2019-06-28 09:30:00.000000039,100017,100,100013,100,100021,200,100012,100,100026,100,100009,100,100045,100,100008,100,100060,100,100003,100,100065,100,99992,100,100087,100,99966,100,100089,100,99956,100,100102,100,99952,100,100103,100,99927,100
2019-06-28 09:30:00.000000040,100017,100,100013,100,100021,200,100012,100,100026,100,100009,100,100045,100,100008,100,100060,100,100003,100,100065,100,99992,100,100087,100,99966,100,100089,100,99956,100,100102,100,99952,100,100103,100,99927,100
2019-06-28 09:30:00.000000041,100017,100,100013,100,100021,200,100012,100,100022,100,100009,100,100026,100,100008,100,100045,100,100003,100,100060,100,99992,100,100065,100,99966,100,100087,100,99956,100,100089,100,99952,100,100102,100,99927,100
2019-06-28 09:30:00.000000042,100017,100,100013,100,100021,200,100012,100,100022,100,100009,100,100026,100,100008,100,100045,100,100003,100,100060,100,99992,100,100065,100,99966,100,100087,100,99956,100,100089,100,99952,100,100102,100,99941,100
2019-06-28 09:30:00.000000046,100017,100,100013,200,100021,200,100012,100,100022,100,100009,100,100026,100,100008,100,100039,100,100003,100,100045,100,99992,100,100060,100,99966,100,100065,100,99956,100,100087,100,99952,100,100089,100,99941,100
2019-06-28 09:30:00.000000047,100017,100,100013,100,100021,200,100012,100,100022,100,100009,100,100026,100,100008,100,100039,100,100003,100,100045,100,99992,100,100060,100,99966,100,100065,100,99956,100,100087,100,99952,100,100089,100,99941,100
2019-06-28 09:30:00.000000049,100017,100,100013,100,100021,200,100012,100,100022,100,100009,100,100026,100,100008,100,100039,100,100003,100,100045,100,99992,100,100060,100,99966,100,100065,100,99956,100,100087,100,99952,100,100089,100,99941,100
2019-06-28 09:30:00.000000050,100017,100,100013,100,100021,200,100012,100,100022,100,100009,100,100026,100,100008,100,100039,100,100003,100,100045,100,99992,100,100060,100,99966,100,100065,100,99956,100,100086,100,99952,100,100087,100,99941,100
2019-06-28 09:30:00.000000054,100017,100,100012,100,100021,200,100009,100,100022,100,100008,100,100026,100,100003,100,100039,100,99992,100,100045,100,99966,100,100060,100,99956,100,100065,100,99952,100,100086,100,99941,100,100087,100,99927,100
2019-06-28 09:30:00.000000059,100017,100,100012,100,100021,200,100009,100,100022,100,100008,100,100026,100,100003,100,100037,100,99992,100,100039,100,99966,100,100045,100,99956,100,100060,100,99952,100,100065,100,99941,100,100086,100,99927,100
2019-06-28 09:30:00.000000060,100017,100,100012,100,100021,200,100009,100,100022,100,100008,100,100026,100,100003,100,100037,100,99992,100,100039,100,99991,100,100045,100,99966,100,100060,100,99956,100,100065,100,99952,100,100086,100,99941,100
2019-06-28 09:30:00.000000061,100017,100,100012,100,100021,200,100009,100,100022,100,100008,100,100026,100,100003,100,100037,100,99992,100,100039,100,99991,100,100045,100,99966,100,100060,100,99956,100,100065,100,99952,100,100086,100,99941,100
2019-06-28 09:30:00.000000065,100017,100,100012,100,100021,200,100009,100,100022,100,100008,100,100026,100,100003,100,100037,100,99992,100,100039,100,99991,100,100045,100,99966,100,100060,100,99956,100,100065,100,99952,100,100086,100,99941,100
2019-06-28 09:30:00.000000067,100017,100,100012,100,100021,200,100009,100,100022,100,100008,100,100026,100,100003,100,100037,100,99992,100,100039,100,99991,100,100045,100,99966,100,100060,100,99956,100,100065,100,99952,100,100086,100,99941,100
2019-06-28 09:30:00.000000070,100017,100,100012,100,100021,200,100009,100,100022,100,100008,100,100026,100,100003,100,100037,100,99992,100,100039,100,99991,100,100045,100,99966,100,100060,100,99956,100,100065,100,99953,100,100086,100,99952,100
2019-06-28 09:30:00.000000071,100017,100,100013,100,100021,200,100012,100,100022,100,100009,100,100026,100,100008,100,100037,100,100003,100,100039,100,99992,100,100045,100,99991,100,100060,100,99966,100,100065,100,99956,100,100086,100,99953,100
2019-06-28 09:30:00.000000076,100017,100,100013,100,100021,200,100012,100,100022,100,100009,100,100026,100,100008,100,100037,100,100003,100,100039,100,99992,100,100045,100,99991,100,100060,100,99966,100,100065,100,99956,100,100070,100,99953,100
2019-06-28 09:30:00.000000077,100017,100,100013,100,100021,200,100012,100,100022,100,100009,100,100026,100,100008,100,100037,100,100003,100,100039,100,99992,100,100045,100,99991,100,100060,100,99966,100,100064,100,99956,100,100065,100,99953,100
2019-06-28 09:30:00.000000079,100017,100,100013,100,100021,200,100012,100,100022,100,100009,100,100026,100,100008,100,100037,100,100003,100,100039,100,99992,100,100045,100,99991,100,100060,100,99966,100,100064,100,99956,100,100065,100,99953,100
2019-06-28 09:30:00.000000081,100021,200,100013,100,100022,100,100012,100,100026,100,100009,100,100037,100,100008,100,100039,100,100003,100,100045,100,99992,100,100060,100,99991,100,100064,100,99966,100,100065,100,99956,100,100070,100,99955,100
2019-06-28 09:30:00.000000086,100021,200,100013,100,100022,100,100012,100,100026,100,100009,100,100037,100,100008,100,100039,100,100003,100,100045,100,99992,100,100060,100,99991,100,100064,100,99966,100,100065,100,99956,100,100070,100,99955,100
2019-06-28 09:30:00.000000093,100021,200,100012,100,100022,100,100009,100,100026,100,100008,100,100037,100,100003,100,100039,100,99992,100,100045,100,99991,100,100060,100,99966,100,100064,100,99956,100,100065,100,99955,100,100070,100,99953,100
2019-06-28 09:30:00.000000095,100021,200,100012,100,100022,100,100009,100,100026,100,100008,100,100037,100,100003,100,100039,100,99992,100,100045,100,99991,100,100060,100,99966,100,100064,100,99956,100,100065,100,99955,100,100070,100,99953,100
2019-06-28 09:30:00.000000098,100021,200,100012,100,100022,100,100009,100,100026,100,100008,100,100037,100,100003,100,100039,100,99992,100,100045,100,99991,100,100060,100,99973,100,100064,100,99966,100,100065,100,99956,100,100070,100,99955,100
2019-06-28 09:30:00.000000099,100021,200,100012,100,100022,100,100009,100,100026,100,100008,100,100037,100,100003,100,100039,100,99992,100,100044,100,99991,100,100045,100,99973,100,100060,100,99966,100,100064,100,99956,100,100065,100,99955,100
2019-06-28 09:30:06.235261315,100021,200,100009,100,100022,100,100008,100,100026,100,100003,100,100037,100,99992,100,100039,100,99991,100,100044,100,99973,100,100045,100,99966,100,100060,100,99956,100,100064,100,99955,100,100065,100,99953,100
2019-06-28 09:30:10.000000000,100021,486,100009,386,100022,100,100008,100,100026,100,100003,100,100037,100,99992,100,100039,100,99991,100,100044,100,99973,100,100045,100,99966,100,100060,100,99956,100,100064,100,99955,100,100065,100,99953,100
2019-06-28 09:30:20.000000000,100021,297,100009,197,100022,194,100008,194,100026,194,100003,194,100037,100,99992,100,100039,100,99991,100,100044,100,99973,100,100045,100,99966,100,100060,100,99956,100,100064,100,99955,100,100065,100,99953,100
2019-06-28 09:30:30.000000000,100021,297,100009,197,100022,194,100008,194,100026,194,100003,194,100037,100,99992,100,100039,100,99991,100,100044,100,99973,100,100045,100,99966,100,100060,100,99956,100,100064,100,99955,100,100065,100,99953,100
2019-06-28 09:30:40.000000000,100021,297,100009,197,100022,194,100008,194,100026,194,100003,194,100037,100,99992,100,100039,100,99991,100,100044,100,99973,100,100045,100,99966,100,100060,100,99956,100,100064,100,99955,100,100065,100,99953,100
2019-06-28 09:30:50.000000000,100021,486,100009,386,100022,100,100008,100,100026,100,100003,100,100037,100,99992,100,100039,100,99991,100,100044,100,99973,100,100045,100,99966,100,100060,100,99956,100,100064,100,99955,100,100065,100,99953,100
2019-06-28 09:31:00.000000000,100021,297,100009,197,100022,194,100008,194,100026,194,100003,194,100037,100,99992,100,100039,100,99991,100,100044,100,99973,100,100045,100,99966,100,100060,100,99956,100,100064,100,99955,100,100065,100,99953,100
2019-06-28 09:31:10.000000000,100021,486,100009,386,100022,100,100008,100,100026,100,100003,100,100037,100,99992,100,100039,100,99991,100,100044,100,99973,100,100045,100,99966,100,100060,100,99956,100,100064,100,99955,100,100065,100,99953,100
2019-06-28 09:31:10.017841898,100021,486,100009,386,100022,100,100008,100,100026,100,100003,100,100037,100,99992,100,100039,100,99991,100,100044,100,99973,100,100045,100,99966,100,100060,100,99956,100,100064,100,99955,100,100065,100,99953,100
2019-06-28 09:31:15.197330261,100021,486,100009,386,100022,100,100003,100,100026,100,99992,100,100037,100,99991,100,100039,100,99973,100,100044,100,99966,100,100045,100,99956,100,100060,100,99955,100,100064,100,99953,100,100065,100,99952,100
2019-06-28 09:31:20.000000000,100021,343,100009,243,100022,243,100003,243,100026,100,99992,100,100037,100,99991,100,100039,100,99973,100,100044,100,99966,100,100045,100,99956,100,100060,100,99955,100,100064,100,99953,100,100065,100,99952,100
2019-06-28 09:31:30.000000000,100021,272,100009,172,100022,172,100003,172,100026,172,99992,172,100037,172,99991,172,100039,100,99973,100,100044,100,99966,100,100045,100,99956,100,100060,100,99955,100,100064,100,99953,100,100065,100,99952,100
2019-06-28 09:31:40.000000000,100021,272,100009,172,100022,172,100003,172,100026,172,99992,172,100037,172,99991,172,100039,100,99973,100,100044,100,99966,100,100045,100,99956,100,100060,100,99955,100,100064,100,99953,100,100065,100,99952,100
2019-06-28 09:31:50.000000000,100021,297,100009,197,100022,194,100003,194,100026,194,99992,194,100037,100,99991,100,100039,100,99973,100,100044,100,99966,100,100045,100,99956,100,100060,100,99955,100,100064,100,99953,100,100065,100,99952,100
2019-06-28 09:32:00.000000000,100021,297,100009,197,100022,194,100003,194,100026,194,99992,194,100037,100,99991,100,100039,100,99973,100,100044,100,99966,100,100045,100,99956,100,100060,100,99955,100,100064,100,99953,100,100065,100,99952,100
2019-06-28 09:32:10.000000000,100021,486,100009,386,100022,100,100003,100,100026,100,99992,100,100037,100,99991,100,100039,100,99973,100,100044,100,99966,100,100045,100,99956,100,100060,100,99955,100,100064,100,99953,100,100065,100,99952,100
2019-06-28 09:32:11.089307116,100021,486,100009,386,100022,100,100003,100,100026,100,99992,100,100037,100,99991,100,100039,100,99973,100,100044,100,99966,100,100045,100,99956,100,100060,100,99955,100,100064,100,99953,100,100065,100,99952,100
2019-06-28 09:32:20.000000000,100021,297,100009,197,100022,194,100003,194,100026,194,99992,194,100037,100,99991,100,100039,100,99973,100,100044,100,99966,100,100045,100,99956,100,100060,100,99955,100,100064,100,99953,100,100065,100,99952,100
2019-06-28 09:32:24.841088920,100013,100,100009,197,100021,297,100003,194,100022,194,99992,194,100026,194,99991,100,100037,100,99973,100,100039,100,99966,100,100044,100,99956,100,100045,100,99955,100,100060,100,99953,100,100064,100,99952,100
2019-06-28 09:32:25.290669460,100013,100,100009,197,100021,297,100003,194,100022,194,99992,194,100026,194,99991,100,100037,100,99973,100,100039,100,99966,100,100044,100,99956,100,100045,100,99955,100,100060,100,99953,100,100064,100,99952,100
2019-06-28 09:32:30.000000000,100013,386,100009,386,100021,200,100003,100,100022,100,99992,100,100026,100,99991,100,100037,100,99973,100,100039,100,99966,100,100044,100,99956,100,100045,100,99955,100,100060,100,99953,100,100064,100,99952,100
2019-06-28 09:32:40.000000000,100013,243,100009,243,100021,343,100003,243,100022,100,99992,100,100026,100,99991,100,100037,100,99973,100,100039,100,99966,100,100044,100,99956,100,100045,100,99955,100,100060,100,99953,100,100064,100,99952,100
2019-06-28 09:32:46.484638006,100013,243,100009,243,100021,343,100003,243,100022,100,99992,100,100037,100,99991,100,100039,100,99973,100,100044,100,99966,100,100045,100,99956,100,100060,100,99955,100,100064,100,99953,100,100065,100,99952,100
2019-06-28 09:32:47.793948594,100013,243,100009,243,100021,343,100003,243,100022,100,99992,100,100037,100,99991,100,100039,100,99973,100,100044,100,99966,100,100045,100,99956,100,100060,100,99955,100,100065,100,99953,100,100070,100,99952,100
2019-06-28 09:32:50.000000000,100013,172,100009,172,100021,272,100003,172,100022,172,99992,172,100037,172,99991,172,100039,100,99973,100,100044,100,99966,100,100045,100,99956,100,100060,100,99955,100,100065,100,99953,100,100070,100,99952,100
2019-06-28 09:32:59.951905196,100013,72,100009,172,100021,272,100003,172,100022,172,99992,172,100037,172,99991,172,100039,100,99973,100,100044,100,99966,100,100045,100,99956,100,100060,100,99953,100,100065,100,99952,100,100070,100,99942,100
2019-06-28 09:33:00.000000000,100021,486,100009,386,100022,100,100003,100,100037,100,99992,100,100039,100,99991,100,100044,100,99973,100,100045,100,99966,100,100060,100,99956,100,100065,100,99953,100,100070,100,99952,100,100087,100,99942,100
2019-06-28 09:33:03.820487129,100021,386,100009,386,100022,100,100003,100,100037,100,99992,100,100039,100,99991,100,100044,100,99973,100,100045,100,99966,100,100060,100,99956,100,100065,100,99953,100,100070,100,99952,100,100087,100,99942,100
2019-06-28 09:33:10.000000000,100021,172,100009,172,100022,172,100003,172,100037,172,99992,172,100039,172,99991,172,100044,100,99973,100,100045,100,99966,100,100060,100,99956,100,100065,100,99953,100,100070,100,99952,100,100087,100,99942,100
2019-06-28 09:33:20.000000000,100021,197,100009,197,100022,194,100003,194,100037,194,99992,194,100039,100,99991,100,100044,100,99973,100,100045,100,99966,100,100060,100,99956,100,100065,100,99953,100,100070,100,99952,100,100087,100,99942,100
2019-06-28 09:33:30.000000000,100021,386,100009,386,100022,100,100003,100,100037,100,99992,100,100039,100,99991,100,100044,100,99973,100,100045,100,99966,100,100060,100,99956,100,100065,100,99953,100,100070,100,99952,100,100087,100,99942,100
2019-06-28 09:33:37.408670509,100021,386,100009,386,100022,100,100003,100,100037,100,99992,100,100039,100,99991,100,100044,100,99973,100,100045,100,99966,100,100060,100,99956,100,100062,100,99953,100,100065,100,99952,100,100070,100,99942,100
2019-06-28 09:33:40.000000000,100021,172,100009,172,100022,172,100003,172,100037,172,99992,172,100039,172,99991,172,100044,100,99973,100,100045,100,99966,100,100060,100,99956,100,100062,100,99953,100,100065,100,99952,100,100070,100,99942,100
2019-06-28 09:33:50.000000000,100021,157,100009,157,100022,157,100003,157,100037,157,99992,157,100039,157,99991,157,100044,157,99973,157,100045,100,99966,100,100060,100,99956,100,100062,100,99953,100,100065,100,99952,100,100070,100,99942,100
2019-06-28 09:33:55.885540512,100012,100,100009,157,100021,157,100003,157,100022,157,99992,157,100037,157,99991,157,100039,157,99973,157,100044,157,99966,100,100045,100,99956,100,100060,100,99953,100,100062,100,99952,100,100065,100,99942,100
2019-06-28 09:34:00.000000000,100012,172,100009,172,100021,172,100003,172,100022,172,99992,172,100037,172,99991,172,100039,100,99973,100,100044,100,99966,100,100045,100,99956,100,100060,100,99953,100,100062,100,99952,100,100065,100,99942,100
2019-06-28 09:34:02.443143189,100012,72,100009,172,100021,172,100003,172,100022,172,99992,172,100037,172,99991,172,100039,100,99973,100,100044,100,99966,100,100045,100,99956,100,100060,100,99953,100,100062,100,99952,100,100065,100,99942,100
2019-06-28 09:34:10.000000000,100021,197,100009,197,100022,194,100003,194,100037,194,99992,194,100039,100,99991,100,100044,100,99973,100,100045,100,99966,100,100060,100,99956,100,100062,100,99953,100,100065,100,99952,100,100070,100,99942,100
2019-06-28 09:34:20.000000000,100021,197,100009,197,100022,194,100003,194,100037,194,99992,194,100039,100,99991,100,100044,100,99973,100,100045,100,99966,100,100060,100,99956,100,100062,100,99953,100,100065,100,99952,100,100070,100,99942,100
2019-06-28 09:34:30.000000000,100021,157,100009,157,100022,157,100003,157,100037,157,99992,157,100039,157,99991,157,100044,157,99973,157,100045,100,99966,100,100060,100,99956,100,100062,100,99953,100,100065,100,99952,100,100070,100,99942,100
2019-06-28 09:34:36.049406791,100014,100,100009,157,100021,157,100003,157,100022,157,99992,157,100037,157,99991,157,100039,157,99973,157,100044,157,99966,100,100045,100,99956,100,100060,100,99953,100,100062,100,99952,100,100065,100,99942,100
2019-06-28 09:34:40.000000000,100014,197,100009,197,100021,194,100003,194,100022,194,99992,194,100037,100,99991,100,100039,100,99973,100,100044,100,99966,100,100045,100,99956,100,100060,100,99953,100,100062,100,99952,100,100065,100,99942,100
2019-06-28 09:34:50.000000000,100014,243,100009,243,100021,243,100003,243,100022,100,99992,100,100037,100,99991,100,100039,100,99973,100,100044,100,99966,100,100045,100,99956,100,100060,100,99953,100,100062,100,99952,100,100065,100,99942,100
2019-06-28 09:35:00.000000000,100014,386,100009,386,100021,100,100003,100,100022,100,99992,100,100037,100,99991,100,100039,100,99973,100,100044,100,99966,100,100045,100,99956,100,100060,100,99953,100,100062,100,99952,100,100065,100,99942,100
2019-06-28 09:35:10.000000000,100014,172,100009,172,100021,172,100003,172,100022,172,99992,172,100037,172,99991,172,100039,100,99973,100,100044,100,99966,100,100045,100,99956,100,100060,100,99953,100,100062,100,99952,100,100065,100,99942,100
2019-06-28 09:35:20.000000000,100014,197,100009,197,100021,194,100003,194,100022,194,99992,194,100037,100,99991,100,100039,100,99973,100,100044,100,99966,100,100045,100,99956,100,100060,100,99953,100,100062,100,99952,100,100065,100,99942,100
2019-06-28 09:35:22.341974417,100014,197,100009,97,100021,194,100003,194,100022,194,99992,194,100037,100,99991,100,100039,100,99973,100,100044,100,99966,100,100045,100,99956,100,100060,100,99953,100,100062,100,99952,100,100065,100,99942,100
2019-06-28 09:35:30.000000000,100014,386,100003,386,100021,100,99992,100,100022,100,99991,100,100037,100,99973,100,100039,100,99966,100,100044,100,99956,100,100045,100,99953,100,100060,100,99952,100,100062,100,99942,100,100065,100,99941,100
2019-06-28 09:35:40.000000000,100014,197,100003,197,100021,194,99992,194,100022,194,99991,194,100037,100,99973,100,100039,100,99966,100,100044,100,99956,100,100045,100,99953,100,100060,100,99952,100,100062,100,99942,100,100065,100,99941,100
2019-06-28 09:35:48.594218533,100014,197,100003,197,100021,194,99992,194,100022,194,99991,194,100037,100,99973,100,100039,100,99966,100,100044,100,99956,100,100045,100,99953,100,100060,100,99952,100,100062,100,99942,100,100065,100,99941,100
2019-06-28 09:35:50.000000000,100014,243,100003,243,100021,243,99992,243,100022,100,99991,100,100037,100,99973,100,100039,100,99966,100,100044,100,99956,100,100045,100,99953,100,100060,100,99952,100,100062,100,99942,100,100065,100,99941,100
2019-06-28 09:35:56.334674444,100014,243,100003,243,100021,243,99992,143,100022,100,99991,100,100037,100,99973,100,100039,100,99966,100,100044,100,99956,100,100045,100,99953,100,100060,100,99952,100,100062,100,99942,100,100065,100,99941,100
2019-06-28 09:36:00.000000000,100014,197,100003,197,100021,194,99991,194,100022,194,99973,194,100037,100,99966,100,100039,100,99956,100,100044,100,99953,100,100045,100,99952,100,100060,100,99942,100,100062,100,99941,100,100065,100,99927,100
2019-06-28 09:36:10.000000000,100014,386,100003,386,100021,100,99991,100,100022,100,99973,100,100037,100,99966,100,100039,100,99956,100,100044,100,99953,100,100045,100,99952,100,100060,100,99942,100,100062,100,99941,100,100065,100,99927,100
2019-06-28 09:36:20.000000000,100014,172,100003,172,100021,172,99991,172,100022,172,99973,172,100037,172,99966,172,100039,100,99956,100,100044,100,99953,100,100045,100,99952,100,100060,100,99942,100,100062,100,99941,100,100065,100,99927,100
2019-06-28 09:36:20.854116064,100014,172,100003,172,100021,172,99991,172,100022,172,99973,172,100037,172,99966,172,100044,100,99956,100,100045,100,99953,100,100060,100,99952,100,100062,100,99942,100,100065,100,99941,100,100070,100,99927,100
2019-06-28 09:36:30.000000000,100014,157,100003,157,100021,157,99991,157,100022,157,99973,157,100037,157,99966,157,100044,157,99956,157,100045,100,99953,100,100060,100,99952,100,100062,100,99942,100,100065,100,99941,100,100070,100,99927,100
2019-06-28 09:36:39.192847305,100014,157,100003,157,100021,157,99991,157,100022,157,99973,157,100037,157,99966,157,100044,157,99956,157,100045,100,99953,100,100060,100,99952,100,100062,100,99942,100,100065,100,99941,100,100070,100,99927,100
2019-06-28 09:36:40.000000000,100014,243,100003,243,100021,243,99991,243,100022,100,99973,100,100037,100,99966,100,100044,100,99956,100,100045,100,99953,100,100060,100,99952,100,100062,100,99942,100,100065,100,99941,100,100070,100,99927,100
2019-06-28 09:36:50.000000000,100014,386,100003,386,100021,100,99991,100,100022,100,99973,100,100037,100,99966,100,100044,100,99956,100,100045,100,99953,100,100060,100,99952,100,100062,100,99942,100,100065,100,99941,100,100070,100,99927,100
2019-06-28 09:37:00.000000000,100014,197,100003,197,100021,194,99991,194,100022,194,99973,194,100037,100,99966,100,100044,100,99956,100,100045,100,99953,100,100060,100,99952,100,100062,100,99942,100,100065,100,99941,100,100070,100,99927,100
2019-06-28 09:37:03.098526758,100014,197,100003,197,100021,194,99991,194,100022,294,99973,194,100037,100,99966,100,100044,100,99956,100,100045,100,99953,100,100060,100,99952,100,100062,100,99942,100,100065,100,99941,100,100070,100,99927,100
2019-06-28 09:37:10.000000000,100014,386,100003,386,100021,100,99991,100,100022,200,99973,100,100037,100,99966,100,100044,100,99956,100,100045,100,99953,100,100060,100,99952,100,100062,100,99942,100,100065,100,99941,100,100070,100,99927,100
2019-06-28 09:37:20.000000000,100014,197,100003,197,100021,194,99991,194,100022,294,99973,194,100037,100,99966,100,100044,100,99956,100,100045,100,99953,100,100060,100,99952,100,100062,100,99942,100,100065,100,99941,100,100070,100,99927,100
2019-06-28 09:37:23.627245538,100014,197,100003,197,100021,194,99991,194,100022,294,99973,194,100037,100,99966,100,100044,100,99956,100,100045,100,99953,100,100060,100,99952,100,100062,100,99942,100,100065,100,99941,100,100070,100,99927,100
2019-06-28 09:37:24.840983375,100014,197,100003,197,100021,194,99991,194,100022,294,99973,194,100037,100,99966,100,100044,100,99956,100,100045,100,99953,100,100060,100,99952,100,100062,100,99942,100,100065,100,99941,100,100070,100,99927,100
2019-06-28 09:37:27.317628877,100014,197,100003,197,100021,194,99991,194,100022,294,99973,194,100037,100,99966,100,100044,100,99956,100,100045,100,99953,100,100060,100,99952,100,100062,100,99942,100,100065,100,99941,100,100070,100,99927,100
2019-06-28 09:37:30.000000000,100014,386,100003,386,100021,100,99991,100,100022,200,99973,100,100037,100,99966,100,100044,100,99956,100,100045,100,99953,100,100060,100,99952,100,100062,100,99942,100,100065,100,99941,100,100070,100,99927,100
2019-06-28 09:37:31.728626836,100014,386,100003,286,100021,100,99991,100,100022,200,99973,100,100037,100,99966,100,100044,100,99956,100,100045,100,99953,100,100060,100,99952,100,100062,100,99942,100,100065,100,99941,100,100070,100,99927,100
2019-06-28 09:37:40.000000000,100014,386,99991,386,100021,100,99973,100,100022,200,99966,100,100037,100,99956,100,100044,100,99953,100,100045,100,99952,100,100060,100,99942,100,100062,100,99941,100,100065,100,99927,100,100070,100,99925,100
2019-06-28 09:37:46.190744737,100014,386,99991,386,100021,100,99973,100,100022,200,99966,100,100037,100,99956,100,100044,100,99953,100,100045,100,99952,100,100060,100,99942,100,100062,100,99941,100,100065,100,99927,100,100070,100,99925,100
2019-06-28 09:37:48.420388098,100014,386,99991,386,100021,100,99973,100,100022,200,99966,100,100037,100,99956,100,100044,100,99953,100,100045,100,99952,100,100060,100,99942,100,100062,100,99941,100,100065,100,99927,100,100087,100,99925,100
2019-06-28 09:37:50.000000000,100014,386,99991,386,100021,100,99973,100,100022,200,99966,100,100037,100,99956,100,100044,100,99953,100,100045,100,99952,100,100060,100,99942,100,100062,100,99941,100,100065,100,99927,100,100087,100,99925,100
2019-06-28 09:37:53.495284369,100014,386,99991,286,100021,100,99973,100,100022,200,99966,100,100037,100,99956,100,100044,100,99953,100,100045,100,99952,100,100060,100,99942,100,100062,100,99941,100,100065,100,99927,100,100087,100,99925,100
2019-06-28 09:37:56.137106804,100014,386,99991,186,100021,100,99973,100,100022,200,99966,100,100037,100,99956,100,100044,100,99953,100,100045,100,99952,100,100060,100,99942,100,100062,100,99941,100,100065,100,99927,100,100087,100,99925,100
2019-06-28 09:38:00.000000000,100014,172,99973,172,100021,172,99966,172,100022,272,99956,172,100037,172,99953,172,100044,100,99952,100,100045,100,99942,100,100060,100,99941,100,100062,100,99927,100,100065,100,99925,100,100087,100,99915,100
2019-06-28 09:38:03.804561614,100014,172,99973,172,100021,172,99966,172,100022,272,99956,172,100037,172,99953,172,100044,100,99952,100,100045,100,99942,100,100060,100,99941,100,100062,100,99927,100,100065,100,99925,100,100087,100,99915,100
2019-06-28 09:38:04.041276919,100014,72,99973,172,100021,172,99966,172,100022,272,99956,172,100037,172,99953,172,100044,100,99952,100,100045,100,99942,100,100060,100,99941,100,100062,100,99927,100,100065,100,99925,100,100087,100,99915,100
2019-06-28 09:38:04.166482047,100014,72,99973,172,100021,172,99966,172,100022,272,99956,172,100037,172,99953,172,100044,100,99952,100,100045,100,99942,100,100060,100,99941,100,100062,100,99927,100,100065,100,99925,100,100076,100,99915,100
2019-06-28 09:38:07.452047795,100014,72,99991,100,100021,172,99973,172,100022,272,99966,172,100037,172,99956,172,100044,100,99953,172,100045,100,99952,100,100060,100,99942,100,100062,100,99941,100,100065,100,99927,100,100076,100,99925,100
2019-06-28 09:38:10.000000000,100021,157,99991,157,100022,257,99973,157,100037,157,99966,157,100044,157,99956,157,100045,157,99953,157,100060,100,99952,100,100062,100,99942,100,100065,100,99941,100,100076,100,99927,100,100087,100,99925,100
2019-06-28 09:38:11.888766436,100021,157,99991,157,100022,257,99973,157,100037,157,99966,157,100044,157,99956,157,100045,157,99953,157,100060,100,99952,100,100062,100,99942,100,100065,100,99941,100,100076,100,99927,100,100087,100,99925,100
2019-06-28 09:38:20.000000000,100021,197,99991,197,100022,294,99973,194,100037,194,99966,194,100044,100,99956,100,100045,100,99953,100,100060,100,99952,100,100062,100,99942,100,100065,100,99941,100,100076,100,99927,100,100087,100,99925,100
2019-06-28 09:38:30.000000000,100021,197,99991,197,100022,294,99973,194,100037,194,99966,194,100044,100,99956,100,100045,100,99953,100,100060,100,99952,100,100062,100,99942,100,100065,100,99941,100,100076,100,99927,100,100087,100,99925,100
2019-06-28 09:38:31.766270406,100021,197,99991,297,100022,294,99973,194,100037,194,99966,194,100044,100,99956,100,100060,100,99953,100,100062,100,99952,100,100065,100,99942,100,100076,100,99941,100,100087,100,99927,100,100091,100,99925,100
2019-06-28 09:38:40.000000000,100021,157,99991,257,100022,257,99973,157,100037,157,99966,157,100044,157,99956,157,100060,157,99953,157,100062,100,99952,100,100065,100,99942,100,100076,100,99941,100,100087,100,99927,100,100091,100,99925,100
2019-06-28 09:38:41.215699933,100021,157,99991,257,100022,157,99973,157,100037,157,99966,157,100044,157,99956,157,100060,157,99953,157,100062,100,99952,100,100065,100,99942,100,100076,100,99941,100,100087,100,99927,100,100091,100,99925,100
2019-06-28 09:38:50.000000000,100021,243,99991,343,100022,243,99973,243,100037,100,99966,100,100044,100,99956,100,100060,100,99953,100,100062,100,99952,100,100065,100,99942,100,100076,100,99941,100,100087,100,99927,100,100091,100,99925,100
2019-06-28 09:38:54.817173904,100021,243,99991,343,100022,243,99973,243,100037,100,99966,100,100044,100,99956,100,100060,100,99953,100,100062,100,99952,100,100065,100,99942,100,100076,100,99941,100,100087,100,99927,100,100091,100,99925,100
2019-06-28 09:39:00.000000000,100021,157,99991,257,100022,157,99973,157,100037,157,99966,157,100044,157,99956,157,100060,157,99953,157,100062,100,99952,100,100065,100,99942,100,100076,100,99941,100,100087,100,99927,100,100091,100,99925,100
2019-06-28 09:39:10.000000000,100021,157,99991,257,100022,157,99973,157,100037,157,99966,157,100044,157,99956,157,100060,157,99953,157,100062,100,99952,100,100065,100,99942,100,100076,100,99941,100,100087,100,99927,100,100091,100,99925,100
2019-06-28 09:39:20.000000000,100021,157,99991,257,100022,157,99973,157,100037,157,99966,157,100044,157,99956,157,100060,157,99953,157,100062,100,99952,100,100065,100,99942,100,100076,100,99941,100,100087,100,99927,100,100091,100,99925,100
2019-06-28 09:39:30.000000000,100021,172,99991,272,100022,172,99973,172,100037,172,99966,172,100044,172,99956,172,100060,100,99953,100,100062,100,99952,100,100065,100,99942,100,100076,100,99941,100,100087,100,99927,100,100091,100,99925,100
2019-06-28 09:39:39.856495866,100021,172,99991,372,100022,172,99973,172,100037,172,99966,172,100044,172,99956,172,100060,100,99953,100,100062,100,99952,100,100065,100,99942,100,100076,100,99941,100,100087,100,99927,100,100091,100,99925,100
2019-06-28 09:39:40.000000000,100021,386,99991,586,100022,100,99973,100,100037,100,99966,100,100044,100,99956,100,100060,100,99953,100,100062,100,99952,100,100065,100,99942,100,100076,100,99941,100,100087,100,99927,100,100091,100,99925,100
2019-06-28 09:39:44.424636981,100013,100,99991,586,100021,386,99973,100,100022,100,99966,100,100037,100,99956,100,100044,100,99953,100,100060,100,99952,100,100062,100,99942,100,100065,100,99941,100,100076,100,99927,100,100087,100,99925,100
2019-06-28 09:39:50.000000000,100013,386,99991,586,100021,100,99973,100,100022,100,99966,100,100037,100,99956,100,100044,100,99953,100,100060,100,99952,100,100062,100,99942,100,100065,100,99941,100,100076,100,99927,100,100087,100,99925,100
2019-06-28 09:40:00.000000000,100013,197,99991,397,100021,194,99973,194,100022,194,99966,194,100037,100,99956,100,100044,100,99953,100,100060,100,99952,100,100062,100,99942,100,100065,100,99941,100,100076,100,99927,100,100087,100,99925,100
2019-06-28 09:40:10.000000000,100013,172,99991,372,100021,172,99973,172,100022,172,99966,172,100037,172,99956,172,100044,100,99953,100,100060,100,99952,100,100062,100,99942,100,100065,100,99941,100,100076,100,99927,100,100087,100,99925,100
2019-06-28 09:40:17.721212863,100013,172,99991,372,100021,172,99973,172,100022,172,99966,172,100037,172,99956,172,100044,100,99953,100,100060,100,99952,100,100062,100,99942,100,100065,100,99941,100,100076,100,99927,100,100087,100,99925,100
2019-06-28 09:40:20.000000000,100013,172,99991,372,100021,172,99973,172,100022,172,99966,172,100037,172,99956,172,100044,100,99953,100,100060,100,99952,100,100062,100,99942,100,100065,100,99941,100,100076,100,99927,100,100087,100,99925,100
2019-06-28 09:40:30.000000000,100013,386,99991,586,100021,100,99973,100,100022,100,99966,100,100037,100,99956,100,100044,100,99953,100,100060,100,99952,100,100062,100,99942,100,100065,100,99941,100,100076,100,99927,100,100087,100,99925,100
2019-06-28 09:40:39.252999815,100013,386,99991,686,100021,100,99973,100,100022,100,99966,100,100037,100,99956,100,100044,100,99953,100,100060,100,99952,100,100062,100,99942,100,100065,100,99941,100,100076,100,99927,100,100087,100,99925,100
2019-06-28 09:40:40.000000000,100013,243,99991,543,100021,243,99973,243,100022,100,99966,100,100037,100,99956,100,100044,100,99953,100,100060,100,99952,100,100062,100,99942,100,100065,100,99941,100,100076,100,99927,100,100087,100,99925,100
2019-06-28 09:40:41.418646700,100013,243,99991,543,100021,243,99973,243,100037,100,99966,100,100044,100,99956,100,100060,100,99953,100,100062,100,99952,100,100065,100,99942,100,100076,100,99941,100,100087,100,99927,100,100091,100,99925,100
2019-06-28 09:40:50.000000000,100013,386,99991,686,100021,100,99973,100,100037,100,99966,100,100044,100,99956,100,100060,100,99953,100,100062,100,99952,100,100065,100,99942,100,100076,100,99941,100,100087,100,99927,100,100091,100,99925,100
2019-06-28 09:41:00.000000000,100013,197,99991,497,100021,194,99973,194,100037,194,99966,194,100044,100,99956,100,100060,100,99953,100,100062,100,99952,100,100065,100,99942,100,100076,100,99941,100,100087,100,99927,100,100091,100,99925,100
2019-06-28 09:41:03.920604762,100013,197,99991,497,100021,194,99973,194,100037,194,99966,194,100044,100,99956,100,100060,100,99953,100,100062,100,99952,100,100065,100,99942,100,100076,100,99941,100,100087,100,99927,100,100091,100,99925,100
2019-06-28 09:41:07.457182069,100013,197,99991,497,100021,194,99973,194,100037,194,99966,194,100044,100,99956,100,100060,100,99952,100,100062,100,99942,100,100065,100,99941,100,100076,100,99927,100,100087,100,99925,100,100091,100,99915,100
2019-06-28 09:41:10.000000000,100013,243,99991,543,100021,243,99973,243,100037,100,99966,100,100044,100,99956,100,100060,100,99952,100,100062,100,99942,100,100065,100,99941,100,100076,100,99927,100,100087,100,99925,100,100091,100,99915,100
2019-06-28 09:41:19.652271333,100013,143,99991,543,100021,243,99973,243,100037,100,99966,100,100044,100,99956,100,100060,100,99952,100,100062,100,99942,100,100065,100,99941,100,100076,100,99927,100,100087,100,99925,100,100091,100,99915,100
2019-06-28 09:41:20.000000000,100021,386,99991,686,100037,100,99973,100,100044,100,99966,100,100060,100,99956,100,100062,100,99952,100,100065,100,99942,100,100076,100,99941,100,100087,100,99927,100,100091,100,99925,100,100103,100,99915,100
2019-06-28 09:41:25.785753878,100021,386,100013,100,100037,100,99991,586,100044,100,99973,100,100060,100,99966,100,100062,100,99956,100,100065,100,99952,100,100076,100,99942,100,100087,100,99941,100,100091,100,99927,100,100103,100,99925,100
2019-06-28 09:41:30.000000000,100021,243,100013,243,100037,243,99991,443,100044,100,99973,100,100060,100,99966,100,100062,100,99956,100,100065,100,99952,100,100076,100,99942,100,100087,100,99941,100,100091,100,99927,100,100103,100,99925,100
2019-06-28 09:41:40.000000000,100021,243,100013,243,100037,243,99991,443,100044,100,99973,100,100060,100,99966,100,100062,100,99956,100,100065,100,99952,100,100076,100,99942,100,100087,100,99941,100,100091,100,99927,100,100103,100,99925,100
2019-06-28 09:41:46.752742261,100021,143,100013,243,100037,243,99991,443,100044,100,99973,100,100060,100,99966,100,100062,100,99956,100,100065,100,99952,100,100076,100,99942,100,100087,100,99941,100,100091,100,99927,100,100103,100,99925,100
2019-06-28 09:41:49.163224861,100021,143,100014,100,100037,243,100013,243,100044,100,99991,443,100060,100,99973,100,100062,100,99966,100,100065,100,99956,100,100076,100,99952,100,100087,100,99942,100,100091,100,99941,100,100103,100,99927,100
2019-06-28 09:41:50.000000000,100037,386,100014,386,100044,100,100013,100,100060,100,99991,300,100062,100,99973,100,100065,100,99966,100,100076,100,99956,100,100087,100,99952,100,100091,100,99942,100,100103,100,99941,100,100133,100,99927,100
2019-06-28 09:41:50.685866106,100037,386,100014,386,100044,100,100013,100,100060,100,99991,300,100062,100,99973,100,100065,100,99966,100,100076,100,99956,100,100087,100,99952,100,100091,100,99942,100,100103,100,99941,100,100133,100,99927,100
2019-06-28 09:41:54.873190464,100037,286,100014,386,100044,100,100013,100,100060,100,99991,300,100062,100,99973,100,100065,100,99966,100,100076,100,99956,100,100087,100,99952,100,100091,100,99942,100,100103,100,99941,100,100133,100,99927,100
2019-06-28 09:42:00.000000000,100044,157,100014,157,100060,157,100013,157,100062,157,99991,357,100065,157,99973,157,100076,157,99966,157,100087,100,99956,100,100091,100,99952,100,100103,100,99942,100,100133,100,99941,100,100163,100,99927,100
2019-06-28 09:42:10.000000000,100044,243,100014,243,100060,243,100013,243,100062,100,99991,300,100065,100,99973,100,100076,100,99966,100,100087,100,99956,100,100091,100,99952,100,100103,100,99942,100,100133,100,99941,100,100163,100,99927,100
2019-06-28 09:42:15.090873187,100044,243,100021,100,100060,243,100014,243,100062,100,100013,243,100065,100,99991,300,100076,100,99973,100,100087,100,99966,100,100091,100,99956,100,100103,100,99952,100,100133,100,99942,100,100163,100,99941,100
2019-06-28 09:42:20.000000000,100044,172,100021,172,100060,172,100014,172,100062,172,100013,172,100065,172,99991,372,100076,100,99973,100,100087,100,99966,100,100091,100,99956,100,100103,100,99952,100,100133,100,99942,100,100163,100,99941,100
2019-06-28 09:42:28.311763175,100044,172,100021,172,100060,172,100014,172,100062,172,100013,172,100065,172,99991,372,100076,100,99973,100,100087,100,99966,100,100091,100,99956,100,100103,100,99952,100,100133,100,99942,100,100163,100,99941,100
2019-06-28 09:42:30.000000000,100044,157,100021,157,100060,157,100014,157,100062,157,100013,157,100065,157,99991,357,100076,157,99973,157,100087,100,99966,100,100091,100,99956,100,100103,100,99952,100,100133,100,99942,100,100163,100,99941,100
2019-06-28 09:42:30.320119967,100044,157,100021,157,100060,157,100014,157,100062,157,100013,157,100065,157,99991,357,100076,157,99973,157,100087,100,99966,100,100091,100,99956,100,100103,100,99952,100,100133,100,99942,100,100163,100,99941,100
2019-06-28 09:42:40.000000000,100044,386,100021,386,100060,100,100014,100,100062,100,100013,100,100065,100,99991,300,100076,100,99973,100,100087,100,99966,100,100091,100,99956,100,100103,100,99952,100,100133,100,99942,100,100163,100,99941,100
2019-06-28 09:42:42.109619314,100044,386,100021,386,100060,100,100014,100,100062,100,100013,100,100065,100,99991,300,100076,100,99973,100,100087,100,99966,100,100091,100,99956,100,100103,100,99952,100,100133,100,99942,100,100163,100,99941,100
2019-06-28 09:42:50.000000000,100044,243,100021,243,100060,243,100014,243,100062,100,100013,100,100065,100,99991,300,100076,100,99973,100,100087,100,99966,100,100091,100,99956,100,100103,100,99952,100,100133,100,99942,100,100163,100,99941,100
2019-06-28 09:43:00.000000000,100044,386,100021,386,100060,100,100014,100,100062,100,100013,100,100065,100,99991,300,100076,100,99973,100,100087,100,99966,100,100091,100,99956,100,100103,100,99952,100,100133,100,99942,100,100163,100,99941,100
2019-06-28 09:43:10.000000000,100044,386,100021,386,100060,100,100014,100,100062,100,100013,100,100065,100,99991,300,100076,100,99973,100,100087,100,99966,100,100091,100,99956,100,100103,100,99952,100,100133,100,99942,100,100163,100,99941,100
2019-06-28 09:43:14.118239162,100044,286,100021,386,100060,100,100014,100,100062,100,100013,100,100065,100,99991,300,100076,100,99973,100,100087,100,99966,100,100091,100,99956,100,100103,100,99952,100,100133,100,99942,100,100163,100,99941,100
2019-06-28 09:43:15.201721588,100044,186,100021,386,100060,100,100014,100,100062,100,100013,100,100065,100,99991,300,100076,100,99973,100,100087,100,99966,100,100091,100,99956,100,100103,100,99952,100,100133,100,99942,100,100163,100,99941,100
2019-06-28 09:43:20.000000000,100060,243,100021,243,100062,243,100014,243,100065,100,100013,100,100076,100,99991,300,100087,100,99973,100,100091,100,99966,100,100103,100,99956,100,100133,100,99952,100,100163,100,99942,100,100216,100,99941,100
2019-06-28 09:43:23.082795299,100060,143,100021,243,100062,243,100014,243,100065,100,100013,100,100076,100,99991,300,100087,100,99973,100,100091,100,99966,100,100103,100,99956,100,100133,100,99952,100,100163,100,99942,100,100216,100,99941,100
2019-06-28 09:43:29.214722525,100060,143,100021,243,100062,243,100014,243,100065,100,100013,100,100076,100,99991,200,100087,100,99973,100,100091,100,99966,100,100103,100,99956,100,100133,100,99952,100,100163,100,99942,100,100216,100,99941,100
2019-06-28 09:43:30.000000000,100062,157,100021,157,100065,157,100014,157,100076,157,100013,157,100087,157,99991,257,100091,157,99973,157,100103,100,99966,100,100133,100,99956,100,100163,100,99952,100,100216,100,99942,100,100217,100,99941,100
2019-06-28 09:43:35.007953245,100062,57,100021,157,100065,157,100014,157,100076,157,100013,157,100087,157,99991,257,100091,157,99973,157,100103,100,99966,100,100133,100,99956,100,100163,100,99952,100,100216,100,99942,100,100217,100,99941,100
2019-06-28 09:43:40.000000000,100065,197,100021,197,100076,194,100014,194,100087,194,100013,194,100091,100,99991,200,100103,100,99973,100,100133,100,99966,100,100163,100,99956,100,100216,100,99952,100,100217,100,99942,100,100325,100,99941,100
2019-06-28 09:43:44.128416047,100065,197,100021,197,100076,194,100014,194,100087,194,100013,194,100091,100,99991,200,100103,100,99973,100,100133,100,99966,100,100163,100,99956,100,100216,100,99952,100,100217,100,99942,100,100325,100,99941,100
2019-06-28 09:43:50.000000000,100065,243,100021,243,100076,243,100014,243,100087,100,100013,100,100091,100,99991,200,100103,100,99973,100,100133,100,99966,100,100163,100,99956,100,100216,100,99952,100,100217,100,99942,100,100325,100,99941,100
2019-06-28 09:44:00.000000000,100065,172,100021,172,100076,172,100014,172,100087,172,100013,172,100091,172,99991,272,100103,100,99973,100,100133,100,99966,100,100163,100,99956,100,100216,100,99952,100,100217,100,99942,100,100325,100,99941,100
2019-06-28 09:44:10.000000000,100065,243,100021,243,100076,243,100014,243,100087,100,100013,100,100091,100,99991,200,100103,100,99973,100,100133,100,99966,100,100163,100,99956,100,100216,100,99952,100,100217,100,99942,100,100325,100,99941,100
2019-06-28 09:44:20.000000000,100065,197,100021,197,100076,194,100014,194,100087,194,100013,194,100091,100,99991,200,100103,100,99973,100,100133,100,99966,100,100163,100,99956,100,100216,100,99952,100,100217,100,99942,100,100325,100,99941,100
2019-06-28 09:44:30.000000000,100065,386,100021,386,100076,100,100014,100,100087,100,100013,100,100091,100,99991,200,100103,100,99973,100,100133,100,99966,100,100163,100,99956,100,100216,100,99952,100,100217,100,99942,100,100325,100,99941,100
2019-06-28 09:44:30.315014055,100065,286,100021,386,100076,100,100014,100,100087,100,100013,100,100091,100,99991,200,100103,100,99973,100,100133,100,99966,100,100163,100,99956,100,100216,100,99952,100,100217,100,99942,100,100325,100,99941,100
2019-06-28 09:44:40.000000000,100076,197,100021,197,100087,194,100014,194,100091,194,100013,194,100103,100,99991,200,100133,100,99973,100,100163,100,99966,100,100216,100,99956,100,100217,100,99952,100,100325,100,99942,100,100351,100,99941,100
2019-06-28 09:44:50.000000000,100076,172,100021,172,100087,172,100014,172,100091,172,100013,172,100103,172,99991,272,100133,100,99973,100,100163,100,99966,100,100216,100,99956,100,100217,100,99952,100,100325,100,99942,100,100351,100,99941,100
2019-06-28 09:44:59.769669245,100076,172,100054,100,100087,172,100021,172,100091,172,100014,172,100103,172,100013,172,100133,100,99991,272,100163,100,99973,100,100216,100,99966,100,100217,100,99956,100,100325,100,99952,100,100351,100,99942,100
2019-06-28 09:45:00.000000000,100076,243,100054,243,100087,243,100021,243,100091,100,100014,100,100103,100,100013,100,100133,100,99991,200,100163,100,99973,100,100216,100,99966,100,100217,100,99956,100,100325,100,99952,100,100351,100,99942,100
2019-06-28 09:45:10.000000000,100076,157,100054,157,100087,157,100021,157,100091,157,100014,157,100103,157,100013,157,100133,157,99991,257,100163,100,99973,100,100216,100,99966,100,100217,100,99956,100,100325,100,99952,100,100351,100,99942,100
2019-06-28 09:45:12.501919030,100076,157,100054,157,100087,157,100021,157,100091,157,100014,157,100103,157,100013,157,100133,157,99991,257,100163,100,99973,100,100216,100,99966,100,100217,100,99956,100,100325,100,99952,100,100351,100,99942,100
2019-06-28 09:45:20.000000000,100076,157,100054,157,100087,157,100021,157,100091,157,100014,157,100103,157,100013,157,100133,157,99991,257,100163,100,99973,100,100216,100,99966,100,100217,100,99956,100,100325,100,99952,100,100351,100,99942,100
2019-06-28 09:45:30.000000000,100076,172,100054,172,100087,172,100021,172,100091,172,100014,172,100103,172,100013,172,100133,100,99991,200,100163,100,99973,100,100216,100,99966,100,100217,100,99956,100,100325,100,99952,100,100351,100,99942,100
2019-06-28 09:45:40.000000000,100076,386,100054,386,100087,100,100021,100,100091,100,100014,100,100103,100,100013,100,100133,100,99991,200,100163,100,99973,100,100216,100,99966,100,100217,100,99956,100,100325,100,99952,100,100351,100,99942,100
2019-06-28 09:45:41.195575348,100076,386,100054,386,100087,100,100021,100,100091,100,100014,100,100103,100,100013,100,100133,100,99991,200,100163,100,99973,100,100216,100,99966,100,100217,100,99956,100,100325,100,99952,100,100351,100,99942,100
2019-06-28 09:45:50.000000000,100076,157,100054,157,100087,157,100021,157,100091,157,100014,157,100103,157,100013,157,100133,157,99991,257,100163,100,99973,100,100216,100,99966,100,100217,100,99956,100,100325,100,99952,100,100351,100,99942,100
2019-06-28 09:46:00.000000000,100076,386,100054,386,100087,100,100021,100,100091,100,100014,100,100103,100,100013,100,100133,100,99991,200,100163,100,99973,100,100216,100,99966,100,100217,100,99956,100,100325,100,99952,100,100351,100,99942,100
2019-06-28 09:46:10.000000000,100076,172,100054,172,100087,172,100021,172,100091,172,100014,172,100103,172,100013,172,100133,100,99991,200,100163,100,99973,100,100216,100,99966,100,100217,100,99956,100,100325,100,99952,100,100351,100,99942,100
2019-06-28 09:46:13.710259501,100076,72,100054,172,100087,172,100021,172,100091,172,100014,172,100103,172,100013,172,100133,100,99991,200,100163,100,99973,100,100216,100,99966,100,100217,100,99956,100,100325,100,99952,100,100351,100,99942,100
2019-06-28 09:46:16.124563871,100076,72,100054,172,100087,172,100021,172,100091,172,100014,172,100103,172,100013,172,100133,100,99991,200,100163,100,99973,100,100168,100,99966,100,100216,100,99956,100,100217,100,99952,100,100325,100,99942,100
2019-06-28 09:46:20.000000000,100087,386,100054,386,100091,100,100021,100,100103,100,100014,100,100133,100,100013,100,100163,100,99991,200,100168,100,99973,100,100216,100,99966,100,100217,100,99956,100,100325,100,99952,100,100351,100,99942,100
2019-06-28 09:46:23.492834138,100087,386,100065,100,100091,100,100054,386,100103,100,100021,100,100133,100,100014,100,100163,100,100013,100,100168,100,99991,200,100216,100,99973,100,100217,100,99966,100,100325,100,99956,100,100351,100,99952,100
2019-06-28 09:46:30.000000000,100087,243,100065,243,100091,243,100054,243,100103,100,100021,100,100133,100,100014,100,100163,100,100013,100,100168,100,99991,200,100216,100,99973,100,100217,100,99966,100,100325,100,99956,100,100351,100,99952,100
2019-06-28 09:46:40.000000000,100087,157,100065,157,100091,157,100054,157,100103,157,100021,157,100133,157,100014,157,100163,157,100013,157,100168,100,99991,200,100216,100,99973,100,100217,100,99966,100,100325,100,99956,100,100351,100,99952,100
2019-06-28 09:46:41.374238766,100087,157,100065,157,100091,157,100054,157,100103,157,100021,157,100133,157,100014,157,100163,157,100013,157,100168,100,99991,200,100216,100,99973,100,100217,100,99966,100,100325,100,99956,100,100351,200,99952,100
2019-06-28 09:46:50.000000000,100087,197,100065,197,100091,194,100054,194,100103,194,100021,194,100133,100,100014,100,100163,100,100013,100,100168,100,99991,200,100216,100,99973,100,100217,100,99966,100,100325,100,99956,100,100351,200,99952,100
2019-06-28 09:47:00.000000000,100087,197,100065,197,100091,194,100054,194,100103,194,100021,194,100133,100,100014,100,100163,100,100013,100,100168,100,99991,200,100216,100,99973,100,100217,100,99966,100,100325,100,99956,100,100351,200,99952,100
2019-06-28 09:47:10.000000000,100087,197,100065,197,100091,194,100054,194,100103,194,100021,194,100133,100,100014,100,100163,100,100013,100,100168,100,99991,200,100216,100,99973,100,100217,100,99966,100,100325,100,99956,100,100351,200,99952,100
2019-06-28 09:47:13.349222837,100087,197,100065,197,100091,194,100054,194,100103,194,100021,194,100133,100,100014,100,100163,100,100013,100,100168,100,99991,200,100216,100,99973,100,100217,100,99966,100,100269,100,99956,100,100325,100,99952,100
2019-06-28 09:47:20.000000000,100087,386,100065,386,100091,100,100054,100,100103,100,100021,100,100133,100,100014,100,100163,100,100013,100,100168,100,99991,200,100216,100,99973,100,100217,100,99966,100,100269,100,99956,100,100325,100,99952,100
2019-06-28 09:47:26.184342819,100087,286,100065,386,100091,100,100054,100,100103,100,100021,100,100133,100,100014,100,100163,100,100013,100,100168,100,99991,200,100216,100,99973,100,100217,100,99966,100,100269,100,99956,100,100325,100,99952,100
2019-06-28 09:47:30.000000000,100091,386,100065,386,100103,100,100054,100,100133,100,100021,100,100163,100,100014,100,100168,100,100013,100,100216,100,99991,200,100217,100,99973,100,100269,100,99966,100,100325,100,99956,100,100351,200,99952,100
2019-06-28 09:47:32.995308320,100091,386,100065,386,100103,100,100054,100,100133,100,100021,100,100163,100,100014,100,100168,100,100013,100,100182,100,99991,200,100216,100,99973,100,100217,100,99966,100,100269,100,99956,100,100325,100,99952,100
2019-06-28 09:47:37.796768889,100091,386,100076,100,100103,100,100065,386,100133,100,100054,100,100163,100,100021,100,100168,100,100013,100,100182,100,99991,200,100216,100,99973,100,100217,100,99966,100,100269,100,99956,100,100325,100,99952,100
2019-06-28 09:47:40.000000000,100091,197,100076,197,100103,194,100065,194,100133,194,100054,194,100163,100,100021,100,100168,100,100013,100,100182,100,99991,200,100216,100,99973,100,100217,100,99966,100,100269,100,99956,100,100325,100,99952,100
2019-06-28 09:47:50.000000000,100091,243,100076,243,100103,243,100065,243,100133,100,100054,100,100163,100,100021,100,100168,100,100013,100,100182,100,99991,200,100216,100,99973,100,100217,100,99966,100,100269,100,99956,100,100325,100,99952,100
2019-06-28 09:48:00.000000000,100091,197,100076,197,100103,194,100065,194,100133,194,100054,194,100163,100,100021,100,100168,100,100013,100,100182,100,99991,200,100216,100,99973,100,100217,100,99966,100,100269,100,99956,100,100325,100,99952,100
2019-06-28 09:48:10.000000000,100091,172,100076,172,100103,172,100065,172,100133,172,100054,172,100163,172,100021,172,100168,100,100013,100,100182,100,99991,200,100216,100,99973,100,100217,100,99966,100,100269,100,99956,100,100325,100,99952,100
2019-06-28 09:48:11.623553465,100091,172,100076,172,100103,172,100065,172,100133,172,100054,172,100163,172,100021,172,100168,100,100013,100,100182,100,99991,100,100216,100,99973,100,100217,100,99966,100,100269,100,99956,100,100325,100,99952,100
2019-06-28 09:48:19.459499646,100091,72,100076,172,100103,172,100065,172,100133,172,100054,172,100163,172,100021,172,100168,100,100013,100,100182,100,99991,100,100216,100,99966,100,100217,100,99956,100,100269,100,99952,100,100325,100,99942,100
2019-06-28 09:48:20.000000000,100103,172,100076,172,100133,172,100065,172,100163,172,100054,172,100168,172,100021,172,100182,100,100013,100,100216,100,99991,100,100217,100,99966,100,100269,100,99956,100,100325,100,99952,100,100351,200,99942,100
2019-06-28 09:48:29.833826426,100103,72,100076,172,100133,172,100065,172,100163,172,100054,172,100168,172,100021,172,100182,100,100013,100,100216,100,99991,100,100217,100,99966,100,100269,100,99956,100,100325,100,99952,100,100351,200,99942,100
2019-06-28 09:48:30.000000000,100133,243,100076,243,100163,243,100065,243,100168,100,100054,100,100182,100,100021,100,100216,100,100013,100,100217,100,99991,100,100269,100,99966,100,100325,100,99956,100,100351,200,99952,100,100372,100,99942,100
2019-06-28 09:48:39.344601022,100133,143,100076,243,100163,243,100065,243,100168,100,100054,100,100182,100,100021,100,100216,100,100013,100,100217,100,99991,100,100269,100,99966,100,100325,100,99956,100,100351,200,99952,100,100372,100,99942,100
2019-06-28 09:48:40.000000000,100163,172,100076,172,100168,172,100065,172,100182,172,100054,172,100216,172,100021,172,100217,100,100013,100,100269,100,99991,100,100325,100,99966,100,100351,200,99956,100,100372,100,99952,100,100429,100,99942,100
2019-06-28 09:48:50.000000000,100163,386,100076,386,100168,100,100065,100,100182,100,100054,100,100216,100,100021,100,100217,100,100013,100,100269,100,99991,100,100325,100,99966,100,100351,200,99956,100,100372,100,99952,100,100429,100,99942,100
2019-06-28 09:49:00.000000000,100163,386,100076,386,100168,100,100065,100,100182,100,100054,100,100216,100,100021,100,100217,100,100013,100,100269,100,99991,100,100325,100,99966,100,100351,200,99956,100,100372,100,99952,100,100429,100,99942,100
2019-06-28 09:49:07.595462637,100163,386,100076,386,100168,100,100065,100,100182,100,100054,100,100216,100,100022,100,100217,100,100021,100,100269,100,100013,100,100325,100,99991,100,100351,200,99966,100,100372,100,99956,100,100429,100,99952,100
2019-06-28 09:49:10.000000000,100163,157,100076,157,100168,157,100065,157,100182,157,100054,157,100216,157,100022,157,100217,157,100021,157,100269,100,100013,100,100325,100,99991,100,100351,200,99966,100,100372,100,99956,100,100429,100,99952,100
2019-06-28 09:49:20.000000000,100163,197,100076,197,100168,194,100065,194,100182,194,100054,194,100216,100,100022,100,100217,100,100021,100,100269,100,100013,100,100325,100,99991,100,100351,200,99966,100,100372,100,99956,100,100429,100,99952,100
2019-06-28 09:49:30.000000000,100163,197,100076,197,100168,194,100065,194,100182,194,100054,194,100216,100,100022,100,100217,100,100021,100,100269,100,100013,100,100325,100,99991,100,100351,200,99966,100,100372,100,99956,100,100429,100,99952,100
2019-06-28 09:49:40.000000000,100163,386,100076,386,100168,100,100065,100,100182,100,100054,100,100216,100,100022,100,100217,100,100021,100,100269,100,100013,100,100325,100,99991,100,100351,200,99966,100,100372,100,99956,100,100429,100,99952,100
2019-06-28 09:49:50.000000000,100163,197,100076,197,100168,194,100065,194,100182,194,100054,194,100216,100,100022,100,100217,100,100021,100,100269,100,100013,100,100325,100,99991,100,100351,200,99966,100,100372,100,99956,100,100429,100,99952,100
2019-06-28 09:49:54.290960352,100163,197,100076,97,100168,194,100065,194,100182,194,100054,194,100216,100,100022,100,100217,100,100021,100,100269,100,100013,100,100325,100,99991,100,100351,200,99966,100,100372,100,99956,100,100429,100,99952,100
2019-06-28 09:50:00.000000000,100163,172,100065,172,100168,172,100054,172,100182,172,100022,172,100216,172,100021,172,100217,100,100013,100,100269,100,99991,100,100325,100,99966,100,100351,200,99956,100,100372,100,99952,100,100429,100,99942,100
2019-06-28 09:50:03.557759692,100132,100,100065,172,100163,172,100054,172,100168,172,100022,172,100182,172,100021,72,100216,172,100013,100,100217,100,99991,100,100269,100,99966,100,100325,100,99956,100,100351,200,99952,100,100372,100,99942,100
2019-06-28 09:50:10.000000000,100132,386,100065,386,100163,100,100054,100,100168,100,100022,100,100182,100,100013,100,100216,100,99991,100,100217,100,99966,100,100269,100,99956,100,100325,100,99952,100,100351,200,99942,100,100372,100,99941,100
2019-06-28 09:50:20.000000000,100132,386,100065,386,100163,100,100054,100,100168,100,100022,100,100182,100,100013,100,100216,100,99991,100,100217,100,99966,100,100269,100,99956,100,100325,100,99952,100,100351,200,99942,100,100372,100,99941,100
2019-06-28 09:50:25.370976665,100132,386,100065,386,100163,100,100054,100,100168,100,100022,100,100182,100,100013,100,100216,100,99991,100,100217,100,99966,100,100269,100,99956,100,100325,100,99952,100,100351,100,99942,100,100372,100,99941,100
2019-06-28 09:50:30.000000000,100132,157,100065,157,100163,157,100054,157,100168,157,100022,157,100182,157,100013,157,100216,157,99991,157,100217,100,99966,100,100269,100,99956,100,100325,100,99952,100,100351,100,99942,100,100372,100,99941,100
2019-06-28 09:50:33.717747787,100132,257,100065,157,100163,157,100054,157,100168,157,100022,157,100182,157,100013,157,100216,157,99991,157,100217,100,99966,100,100269,100,99956,100,100325,100,99952,100,100351,100,99942,100,100372,100,99941,100
2019-06-28 09:50:40.000000000,100132,297,100065,197,100163,194,100054,194,100168,194,100022,194,100182,100,100013,100,100216,100,99991,100,100217,100,99966,100,100269,100,99956,100,100325,100,99952,100,100351,100,99942,100,100372,100,99941,100
2019-06-28 09:50:50.000000000,100132,486,100065,386,100163,100,100054,100,100168,100,100022,100,100182,100,100013,100,100216,100,99991,100,100217,100,99966,100,100269,100,99956,100,100325,100,99952,100,100351,100,99942,100,100372,100,99941,100
2019-06-28 09:51:00.000000000,100132,343,100065,243,100163,243,100054,243,100168,100,100022,100,100182,100,100013,100,100216,100,99991,100,100217,100,99966,100,100269,100,99956,100,100325,100,99952,100,100351,100,99942,100,100372,100,99941,100
2019-06-28 09:51:07.079074453,100132,343,100065,243,100163,243,100054,243,100168,100,100022,100,100216,100,100013,100,100217,100,99991,100,100269,100,99966,100,100325,100,99956,100,100351,100,99952,100,100372,100,99942,100,100429,100,99941,100
2019-06-28 09:51:08.723484391,100132,443,100065,243,100163,243,100054,243,100168,100,100022,100,100216,100,100013,100,100217,100,99991,100,100269,100,99966,100,100325,100,99956,100,100351,100,99952,100,100372,100,99942,100,100429,100,99941,100
2019-06-28 09:51:10.000000000,100132,372,100065,172,100163,172,100054,172,100168,172,100022,172,100216,172,100013,172,100217,100,99991,100,100269,100,99966,100,100325,100,99956,100,100351,100,99952,100,100372,100,99942,100,100429,100,99941,100
2019-06-28 09:51:16.866144481,100132,372,100065,172,100163,172,100054,172,100168,172,100022,172,100216,172,100013,172,100217,100,99991,100,100269,100,99966,100,100325,100,99956,100,100351,100,99952,100,100372,100,99942,100,100429,100,99941,100
2019-06-28 09:51:20.000000000,100132,397,100065,197,100163,194,100054,194,100168,194,100022,194,100216,100,100013,100,100217,100,99991,100,100269,100,99966,100,100325,100,99956,100,100351,100,99952,100,100372,100,99942,100,100429,100,99941,100
2019-06-28 09:51:30.000000000,100132,372,100065,172,100163,172,100054,172,100168,172,100022,172,100216,172,100013,172,100217,100,99991,100,100269,100,99966,100,100325,100,99956,100,100351,100,99952,100,100372,100,99942,100,100429,100,99941,100
2019-06-28 09:51:40.000000000,100132,372,100065,172,100163,172,100054,172,100168,172,100022,172,100216,172,100013,172,100217,100,99991,100,100269,100,99966,100,100325,100,99956,100,100351,100,99952,100,100372,100,99942,100,100429,100,99941,100
2019-06-28 09:51:47.407939182,100132,372,100065,72,100163,72,100054,172,100168,172,100022,172,100216,172,100013,172,100217,100,99991,100,100269,100,99966,100,100325,100,99956,100,100351,100,99952,100,100372,100,99942,100,100429,100,99941,100
2019-06-28 09:51:50.000000000,100132,586,100054,386,100168,100,100022,100,100216,100,100013,100,100217,100,99991,100,100269,100,99966,100,100325,100,99956,100,100351,100,99952,100,100372,100,99942,100,100429,100,99941,100,100436,100,99927,100
2019-06-28 09:52:00.000000000,100132,372,100054,172,100168,172,100022,172,100216,172,100013,172,100217,172,99991,172,100269,100,99966,100,100325,100,99956,100,100351,100,99952,100,100372,100,99942,100,100429,100,99941,100,100436,100,99927,100
2019-06-28 09:52:04.960150410,100132,372,100054,72,100168,172,100022,172,100216,172,100013,172,100217,172,99991,172,100269,100,99966,100,100325,100,99956,100,100351,100,99952,100,100372,100,99942,100,100429,100,99941,100,100436,100,99927,100
2019-06-28 09:52:10.000000000,100132,357,100022,157,100168,157,100013,157,100216,157,99991,157,100217,157,99966,157,100269,157,99956,157,100325,100,99952,100,100351,100,99942,100,100372,100,99941,100,100429,100,99927,100,100436,100,99925,100
2019-06-28 09:52:20.000000000,100132,397,100022,197,100168,194,100013,194,100216,194,99991,194,100217,100,99966,100,100269,100,99956,100,100325,100,99952,100,100351,100,99942,100,100372,100,99941,100,100429,100,99927,100,100436,100,99925,100
2019-06-28 09:52:30.000000000,100132,372,100022,172,100168,172,100013,172,100216,172,99991,172,100217,172,99966,172,100269,100,99956,100,100325,100,99952,100,100351,100,99942,100,100372,100,99941,100,100429,100,99927,100,100436,100,99925,100
2019-06-28 09:52:40.000000000,100132,443,100022,243,100168,243,100013,243,100216,100,99991,100,100217,100,99966,100,100269,100,99956,100,100325,100,99952,100,100351,100,99942,100,100372,100,99941,100,100429,100,99927,100,100436,100,99925,100
2019-06-28 09:52:43.287973722,100132,443,100022,243,100168,243,100013,243,100216,100,99991,100,100217,100,99966,100,100269,100,99956,100,100325,100,99952,100,100351,100,99942,100,100372,100,99941,100,100429,100,99927,100,100436,100,99925,100
2019-06-28 09:52:50.000000000,100132,357,100022,157,100168,157,100013,157,100216,157,99991,157,100217,157,99966,157,100269,157,99956,157,100325,100,99952,100,100351,100,99942,100,100372,100,99941,100,100429,100,99927,100,100436,100,99925,100
2019-06-28 09:53:00.000000000,100132,357,100022,157,100168,157,100013,157,100216,157,99991,157,100217,157,99966,157,100269,157,99956,157,100325,100,99952,100,100351,100,99942,100,100372,100,99941,100,100429,100,99927,100,100436,100,99925,100
2019-06-28 09:53:06.820140732,100132,357,100022,157,100168,157,100013,157,100216,157,99991,157,100217,157,99966,157,100269,157,99956,157,100325,100,99955,100,100351,100,99952,100,100372,100,99942,100,100429,100,99941,100,100436,100,99927,100
2019-06-28 09:53:10.000000000,100132,372,100022,172,100168,172,100013,172,100216,172,99991,172,100217,172,99966,172,100269,100,99956,100,100325,100,99955,100,100351,100,99952,100,100372,100,99942,100,100429,100,99941,100,100436,100,99927,100
2019-06-28 09:53:16.249083629,100058,100,100022,172,100132,372,100013,172,100168,172,99991,172,100216,172,99966,172,100217,172,99956,100,100269,100,99955,100,100325,100,99952,100,100351,100,99942,100,100372,100,99941,100,100429,100,99927,100
2019-06-28 09:53:19.309819062,100058,100,100022,172,100132,372,100013,172,100168,172,99991,72,100216,172,99966,172,100217,172,99956,100,100269,100,99955,100,100325,100,99952,100,100351,100,99942,100,100372,100,99941,100,100429,100,99927,100
2019-06-28 09:53:20.000000000,100058,243,100022,243,100132,443,100013,243,100168,100,99966,100,100216,100,99956,100,100217,100,99955,100,100269,100,99952,100,100325,100,99942,100,100351,100,99941,100,100372,100,99927,100,100429,100,99925,100
2019-06-28 09:53:30.000000000,100058,172,100022,172,100132,372,100013,172,100168,172,99966,172,100216,172,99956,172,100217,100,99955,100,100269,100,99952,100,100325,100,99942,100,100351,100,99941,100,100372,100,99927,100,100429,100,99925,100
2019-06-28 09:53:40.000000000,100058,157,100022,157,100132,357,100013,157,100168,157,99966,157,100216,157,99956,157,100217,157,99955,157,100269,100,99952,100,100325,100,99942,100,100351,100,99941,100,100372,100,99927,100,100429,100,99925,100
2019-06-28 09:53:48.016082995,100058,157,100022,157,100132,357,100013,157,100168,157,99966,157,100216,157,99956,157,100217,157,99955,157,100269,100,99952,100,100325,100,99942,100,100351,100,99941,100,100372,100,99927,100,100429,100,99925,100
2019-06-28 09:53:50.000000000,100058,157,100022,157,100132,357,100013,157,100168,157,99966,157,100216,157,99956,157,100217,157,99955,157,100269,100,99952,100,100325,100,99942,100,100351,100,99941,100,100372,100,99927,100,100429,100,99925,100
2019-06-28 09:54:00.000000000,100058,243,100022,243,100132,443,100013,243,100168,100,99966,100,100216,100,99956,100,100217,100,99955,100,100269,100,99952,100,100325,100,99942,100,100351,100,99941,100,100372,100,99927,100,100429,100,99925,100
2019-06-28 09:54:10.000000000,100058,172,100022,172,100132,372,100013,172,100168,172,99966,172,100216,172,99956,172,100217,100,99955,100,100269,100,99952,100,100325,100,99942,100,100351,100,99941,100,100372,100,99927,100,100429,100,99925,100
2019-06-28 09:54:20.000000000,100058,157,100022,157,100132,357,100013,157,100168,157,99966,157,100216,157,99956,157,100217,157,99955,157,100269,100,99952,100,100325,100,99942,100,100351,100,99941,100,100372,100,99927,100,100429,100,99925,100
2019-06-28 09:54:21.854854829,100058,157,100022,157,100132,357,100013,157,100168,157,99966,157,100216,157,99956,157,100217,157,99955,157,100269,100,99952,100,100325,100,99942,100,100351,100,99941,100,100372,100,99927,100,100429,100,99925,100
2019-06-28 09:54:29.829307836,100058,157,100022,157,100132,257,100013,157,100168,157,99966,157,100216,157,99956,157,100217,157,99955,157,100269,100,99952,100,100325,100,99942,100,100351,100,99941,100,100372,100,99927,100,100429,100,99925,100
2019-06-28 09:54:30.000000000,100058,386,100022,386,100132,200,100013,100,100168,100,99966,100,100216,100,99956,100,100217,100,99955,100,100269,100,99952,100,100325,100,99942,100,100351,100,99941,100,100372,100,99927,100,100429,100,99925,100
2019-06-28 09:54:38.425322364,100058,386,100022,286,100132,200,100013,100,100168,100,99966,100,100216,100,99956,100,100217,100,99955,100,100269,100,99952,100,100325,100,99942,100,100351,100,99941,100,100372,100,99927,100,100429,100,99925,100
2019-06-28 09:54:40.000000000,100058,386,100013,386,100132,200,99966,100,100168,100,99956,100,100216,100,99955,100,100217,100,99952,100,100269,100,99942,100,100325,100,99941,100,100351,100,99927,100,100372,100,99925,100,100429,100,99915,100
2019-06-28 09:54:50.000000000,100058,197,100013,197,100132,294,99966,194,100168,194,99956,194,100216,100,99955,100,100217,100,99952,100,100269,100,99942,100,100325,100,99941,100,100351,100,99927,100,100372,100,99925,100,100429,100,99915,100
2019-06-28 09:54:58.397137700,100058,197,100013,97,100132,294,99966,194,100168,194,99956,194,100216,100,99955,100,100217,100,99952,100,100269,100,99942,100,100325,100,99941,100,100351,100,99927,100,100372,100,99925,100,100429,100,99915,100
2019-06-28 09:55:00.000000000,100058,386,99966,386,100132,200,99956,100,100168,100,99955,100,100216,100,99952,100,100217,100,99942,100,100269,100,99941,100,100325,100,99927,100,100351,100,99925,100,100372,100,99915,100,100429,100,99904,100
2019-06-28 09:55:10.000000000,100058,243,99966,243,100132,343,99956,243,100168,100,99955,100,100216,100,99952,100,100217,100,99942,100,100269,100,99941,100,100325,100,99927,100,100351,100,99925,100,100372,100,99915,100,100429,100,99904,100
2019-06-28 09:55:19.670697582,100058,243,99966,243,100132,343,99956,243,100168,100,99955,100,100216,100,99952,100,100217,100,99942,100,100269,100,99941,100,100325,100,99927,100,100351,100,99925,100,100372,100,99915,100,100429,100,99904,100
2019-06-28 09:55:20.000000000,100058,157,99966,157,100132,257,99956,157,100168,157,99955,157,100216,157,99952,157,100217,157,99942,157,100269,100,99941,100,100325,100,99927,100,100351,100,99925,100,100372,100,99915,100,100429,100,99904,100
2019-06-28 09:55:30.000000000,100058,172,99966,172,100132,272,99956,172,100168,172,99955,172,100216,172,99952,172,100217,100,99942,100,100269,100,99941,100,100325,100,99927,100,100351,100,99925,100,100372,100,99915,100,100429,100,99904,100
2019-06-28 09:55:37.947914547,100058,172,99966,72,100132,272,99956,172,100168,172,99955,172,100216,172,99952,172,100217,100,99942,100,100269,100,99941,100,100325,100,99927,100,100351,100,99925,100,100372,100,99915,100,100429,100,99904,100
2019-06-28 09:55:40.000000000,100058,172,99956,172,100132,272,99955,172,100168,172,99952,172,100216,172,99942,172,100217,100,99941,100,100269,100,99927,100,100325,100,99925,100,100351,100,99915,100,100372,100,99904,100,100429,100,99900,100
2019-06-28 09:55:47.194681839,100058,172,99956,172,100132,272,99955,172,100168,172,99952,172,100216,172,99942,172,100217,100,99941,100,100269,100,99927,100,100325,100,99925,100,100351,100,99915,100,100372,100,99904,100,100429,100,99900,100
2019-06-28 09:55:50.000000000,100058,243,99956,243,100132,343,99955,243,100168,100,99952,100,100216,100,99942,100,100217,100,99941,100,100269,100,99927,100,100325,100,99925,100,100351,100,99915,100,100372,100,99904,100,100429,100,99900,100
2019-06-28 09:56:00.000000000,100058,157,99956,157,100132,257,99955,157,100168,157,99952,157,100216,157,99942,157,100217,157,99941,157,100269,100,99927,100,100325,100,99925,100,100351,100,99915,100,100372,100,99904,100,100429,100,99900,100
2019-06-28 09:56:10.000000000,100058,157,99956,157,100132,257,99955,157,100168,157,99952,157,100216,157,99942,157,100217,157,99941,157,100269,100,99927,100,100325,100,99925,100,100351,100,99915,100,100372,100,99904,100,100429,100,99900,100
2019-06-28 09:56:10.873564369,100058,157,99956,157,100132,257,99955,157,100168,157,99952,157,100216,157,99942,157,100217,157,99941,157,100269,100,99927,100,100325,100,99925,100,100351,100,99915,100,100372,100,99904,100,100429,100,99900,100
2019-06-28 09:56:20.000000000,100058,157,99956,157,100132,257,99955,157,100168,157,99952,157,100216,157,99942,157,100217,157,99941,157,100269,100,99927,100,100325,100,99925,100,100351,100,99915,100,100372,100,99904,100,100429,100,99900,100
2019-06-28 09:56:30.000000000,100058,243,99956,243,100132,343,99955,243,100168,100,99952,100,100216,100,99942,100,100217,100,99941,100,100269,100,99927,100,100325,100,99925,100,100351,100,99915,100,100372,100,99904,100,100429,100,99900,100
2019-06-28 09:56:40.000000000,100058,157,99956,157,100132,257,99955,157,100168,157,99952,157,100216,157,99942,157,100217,157,99941,157,100269,100,99927,100,100325,100,99925,100,100351,100,99915,100,100372,100,99904,100,100429,100,99900,100
2019-06-28 09:56:50.000000000,100058,386,99956,386,100132,200,99955,100,100168,100,99952,100,100216,100,99942,100,100217,100,99941,100,100269,100,99927,100,100325,100,99925,100,100351,100,99915,100,100372,100,99904,100,100429,100,99900,100
2019-06-28 09:56:54.585770412,100058,386,99956,386,100132,200,99955,100,100168,100,99952,100,100216,100,99942,100,100217,100,99941,100,100269,100,99927,100,100325,100,99925,100,100351,100,99915,100,100372,100,99904,100,100429,100,99900,100
2019-06-28 09:57:00.000000000,100058,172,99956,172,100132,272,99955,172,100168,172,99952,172,100216,172,99942,172,100217,100,99941,100,100269,100,99927,100,100325,100,99925,100,100351,100,99915,100,100372,100,99904,100,100429,100,99900,100
2019-06-28 09:57:10.000000000,100058,172,99956,172,100132,272,99955,172,100168,172,99952,172,100216,172,99942,172,100217,100,99941,100,100269,100,99927,100,100325,100,99925,100,100351,100,99915,100,100372,100,99904,100,100429,100,99900,100
2019-06-28 09:57:18.135620326,100058,172,99956,72,100132,272,99955,172,100168,172,99952,172,100216,172,99942,172,100217,100,99941,100,100269,100,99925,100,100325,100,99915,100,100351,100,99904,100,100372,100,99900,100,100429,100,99880,100
2019-06-28 09:57:20.000000000,100058,197,99955,197,100132,294,99952,194,100168,194,99942,194,100216,100,99941,100,100217,100,99925,100,100269,100,99915,100,100325,100,99904,100,100351,100,99900,100,100372,100,99880,100,100429,100,99863,100
2019-06-28 09:57:30.000000000,100058,157,99955,157,100132,257,99952,157,100168,157,99942,157,100216,157,99941,157,100217,157,99925,157,100269,100,99915,100,100325,100,99904,100,100351,100,99900,100,100372,100,99880,100,100429,100,99863,100
2019-06-28 09:57:40.000000000,100058,386,99955,386,100132,200,99952,100,100168,100,99942,100,100216,100,99941,100,100217,100,99925,100,100269,100,99915,100,100325,100,99904,100,100351,100,99900,100,100372,100,99880,100,100429,100,99863,100
2019-06-28 09:57:47.500206489,100058,386,99955,386,100132,200,99952,100,100168,100,99942,100,100216,100,99941,100,100217,100,99925,100,100269,100,99915,100,100325,100,99904,100,100351,100,99900,100,100372,100,99880,100,100429,100,99863,100
2019-06-28 09:57:50.000000000,100058,172,99955,172,100132,272,99952,172,100168,172,99942,172,100216,172,99941,172,100217,100,99925,100,100269,100,99915,100,100325,100,99904,100,100351,100,99900,100,100372,100,99880,100,100429,100,99863,100
2019-06-28 09:57:54.624206135,100013,100,99955,172,100058,172,99952,172,100132,272,99942,172,100168,172,99941,172,100216,172,99925,100,100217,100,99915,100,100269,100,99904,100,100325,100,99900,100,100351,100,99880,100,100372,100,99863,100
2019-06-28 09:58:00.000000000,100013,243,99955,243,100058,243,99952,243,100132,200,99942,100,100168,100,99941,100,100216,100,99925,100,100217,100,99915,100,100269,100,99904,100,100325,100,99900,100,100351,100,99880,100,100372,100,99863,100
2019-06-28 09:58:10.000000000,100013,172,99955,172,100058,172,99952,172,100132,272,99942,172,100168,172,99941,172,100216,100,99925,100,100217,100,99915,100,100269,100,99904,100,100325,100,99900,100,100351,100,99880,100,100372,100,99863,100
2019-06-28 09:58:12.794449810,100013,172,99955,72,100058,172,99952,172,100132,272,99942,172,100168,172,99941,172,100216,100,99925,100,100217,100,99915,100,100269,100,99904,100,100325,100,99900,100,100351,100,99880,100,100372,100,99863,100
2019-06-28 09:58:20.000000000,100013,386,99952,386,100058,100,99942,100,100132,200,99941,100,100168,100,99925,100,100216,100,99915,100,100217,100,99904,100,100269,100,99900,100,100325,100,99880,100,100351,100,99863,100,100372,100,99841,100
2019-06-28 09:58:20.707061461,99956,100,99952,386,100013,386,99942,100,100058,100,99941,100,100132,200,99925,100,100168,100,99915,100,100216,100,99904,100,100217,100,99900,100,100269,100,99880,100,100325,100,99863,100,100351,100,99841,100
2019-06-28 09:58:25.733297633,99956,200,99952,386,100013,386,99942,100,100058,100,99941,100,100132,200,99925,100,100168,100,99915,100,100216,100,99904,100,100217,100,99900,100,100269,100,99880,100,100325,100,99863,100,100351,100,99841,100
2019-06-28 09:58:30.000000000,99956,486,99952,386,100013,100,99942,100,100058,100,99941,100,100132,200,99925,100,100168,100,99915,100,100216,100,99904,100,100217,100,99900,100,100269,100,99880,100,100325,100,99863,100,100351,100,99841,100
2019-06-28 09:58:40.000000000,99956,257,99952,157,100013,157,99942,157,100058,157,99941,157,100132,257,99925,157,100168,157,99915,157,100216,100,99904,100,100217,100,99900,100,100269,100,99880,100,100325,100,99863,100,100351,100,99841,100
2019-06-28 09:58:50.000000000,99956,343,99952,243,100013,243,99942,243,100058,100,99941,100,100132,200,99925,100,100168,100,99915,100,100216,100,99904,100,100217,100,99900,100,100269,100,99880,100,100325,100,99863,100,100351,100,99841,100
2019-06-28 09:58:51.004052643,99956,343,99952,143,100013,243,99942,243,100058,100,99941,100,100132,200,99925,100,100168,100,99915,100,100216,100,99904,100,100269,100,99900,100,100325,100,99880,100,100351,100,99863,100,100372,100,99841,100
2019-06-28 09:58:52.750462085,99956,343,99952,143,100013,243,99942,243,100058,100,99941,100,100132,200,99925,100,100168,100,99915,100,100216,100,99904,100,100269,100,99900,100,100325,100,99880,100,100351,100,99863,100,100372,100,99841,100
2019-06-28 09:59:00.000000000,99956,272,99942,172,100013,172,99941,172,100058,172,99925,172,100132,272,99915,172,100168,100,99904,100,100216,100,99900,100,100269,100,99880,100,100325,100,99863,100,100351,100,99841,100,100372,100,99819,100
2019-06-28 09:59:06.175001505,99956,272,99942,172,100013,172,99941,172,100058,172,99925,72,100132,272,99915,172,100168,100,99904,100,100216,100,99900,100,100269,100,99880,100,100325,100,99863,100,100351,100,99841,100,100372,100,99819,100
2019-06-28 09:59:10.000000000,99956,343,99942,243,100013,243,99941,243,100058,100,99915,100,100132,200,99904,100,100168,100,99900,100,100216,100,99880,100,100269,100,99863,100,100325,100,99841,100,100351,100,99819,100,100372,100,99813,100
2019-06-28 09:59:10.656937432,99956,343,99942,43,100013,243,99941,243,100058,100,99915,100,100132,200,99904,100,100168,100,99900,100,100216,100,99880,100,100269,100,99863,100,100325,100,99841,100,100351,100,99819,100,100372,100,99813,100
2019-06-28 09:59:20.000000000,99956,486,99941,386,100013,100,99915,100,100058,100,99904,100,100132,200,99900,100,100168,100,99880,100,100216,100,99863,100,100269,100,99841,100,100325,100,99819,100,100351,100,99813,100,100372,100,99725,100
2019-06-28 09:59:30.000000000,99956,297,99941,197,100013,194,99915,194,100058,194,99904,194,100132,200,99900,100,100168,100,99880,100,100216,100,99863,100,100269,100,99841,100,100325,100,99819,100,100351,100,99813,100,100372,100,99725,100
2019-06-28 09:59:35.060019886,99956,297,99941,97,100013,194,99915,194,100058,194,99904,194,100132,200,99900,100,100168,100,99880,100,100216,100,99863,100,100269,100,99841,100,100351,100,99819,100,100372,100,99813,100,100429,100,99725,100
2019-06-28 09:59:39.241065176,99941,3,99915,194,99956,297,99904,194,100013,194,99900,100,100058,194,99880,100,100132,200,99863,100,100168,100,99841,100,100216,100,99819,100,100269,100,99813,100,100351,100,99725,100,100372,100,99679,100
2019-06-28 09:59:40.000000000,99941,146,99915,243,99956,343,99904,243,100013,100,99900,100,100058,100,99880,100,100132,200,99863,100,100168,100,99841,100,100216,100,99819,100,100269,100,99813,100,100351,100,99725,100,100372,100,99679,100
2019-06-28 09:59:50.000000000,99941,289,99915,386,99956,200,99904,100,100013,100,99900,100,100058,100,99880,100,100132,200,99863,100,100168,100,99841,100,100216,100,99819,100,100269,100,99813,100,100351,100,99725,100,100372,100,99679,100
2019-06-28 09:59:53.912297394,99941,389,99915,386,99956,200,99904,100,100013,100,99900,100,100058,100,99880,100,100132,200,99863,100,100168,100,99841,100,100216,100,99819,100,100269,100,99813,100,100351,100,99725,100,100372,100,99679,100
2019-06-28 10:00:00.000000000,99941,200,99915,197,99956,294,99904,194,100013,194,99900,194,100058,100,99880,100,100132,200,99863,100,100168,100,99841,100,100216,100,99819,100,100269,100,99813,100,100351,100,99725,100,100372,100,99679,100
2019-06-28 10:00:06.889638256,99941,300,99915,197,99956,294,99904,194,100013,194,99900,194,100058,100,99880,100,100132,200,99863,100,100168,100,99841,100,100216,100,99819,100,100269,100,99813,100,100351,100,99725,100,100372,100,99679,100
2019-06-28 10:00:10.000000000,99941,346,99915,243,99956,343,99904,243,100013,100,99900,100,100058,100,99880,100,100132,200,99863,100,100168,100,99841,100,100216,100,99819,100,100269,100,99813,100,100351,100,99725,100,100372,100,99679,100
2019-06-28 10:00:16.326466899,99941,446,99915,243,99956,343,99904,243,100013,100,99900,100,100058,100,99880,100,100132,200,99863,100,100168,100,99841,100,100216,100,99819,100,100269,100,99813,100,100351,100,99725,100,100372,100,99679,100
2019-06-28 10:00:20.000000000,99941,400,99915,197,99956,294,99904,194,100013,194,99900,194,100058,100,99880,100,100132,200,99863,100,100168,100,99841,100,100216,100,99819,100,100269,100,99813,100,100351,100,99725,100,100372,100,99679,100
2019-06-28 10:00:24.528152791,99941,400,99915,97,99956,294,99904,194,100013,194,99900,194,100058,100,99880,100,100132,200,99863,100,100168,100,99841,100,100216,100,99819,100,100269,100,99813,100,100351,100,99725,100,100372,100,99679,100
2019-06-28 10:00:30.000000000,99941,446,99904,243,99956,343,99900,243,100013,100,99880,100,100058,100,99863,100,100132,200,99841,100,100168,100,99819,100,100216,100,99813,100,100269,100,99725,100,100351,100,99679,100,100372,100,99508,100
2019-06-28 10:00:34.101482986,99941,446,99904,143,99956,343,99900,243,100013,100,99880,100,100058,100,99863,100,100132,200,99841,100,100168,100,99819,100,100216,100,99813,100,100269,100,99725,100,100351,100,99679,100,100372,100,99486,100
2019-06-28 10:00:36.862690287,99941,346,99904,143,99956,343,99900,243,100013,100,99880,100,100058,100,99863,100,100132,200,99841,100,100168,100,99819,100,100216,100,99813,100,100269,100,99725,100,100351,100,99679,100,100372,100,99486,100
2019-06-28 10:00:40.000000000,99941,346,99900,243,99956,343,99880,243,100013,100,99863,100,100058,100,99841,100,100132,200,99819,100,100168,100,99813,100,100216,100,99725,100,100269,100,99679,100,100351,100,99486,100,100372,100,99352,100
2019-06-28 10:00:43.730489644,99915,100,99900,243,99941,346,99880,243,99956,343,99863,100,100013,100,99841,100,100058,100,99819,100,100132,200,99813,100,100168,100,99725,100,100216,100,99679,100,100269,100,99486,100,100351,100,99352,100
2019-06-28 10:00:49.580535887,99915,100,99900,143,99941,346,99880,243,99956,343,99863,100,100013,100,99841,100,100058,100,99819,100,100132,200,99813,100,100168,100,99725,100,100216,100,99679,100,100269,100,99486,100,100351,100,99352,100
2019-06-28 10:00:50.000000000,99915,386,99880,386,99941,203,99863,100,99956,200,99841,100,100013,100,99819,100,100058,100,99813,100,100132,200,99725,100,100168,100,99679,100,100216,100,99486,100,100269,100,99352,100,100351,100,99170,100
2019-06-28 10:00:59.913138464,99915,386,99880,386,99941,203,99863,100,99956,200,99841,100,100013,100,99819,100,100058,100,99813,100,100132,100,99725,100,100168,100,99679,100,100216,100,99486,100,100269,100,99352,100,100351,100,99170,100
2019-06-28 10:01:00.000000000,99915,157,99880,157,99941,260,99863,157,99956,257,99841,157,100013,157,99819,157,100058,157,99813,157,100132,100,99725,100,100168,100,99679,100,100216,100,99486,100,100269,100,99352,100,100351,100,99170,100
2019-06-28 10:01:02.501911866,99904,100,99880,157,99915,157,99863,157,99941,260,99841,157,99956,257,99819,157,100013,57,99813,157,100058,157,99725,100,100132,100,99679,100,100168,100,99486,100,100216,100,99352,100,100269,100,99170,100
2019-06-28 10:01:10.000000000,99904,157,99880,157,99915,157,99863,157,99941,260,99841,157,99956,257,99819,157,100058,157,99813,157,100132,100,99725,100,100168,100,99679,100,100216,100,99486,100,100269,100,99352,100,100351,100,99170,100
2019-06-28 10:01:20.000000000,99904,386,99880,386,99915,100,99863,100,99941,203,99841,100,99956,200,99819,100,100058,100,99813,100,100132,100,99725,100,100168,100,99679,100,100216,100,99486,100,100269,100,99352,100,100351,100,99170,100
2019-06-28 10:01:29.983461940,99904,386,99880,286,99915,100,99863,100,99941,203,99841,100,99956,200,99819,100,100058,100,99813,100,100132,100,99725,100,100168,100,99679,100,100216,100,99486,100,100269,100,99352,100,100351,100,99170,100
2019-06-28 10:01:30.000000000,99904,197,99863,197,99915,194,99841,194,99941,297,99819,194,99956,200,99813,100,100058,100,99725,100,100132,100,99679,100,100168,100,99486,100,100216,100,99352,100,100269,100,99170,100,100351,100,99111,100
2019-06-28 10:01:39.885232231,99904,197,99863,197,99915,194,99841,194,99941,197,99819,194,99956,200,99813,100,100058,100,99725,100,100132,100,99679,100,100168,100,99486,100,100216,100,99352,100,100269,100,99170,100,100351,100,99111,100
2019-06-28 10:01:40.000000000,99904,157,99863,157,99915,157,99841,157,99941,160,99819,157,99956,257,99813,157,100058,157,99725,157,100132,100,99679,100,100168,100,99486,100,100216,100,99352,100,100269,100,99170,100,100351,100,99111,100
2019-06-28 10:01:43.445367087,99904,157,99863,57,99915,157,99841,157,99941,160,99819,157,99956,257,99813,157,100058,157,99725,157,100132,100,99679,100,100168,100,99486,100,100216,100,99352,100,100269,100,99170,100,100351,100,99111,100
2019-06-28 10:01:45.049768398,99904,157,99863,57,99915,157,99841,157,99941,160,99819,157,99956,257,99813,157,100058,157,99725,157,100132,100,99679,100,100168,100,99486,100,100216,100,99352,100,100351,100,99170,100,100429,100,99111,100
2019-06-28 10:01:50.000000000,99904,172,99841,172,99915,172,99819,172,99941,175,99813,172,99956,272,99725,172,100058,100,99679,100,100132,100,99486,100,100168,100,99352,100,100216,100,99170,100,100351,100,99111,100,100429,100,99040,100
2019-06-28 10:01:57.243185720,99904,172,99841,72,99915,172,99819,172,99941,175,99813,172,99956,272,99725,172,100058,100,99679,100,100132,100,99486,100,100168,100,99352,100,100216,100,99170,100,100351,100,99111,100,100429,100,99040,100
2019-06-28 10:02:00.000000000,99904,197,99819,197,99915,194,99813,194,99941,197,99725,194,99956,200,99679,100,100058,100,99486,100,100132,100,99352,100,100168,100,99170,100,100216,100,99111,100,100351,100,99040,100,100429,100,98836,100
2019-06-28 10:02:10.000000000,99904,197,99819,197,99915,194,99813,194,99941,197,99725,194,99956,200,99679,100,100058,100,99486,100,100132,100,99352,100,100168,100,99170,100,100216,100,99111,100,100351,100,99040,100,100429,100,98836,100
2019-06-28 10:02:16.172880762,99904,197,99819,97,99915,194,99813,194,99941,197,99725,194,99956,200,99679,100,100058,100,99486,100,100132,100,99352,100,100168,100,99170,100,100216,100,99111,100,100351,100,99040,100,100429,100,98836,100
2019-06-28 10:02:20.000000000,99904,386,99813,386,99915,100,99725,100,99941,103,99679,100,99956,200,99486,100,100058,100,99352,100,100132,100,99170,100,100168,100,99111,100,100216,100,99040,100,100351,100,98836,100,100429,100,98756,100
2019-06-28 10:02:30.000000000,99904,172,99813,172,99915,172,99725,172,99941,175,99679,172,99956,272,99486,172,100058,100,99352,100,100132,100,99170,100,100168,100,99111,100,100216,100,99040,100,100351,100,98836,100,100429,100,98756,100
2019-06-28 10:02:33.457671775,99841,100,99813,172,99904,172,99725,172,99915,172,99679,172,99941,175,99486,172,99956,272,99352,100,100058,100,99170,100,100132,100,99111,100,100168,100,99040,100,100216,100,98836,100,100351,100,98756,100
2019-06-28 10:02:40.000000000,99841,172,99813,172,99904,172,99725,172,99915,172,99679,172,99941,175,99486,172,99956,200,99352,100,100058,100,99170,100,100132,100,99111,100,100168,100,99040,100,100216,100,98836,100,100351,100,98756,100
2019-06-28 10:02:50.000000000,99841,197,99813,197,99904,194,99725,194,99915,194,99679,194,99941,103,99486,100,99956,200,99352,100,100058,100,99170,100,100132,100,99111,100,100168,100,99040,100,100216,100,98836,100,100351,100,98756,100
2019-06-28 10:03:00.000000000,99841,386,99813,386,99904,100,99725,100,99915,100,99679,100,99941,103,99486,100,99956,200,99352,100,100058,100,99170,100,100132,100,99111,100,100168,100,99040,100,100216,100,98836,100,100351,100,98756,100
2019-06-28 10:03:10.000000000,99841,197,99813,197,99904,194,99725,194,99915,194,99679,194,99941,103,99486,100,99956,200,99352,100,100058,100,99170,100,100132,100,99111,100,100168,100,99040,100,100216,100,98836,100,100351,100,98756,100
2019-06-28 10:03:14.559340182,99841,297,99813,197,99904,194,99725,194,99915,194,99679,194,99941,103,99486,100,99956,200,99352,100,100058,100,99170,100,100168,100,99111,100,100216,100,99040,100,100351,100,98836,100,100429,100,98756,100
2019-06-28 10:03:20.000000000,99841,297,99813,197,99904,194,99725,194,99915,194,99679,194,99941,103,99486,100,99956,200,99352,100,100058,100,99170,100,100168,100,99111,100,100216,100,99040,100,100351,100,98836,100,100429,100,98756,100
2019-06-28 10:03:30.000000000,99841,343,99813,243,99904,243,99725,243,99915,100,99679,100,99941,103,99486,100,99956,200,99352,100,100058,100,99170,100,100168,100,99111,100,100216,100,99040,100,100351,100,98836,100,100429,100,98756,100
2019-06-28 10:03:40.000000000,99841,486,99813,386,99904,100,99725,100,99915,100,99679,100,99941,103,99486,100,99956,200,99352,100,100058,100,99170,100,100168,100,99111,100,100216,100,99040,100,100351,100,98836,100,100429,100,98756,100
2019-06-28 10:03:40.641098720,99841,486,99813,386,99904,100,99725,100,99915,100,99679,100,99941,103,99486,100,99956,100,99352,100,100058,100,99170,100,100168,100,99111,100,100216,100,99040,100,100351,100,98836,100,100429,100,98756,100
2019-06-28 10:03:46.102367413,99841,486,99813,386,99904,100,99725,100,99915,100,99679,100,99941,103,99486,100,99956,100,99352,100,100058,100,99170,100,100168,100,99111,100,100216,100,99096,100,100351,100,99040,100,100436,100,98836,100
2019-06-28 10:03:50.000000000,99841,272,99813,172,99904,172,99725,172,99915,172,99679,172,99941,175,99486,172,99956,100,99352,100,100058,100,99170,100,100168,100,99111,100,100216,100,99096,100,100351,100,99040,100,100436,100,98836,100
2019-06-28 10:04:00.000000000,99841,486,99813,386,99904,100,99725,100,99915,100,99679,100,99941,103,99486,100,99956,100,99352,100,100058,100,99170,100,100168,100,99111,100,100216,100,99096,100,100351,100,99040,100,100436,100,98836,100
2019-06-28 10:04:10.000000000,99841,257,99813,157,99904,157,99725,157,99915,157,99679,157,99941,160,99486,157,99956,157,99352,157,100058,100,99170,100,100168,100,99111,100,100216,100,99096,100,100351,100,99040,100,100436,100,98836,100
2019-06-28 10:04:10.455553206,99841,257,99813,57,99904,157,99725,157,99915,157,99679,157,99941,160,99486,157,99956,157,99352,157,100058,100,99170,100,100168,100,99111,100,100216,100,99096,100,100351,100,99040,100,100436,100,98836,100
2019-06-28 10:04:20.000000000,99841,272,99725,172,99904,172,99679,172,99915,172,99486,172,99941,175,99352,172,99956,100,99170,100,100058,100,99111,100,100168,100,99096,100,100216,100,99040,100,100351,100,98836,100,100436,100,98756,100
2019-06-28 10:04:30.000000000,99841,486,99725,386,99904,100,99679,100,99915,100,99486,100,99941,103,99352,100,99956,100,99170,100,100058,100,99111,100,100168,100,99096,100,100216,100,99040,100,100351,100,98836,100,100436,100,98756,100
2019-06-28 10:04:34.358545085,99841,486,99725,286,99904,100,99679,100,99915,100,99486,100,99941,103,99352,100,99956,100,99170,100,100058,100,99111,100,100168,100,99096,100,100216,100,99040,100,100436,100,98836,100,100611,100,98756,100
2019-06-28 10:04:40.000000000,99841,486,99679,386,99904,100,99486,100,99915,100,99352,100,99941,103,99170,100,99956,100,99111,100,100058,100,99096,100,100168,100,99040,100,100216,100,98836,100,100436,100,98756,100,100611,100,,
2019-06-28 10:04:47.781000771,99841,486,99679,386,99904,100,99486,100,99941,103,99352,100,99956,100,99170,100,100058,100,99111,100,100168,100,99096,100,100216,100,99040,100,100436,100,98836,100,100611,100,98756,100,,,,
2019-06-28 10:04:50.000000000,99841,257,99679,157,99904,157,99486,157,99941,160,99352,157,99956,157,99170,157,100058,157,99111,157,100168,100,99096,100,100216,100,99040,100,100436,100,98836,100,100611,100,98756,100,,,,
2019-06-28 10:05:00.000000000,99841,297,99679,197,99904,194,99486,194,99941,197,99352,194,99956,100,99170,100,100058,100,99111,100,100168,100,99096,100,100216,100,99040,100,100436,100,98836,100,100611,100,98756,100,,,,
2019-06-28 10:05:10.000000000,99841,297,99679,197,99904,194,99486,194,99941,197,99352,194,99956,100,99170,100,100058,100,99111,100,100168,100,99096,100,100216,100,99040,100,100436,100,98836,100,100611,100,98756,100,,,,
2019-06-28 10:05:15.276418406,99841,297,99679,197,99904,194,99486,194,99941,197,99352,194,99956,100,99170,100,100058,100,99111,100,100168,100,99040,100,100216,100,98836,100,100436,100,98756,100,100611,100,98659,100,,,,
2019-06-28 10:05:20.000000000,99841,272,99679,172,99904,172,99486,172,99941,175,99352,172,99956,172,99170,172,100058,100,99111,100,100168,100,99040,100,100216,100,98836,100,100436,100,98756,100,100611,100,98659,100,,,,
2019-06-28 10:05:30.000000000,99841,257,99679,157,99904,157,99486,157,99941,160,99352,157,99956,157,99170,157,100058,157,99111,157,100168,100,99040,100,100216,100,98836,100,100436,100,98756,100,100611,100,98659,100,,,,
2019-06-28 10:05:37.248523617,99841,257,99679,57,99904,157,99486,157,99941,160,99352,157,99956,157,99170,157,100058,157,99111,157,100168,100,99040,100,100216,100,98836,100,100436,100,98756,100,100611,100,98659,100,,,,
2019-06-28 10:05:40.000000000,99841,257,99486,157,99904,157,99352,157,99941,160,99170,157,99956,157,99111,157,100058,157,99040,157,100168,100,98836,100,100216,100,98756,100,100436,100,98659,100,100611,100,,,,,,
2019-06-28 10:05:50.000000000,99841,297,99486,197,99904,194,99352,194,99941,197,99170,194,99956,100,99111,100,100058,100,99040,100,100168,100,98836,100,100216,100,98756,100,100436,100,98659,100,100611,100,,,,,,
2019-06-28 10:06:00.000000000,99841,486,99486,386,99904,100,99352,100,99941,103,99170,100,99956,100,99111,100,100058,100,99040,100,100168,100,98836,100,100216,100,98756,100,100436,100,98659,100,100611,100,,,,,,
2019-06-28 10:06:10.000000000,99841,272,99486,172,99904,172,99352,172,99941,175,99170,172,99956,172,99111,172,100058,100,99040,100,100168,100,98836,100,100216,100,98756,100,100436,100,98659,100,100611,100,,,,,,
2019-06-28 10:06:18.520871081,99841,272,99486,172,99904,172,99352,172,99941,175,99170,172,99956,172,99111,172,100058,100,99040,100,100168,100,98989,100,100216,100,98836,100,100436,100,98756,100,100611,100,98659,100,,,,
2019-06-28 10:06:20.000000000,99841,297,99486,197,99904,194,99352,194,99941,197,99170,194,99956,100,99111,100,100058,100,99040,100,100168,100,98989,100,100216,100,98836,100,100436,100,98756,100,100611,100,98659,100,,,,
2019-06-28 10:06:29.850581856,99841,297,99486,97,99904,194,99352,194,99941,197,99170,194,99956,100,99111,100,100058,100,99040,100,100168,100,98989,100,100216,100,98836,100,100436,100,98756,100,100611,100,98659,100,,,,
2019-06-28 10:06:30.000000000,99841,272,99352,172,99904,172,99170,172,99941,175,99111,172,99956,172,99040,172,100058,100,98989,100,100168,100,98836,100,100216,100,98756,100,100436,100,98659,100,100611,100,,,,,,
2019-06-28 10:06:35.495873520,99679,100,99352,172,99841,272,99170,172,99904,172,99111,172,99941,175,99040,172,99956,172,98989,100,100058,100,98836,100,100168,100,98756,100,100216,100,98659,100,100436,100,,,100611,100,,
2019-06-28 10:06:40.000000000,99679,386,99352,386,99841,200,99170,100,99904,100,99111,100,99941,103,99040,100,99956,100,98989,100,100058,100,98836,100,100168,100,98756,100,100216,100,98659,100,100436,100,,,100611,100,,
2019-06-28 10:06:50.000000000,99679,197,99352,197,99841,294,99170,194,99904,194,99111,194,99941,103,99040,100,99956,100,98989,100,100058,100,98836,100,100168,100,98756,100,100216,100,98659,100,100436,100,,,100611,100,,
2019-06-28 10:06:59.886327483,99679,197,99548,100,99841,294,99352,197,99904,194,99170,194,99941,103,99111,194,99956,100,99040,100,100058,100,98989,100,100168,100,98836,100,100216,100,98756,100,100436,100,98659,100,100611,100,,
2019-06-28 10:07:00.000000000,99679,386,99548,386,99841,200,99352,100,99904,100,99170,100,99941,103,99111,100,99956,100,99040,100,100058,100,98989,100,100168,100,98836,100,100216,100,98756,100,100436,100,98659,100,100611,100,,
2019-06-28 10:07:10.000000000,99679,197,99548,197,99841,294,99352,194,99904,194,99170,194,99941,103,99111,100,99956,100,99040,100,100058,100,98989,100,100168,100,98836,100,100216,100,98756,100,100436,100,98659,100,100611,100,,
2019-06-28 10:07:20.000000000,99679,386,99548,386,99841,200,99352,100,99904,100,99170,100,99941,103,99111,100,99956,100,99040,100,100058,100,98989,100,100168,100,98836,100,100216,100,98756,100,100436,100,98659,100,100611,100,,
2019-06-28 10:07:24.771309219,99679,486,99548,386,99841,200,99352,100,99904,100,99170,100,99941,103,99111,100,99956,100,99040,100,100058,100,98989,100,100168,100,98836,100,100216,100,98756,100,100436,100,98659,100,100611,100,,
2019-06-28 10:07:25.811902641,99679,486,99674,100,99841,200,99548,386,99904,100,99352,100,99941,103,99170,100,99956,100,99111,100,100058,100,99040,100,100168,100,98989,100,100216,100,98836,100,100436,100,98756,100,100611,100,98659,100
2019-06-28 10:07:30.000000000,99679,297,99674,197,99841,294,99548,194,99904,194,99352,194,99941,103,99170,100,99956,100,99111,100,100058,100,99040,100,100168,100,98989,100,100216,100,98836,100,100436,100,98756,100,100611,100,98659,100
2019-06-28 10:07:33.190789322,99679,197,99674,197,99841,294,99548,194,99904,194,99352,194,99941,103,99170,100,99956,100,99111,100,100058,100,99040,100,100168,100,98989,100,100216,100,98836,100,100436,100,98756,100,100611,100,98659,100
2019-06-28 10:07:38.148182110,99679,197,99674,197,99841,294,99548,194,99904,94,99352,194,99941,103,99170,100,99956,100,99111,100,100058,100,99040,100,100168,100,98989,100,100216,100,98836,100,100436,100,98756,100,100611,100,98659,100
2019-06-28 10:07:40.000000000,99679,197,99674,197,99841,294,99548,194,99941,197,99352,194,99956,100,99170,100,100058,100,99111,100,100168,100,99040,100,100216,100,98989,100,100436,100,98836,100,100611,100,98756,100,,,98659,100
2019-06-28 10:07:50.000000000,99679,157,99674,157,99841,257,99548,157,99941,160,99352,157,99956,157,99170,157,100058,157,99111,157,100168,100,99040,100,100216,100,98989,100,100436,100,98836,100,100611,100,98756,100,,,98659,100
2019-06-28 10:07:56.150503884,99678,100,99674,157,99679,157,99548,157,99841,257,99352,157,99941,160,99170,157,99956,157,99111,157,100058,157,99040,100,100168,100,98989,100,100216,100,98836,100,100436,100,98756,100,100611,100,98659,100
2019-06-28 10:08:00.000000000,99678,386,99674,386,99679,100,99548,100,99841,200,99352,100,99941,103,99170,100,99956,100,99111,100,100058,100,99040,100,100168,100,98989,100,100216,100,98836,100,100436,100,98756,100,100611,100,98659,100
