,ask_price_1,ask_size_1,bid_price_1,bid_size_1,ask_price_2,ask_size_2,bid_price_2,bid_size_2,ask_price_3,ask_size_3,bid_price_3,bid_size_3,ask_price_4,ask_size_4,bid_price_4,bid_size_4,ask_price_5,ask_size_5,bid_price_5,bid_size_5,ask_price_6,ask_size_6,bid_price_6,bid_size_6,ask_price_7,ask_size_7,bid_price_7,bid_size_7,ask_price_8,ask_size_8,bid_price_8,bid_size_8,ask_price_9,ask_size_9,bid_price_9,bid_size_9,ask_price_10,ask_size_10,bid_price_10,bid_size_10
2019-06-28 09:30:00.000000001,100067,100,,,,,,,,,,,,,,,,,,,,,,,,,,,,,,,,,,,,,,
2019-06-28 09:30:00.000000002,100067,100,,,100107,100,,,,,,,,,,,,,,,,,,,,,,,,,,,,,,,,,,
2019-06-28 09:30:00.000000003,100007,100,,,100067,100,,,100107,100,,,,,,,,,,,,,,,,,,,,,,,,,,,,,,
2019-06-28 09:30:00.000000005,100007,100,,,100067,100,,,100107,100,,,100108,100,,,,,,,,,,,,,,,,,,,,,,,,,,
2019-06-28 09:30:00.000000008,100007,100,99937,100,100067,100,,,100107,100,,,100108,100,,,100128,100,,,,,,,,,,,,,,,,,,,,,,
2019-06-28 09:30:00.000000009,100007,100,100006,100,100067,100,99937,100,100107,100,,,100108,100,,,100128,100,,,,,,,,,,,,,,,,,,,,,,
2019-06-28 09:30:00.000000010,100007,100,100006,100,100053,100,99937,100,100067,100,,,100107,100,,,100108,100,,,100128,100,,,,,,,,,,,,,,,,,,
2019-06-28 09:30:00.000000011,100007,100,99937,100,100053,100,,,100067,100,,,100105,100,,,100107,100,,,100108,100,,,100128,100,,,,,,,,,,,,,,
2019-06-28 09:30:00.000000013,100053,100,99997,100,100067,100,99937,100,100105,100,,,100107,100,,,100108,100,,,100128,100,,,,,,,,,,,,,,,,,,
2019-06-28 09:30:00.000000014,100053,100,99997,100,100058,100,99983,100,100067,100,99937,100,100105,100,,,100107,100,,,100108,100,,,100128,100,,,,,,,,,,,,,,
2019-06-28 09:30:00.000000015,100053,100,99997,100,100058,100,99983,100,100067,100,99967,100,100105,100,99937,100,100107,100,,,100108,100,,,100128,100,,,,,,,,,,,,,,
2019-06-28 09:30:00.000000016,100053,100,99997,100,100058,100,99983,100,100066,100,99967,100,100067,100,99937,100,100105,100,,,100107,100,,,100108,100,,,100128,100,,,,,,,,,,
2019-06-28 09:30:00.000000017,100053,100,99997,100,100058,100,99984,100,100066,100,99983,100,100067,100,99967,100,100105,100,99937,100,100107,100,,,100108,100,,,100128,100,,,,,,,,,,
2019-06-28 09:30:00.000000019,100053,100,99997,100,100058,100,99984,100,100066,100,99983,100,100067,100,99967,100,100105,100,99937,100,100107,100,,,100108,100,,,100128,100,,,100147,100,,,,,,
2019-06-28 09:30:00.000000020,100053,100,99983,100,100058,100,99967,100,100066,100,99937,100,100067,100,,,100105,100,,,100107,100,,,100108,100,,,100128,100,,,100147,100,,,,,,
2019-06-28 09:30:00.000000023,100035,100,99983,100,100053,100,99967,100,100058,100,99937,100,100066,100,,,100067,100,,,100105,100,,,100107,100,,,100108,100,,,100128,100,,,100147,100,,
2019-06-28 09:30:00.000000027,100035,100,100012,100,100053,100,99983,100,100058,100,99967,100,100066,100,99937,100,100067,100,,,100105,100,,,100107,100,,,100108,100,,,100128,100,,,100147,100,,
2019-06-28 09:30:00.000000029,100035,100,99984,100,100053,100,99983,100,100058,100,99967,100,100066,100,99937,100,100067,100,,,100105,100,,,100107,100,,,100108,100,,,100128,100,,,100147,100,,
2019-06-28 09:30:00.000000032,99992,100,99983,100,100035,100,99967,100,100053,100,99937,100,100058,100,99917,100,100066,100,,,100067,100,,,100105,100,,,100107,100,,,100108,100,,,100128,100,,
2019-06-28 09:30:00.000000033,99992,100,99983,100,99997,100,99967,100,100035,100,99937,100,100053,100,99917,100,100058,100,,,100066,100,,,100067,100,,,100105,100,,,100107,100,,,100108,100,,
2019-06-28 09:30:00.000000034,99992,100,99984,100,99997,100,99983,100,100035,100,99967,100,100053,100,99937,100,100058,100,99917,100,100066,100,,,100067,200,,,100105,100,,,100107,100,,,100108,100,,
2019-06-28 09:30:00.000000035,99992,100,99984,100,99997,100,99983,100,100035,100,99967,100,100053,100,99937,100,100058,100,99917,100,100066,100,,,100067,200,,,100105,100,,,100107,100,,,100108,100,,
2019-06-28 09:30:00.000000037,99992,100,99984,100,99997,100,99983,100,100012,100,99967,100,100035,100,99937,100,100053,100,99917,100,100058,100,,,100066,100,,,100067,200,,,100105,100,,,100107,100,,
2019-06-28 09:30:00.000000039,99992,100,99984,100,99993,100,99983,100,99997,100,99967,100,100012,100,99937,100,100035,100,99917,100,100053,100,,,100058,100,,,100066,100,,,100067,200,,,100105,100,,
2019-06-28 09:30:00.000000041,99992,100,99984,100,99993,100,99983,100,99997,100,99967,200,100012,100,99937,100,100035,100,99917,100,100053,100,,,100058,100,,,100066,100,,,100067,200,,,100105,100,,
2019-06-28 09:30:00.000000044,99992,100,99984,100,99993,100,99983,100,99997,100,99967,200,100012,200,99937,100,100035,100,99917,100,100053,100,,,100058,100,,,100066,100,,,100067,200,,,100105,100,,
2019-06-28 09:30:00.000000045,99992,100,99984,100,99993,100,99983,100,99997,100,99967,200,100012,200,99955,100,100035,100,99937,100,100053,100,99917,100,100058,100,,,100066,100,,,100067,200,,,100105,100,,
2019-06-28 09:30:00.000000048,99992,100,99984,100,99993,100,99983,100,99997,100,99967,200,100012,200,99955,100,100035,100,99937,100,100036,100,99917,100,100053,100,,,100058,100,,,100066,100,,,100067,200,,
2019-06-28 09:30:00.000000050,99992,100,99984,100,99993,100,99983,100,99997,100,99967,200,100012,200,99955,100,100035,100,99941,100,100036,100,99937,100,100053,100,99917,100,100058,100,,,100066,100,,,100067,200,,
2019-06-28 09:30:00.000000053,99992,100,99984,100,99993,100,99983,100,99997,100,99967,200,100012,200,99955,100,100025,100,99941,100,100035,100,99937,100,100036,100,99917,100,100053,100,,,100058,100,,,100066,100,,
2019-06-28 09:30:00.000000056,99992,100,99984,100,99993,100,99983,100,99997,100,99967,200,100012,200,99955,100,100025,100,99941,100,100035,100,99937,100,100036,100,99917,100,100053,100,99894,100,100058,100,,,100066,100,,
2019-06-28 09:30:00.000000058,99992,100,99984,100,99993,100,99983,100,99997,100,99967,200,100012,200,99955,100,100025,100,99941,100,100035,100,99937,100,100036,100,99917,100,100045,100,99894,100,100053,100,,,100058,100,,
2019-06-28 09:30:00.000000065,99992,100,99984,100,99993,100,99983,100,99997,100,99967,200,100012,200,99955,100,100025,100,99941,100,100027,100,99937,100,100035,100,99917,100,100036,100,99894,100,100045,100,,,100053,100,,
2019-06-28 09:30:00.000000066,99992,100,99985,100,99993,100,99984,100,99997,100,99983,100,100012,200,99967,200,100025,100,99955,100,100027,100,99941,100,100035,100,99937,100,100036,100,99917,100,100045,100,99894,100,100053,100,,
2019-06-28 09:30:00.000000067,99992,100,99985,100,99993,100,99984,100,99997,100,99983,100,100012,200,99967,200,100025,100,99955,100,100027,100,99941,100,100035,100,99937,100,100036,100,99917,100,100045,100,99896,100,100053,100,99894,100
2019-06-28 09:30:00.000000069,99993,100,99985,100,99997,100,99984,100,100012,200,99983,100,100025,100,99967,200,100027,100,99955,100,100035,100,99941,100,100036,100,99937,100,100045,100,99917,100,100053,100,99896,100,100058,100,99894,100
2019-06-28 09:30:00.000000070,99993,100,99985,100,99997,100,99984,100,100012,200,99983,100,100025,100,99967,200,100027,100,99955,100,100035,100,99941,200,100036,100,99937,100,100045,100,99917,100,100053,100,99896,100,100058,100,99894,100
2019-06-28 09:30:00.000000072,99993,100,99992,100,99997,100,99985,100,100012,200,99984,100,100025,100,99983,100,100027,100,99967,200,100035,100,99955,100,100036,100,99941,200,100045,100,99937,100,100053,100,99917,100,100058,100,99896,100
2019-06-28 09:30:00.000000073,99993,100,99992,100,99997,100,99985,100,100012,200,99984,100,100025,100,99983,100,100027,100,99967,200,100035,100,99955,100,100036,100,99941,200,100045,100,99937,100,100053,100,99917,100,100058,100,99896,100
2019-06-28 09:30:00.000000074,99993,100,99992,100,99997,100,99985,100,100012,200,99984,100,100025,100,99983,100,100027,100,99967,200,100035,100,99955,100,100036,100,99941,200,100045,100,99937,100,100053,100,99925,100,100058,100,99917,100
2019-06-28 09:30:00.000000077,99993,100,99992,100,99997,100,99985,100,100012,200,99984,100,100025,100,99983,100,100027,100,99967,200,100035,100,99955,100,100036,100,99941,200,100045,100,99937,100,100053,100,99925,100,100058,100,99917,100
2019-06-28 09:30:00.000000083,99993,100,99992,100,99997,100,99985,100,100012,200,99984,100,100025,100,99983,100,100027,100,99967,200,100035,100,99955,100,100036,100,99941,200,100045,100,99937,100,100053,100,99925,100,100058,100,99917,100
2019-06-28 09:30:00.000000085,99993,100,99992,100,99997,100,99985,100,100012,200,99984,100,100025,100,99983,100,100027,100,99967,200,100035,100,99955,100,100036,100,99941,200,100045,100,99937,100,100052,100,99925,100,100053,100,99917,100
2019-06-28 09:30:00.000000087,99997,100,99992,100,100012,200,99985,100,100025,100,99984,100,100027,100,99983,100,100035,100,99967,200,100036,100,99955,100,100045,100,99941,200,100052,100,99937,100,100053,100,99925,100,100058,100,99917,100
2019-06-28 09:30:00.000000092,99997,100,99992,100,100012,200,99985,100,100025,100,99984,100,100027,100,99983,100,100035,100,99967,200,100036,100,99955,100,100045,100,99941,200,100052,100,99937,100,100053,100,99925,100,100058,100,99917,100
2019-06-28 09:30:00.000000096,99997,100,99985,100,100012,200,99984,100,100025,100,99983,100,100027,100,99967,200,100035,100,99955,100,100036,100,99941,200,100045,100,99937,100,100052,100,99925,100,100053,100,99917,100,100058,100,99896,100
2019-06-28 09:30:00.000000098,99997,100,99985,100,100012,200,99984,100,100025,100,99983,100,100027,100,99967,200,100034,100,99955,100,100035,100,99941,200,100036,100,99937,100,100045,100,99925,100,100052,100,99917,100,100053,100,99896,100
2019-06-28 09:30:10.000000000,99997,233,99985,233,100012,329,99984,229,100025,229,99983,229,100027,100,99967,200,100034,100,99955,100,100035,100,99941,200,100036,100,99937,100,100045,100,99925,100,100052,100,99917,100,100053,100,99896,100
2019-06-28 09:30:20.000000000,99997,233,99985,233,100012,329,99984,229,100025,229,99983,229,100027,100,99967,200,100034,100,99955,100,100035,100,99941,200,100036,100,99937,100,100045,100,99925,100,100052,100,99917,100,100053,100,99896,100
2019-06-28 09:30:20.390146233,99997,233,99992,100,100012,329,99985,233,100025,229,99984,129,100027,100,99983,229,100034,100,99967,200,100035,100,99955,100,100036,100,99941,200,100045,100,99937,100,100052,100,99925,100,100053,100,99917,100
2019-06-28 09:30:30.000000000,99997,233,99992,233,100012,329,99985,229,100025,229,99983,229,100027,100,99967,200,100034,100,99955,100,100035,100,99941,200,100036,100,99937,100,100045,100,99925,100,100052,100,99917,100,100053,100,99896,100
2019-06-28 09:30:31.973825747,99997,233,99992,133,100012,329,99985,229,100025,229,99983,229,100027,100,99967,200,100034,100,99955,100,100035,100,99941,200,100036,100,99937,100,100045,100,99925,100,100052,100,99917,100,100053,100,99896,100
2019-06-28 09:30:40.000000000,99997,233,99985,233,100012,329,99983,229,100025,229,99967,329,100027,100,99955,100,100034,100,99941,200,100035,100,99937,100,100036,100,99925,100,100045,100,99917,100,100052,100,99896,100,100053,100,99894,100
2019-06-28 09:30:50.000000000,99997,198,99985,198,100012,298,99983,198,100025,198,99967,298,100027,198,99955,198,100034,100,99941,200,100035,100,99937,100,100036,100,99925,100,100045,100,99917,100,100052,100,99896,100,100053,100,99894,100
2019-06-28 09:31:00.000000000,99997,492,99985,492,100012,200,99983,100,100025,100,99967,200,100027,100,99955,100,100034,100,99941,200,100035,100,99937,100,100036,100,99925,100,100045,100,99917,100,100052,100,99896,100,100053,100,99894,100
2019-06-28 09:31:04.010277371,99997,492,99985,492,100012,200,99983,100,100025,100,99975,100,100027,100,99967,200,100034,100,99955,100,100035,100,99941,200,100036,100,99937,100,100045,100,99925,100,100052,100,99917,100,100053,100,99896,100
2019-06-28 09:31:10.000000000,99997,178,99985,178,100012,278,99983,178,100025,178,99975,178,100027,178,99967,278,100034,178,99955,178,100035,100,99941,200,100036,100,99937,100,100045,100,99925,100,100052,100,99917,100,100053,100,99896,100
2019-06-28 09:31:20.000000000,99997,198,99985,198,100012,298,99983,198,100025,198,99975,198,100027,198,99967,298,100034,100,99955,100,100035,100,99941,200,100036,100,99937,100,100045,100,99925,100,100052,100,99917,100,100053,100,99896,100
2019-06-28 09:31:20.371719341,99992,100,99985,198,99997,198,99983,198,100012,298,99975,198,100025,198,99967,298,100027,198,99955,100,100034,100,99941,200,100035,100,99937,100,100036,100,99925,100,100045,100,99917,100,100052,100,99896,100
2019-06-28 09:31:30.000000000,99992,198,99985,198,99997,198,99983,198,100012,298,99975,198,100025,198,99967,298,100027,100,99955,100,100034,100,99941,200,100035,100,99937,100,100036,100,99925,100,100045,100,99917,100,100052,100,99896,100
2019-06-28 09:31:30.642397075,99992,198,99985,98,99997,198,99983,198,100012,298,99975,198,100025,198,99967,298,100027,100,99955,100,100034,100,99941,200,100035,100,99937,100,100036,100,99925,100,100045,100,99917,100,100052,100,99896,100
2019-06-28 09:31:40.000000000,99992,233,99983,233,99997,229,99975,229,100012,329,99967,329,100025,100,99955,100,100027,100,99941,200,100034,100,99937,100,100035,100,99925,100,100036,100,99917,100,100045,100,99896,100,100052,100,99894,100
2019-06-28 09:31:49.033388625,99992,133,99983,233,99997,229,99975,229,100012,329,99967,329,100025,100,99955,100,100027,100,99941,200,100034,100,99937,100,100035,100,99925,100,100036,100,99917,100,100045,100,99896,100,100052,100,99894,100
2019-06-28 09:31:49.435654311,99992,33,99983,233,99997,229,99975,229,100012,329,99967,329,100025,100,99955,100,100027,100,99941,200,100034,100,99937,100,100035,100,99925,100,100036,100,99917,100,100045,100,99896,100,100052,100,99894,100
2019-06-28 09:31:50.000000000,99997,296,99983,296,100012,396,99975,296,100025,100,99967,200,100027,100,99955,100,100034,100,99941,200,100035,100,99937,100,100036,100,99925,100,100045,100,99917,100,100052,100,99896,100,100053,100,99894,100
2019-06-28 09:31:53.137196669,99997,196,99983,296,100012,396,99975,296,100025,100,99967,200,100027,100,99955,100,100034,100,99941,200,100035,100,99937,100,100036,100,99925,100,100045,100,99917,100,100052,100,99896,100,100053,100,99894,100
2019-06-28 09:32:00.000000000,100012,278,99983,178,100025,178,99975,178,100027,178,99967,278,100034,178,99955,178,100035,178,99941,278,100036,100,99937,100,100045,100,99925,100,100052,100,99917,100,100053,100,99896,100,100058,100,99894,100
2019-06-28 09:32:10.000000000,100012,592,99983,492,100025,100,99975,100,100027,100,99967,200,100034,100,99955,100,100035,100,99941,200,100036,100,99937,100,100045,100,99925,100,100052,100,99917,100,100053,100,99896,100,100058,100,99894,100
2019-06-28 09:32:14.490379035,100012,492,99983,492,100025,100,99975,100,100027,100,99967,200,100034,100,99955,100,100035,100,99941,200,100036,100,99937,100,100045,100,99925,100,100052,100,99917,100,100053,100,99896,100,100058,100,99894,100
2019-06-28 09:32:20.000000000,100012,233,99983,233,100025,229,99975,229,100027,229,99967,329,100034,100,99955,100,100035,100,99941,200,100036,100,99937,100,100045,100,99925,100,100052,100,99917,100,100053,100,99896,100,100058,100,99894,100
2019-06-28 09:32:30.000000000,100012,296,99983,296,100025,296,99975,296,100027,100,99967,200,100034,100,99955,100,100035,100,99941,200,100036,100,99937,100,100045,100,99925,100,100052,100,99917,100,100053,100,99896,100,100058,100,99894,100
2019-06-28 09:32:40.000000000,100012,198,99983,198,100025,198,99975,198,100027,198,99967,298,100034,198,99955,198,100035,100,99941,200,100036,100,99937,100,100045,100,99925,100,100052,100,99917,100,100053,100,99896,100,100058,100,99894,100
2019-06-28 09:32:44.183954819,99996,100,99983,198,100012,198,99975,198,100025,198,99967,298,100027,198,99955,198,100034,198,99941,200,100035,100,99937,100,100036,100,99925,100,100045,100,99917,100,100052,100,99896,100,100053,100,99894,100
2019-06-28 09:32:49.077842323,99996,100,99983,198,100012,198,99975,198,100025,198,99967,298,100027,198,99955,198,100034,198,99941,200,100035,100,99937,100,100036,100,99925,100,100045,100,99917,100,100052,100,99896,100,100053,100,99894,100
2019-06-28 09:32:50.000000000,99996,198,99983,198,100012,198,99975,198,100025,198,99967,298,100027,198,99955,198,100034,100,99941,200,100035,100,99937,100,100036,100,99925,100,100045,100,99917,100,100052,100,99896,100,100053,100,99894,100
2019-06-28 09:32:54.710551079,99996,198,99983,198,100012,198,99975,198,100025,198,99967,298,100027,198,99955,198,100034,100,99941,200,100035,100,99937,100,100036,100,99925,100,100045,100,99917,100,100052,100,99896,100,100053,100,99894,100
2019-06-28 09:33:00.000000000,99996,296,99983,296,100012,296,99975,296,100025,100,99967,200,100027,100,99955,100,100034,100,99941,200,100035,100,99937,100,100036,100,99925,100,100045,100,99917,100,100052,100,99896,100,100053,100,99894,100
2019-06-28 09:33:04.223636920,99996,396,99983,296,100012,296,99975,296,100025,100,99967,200,100027,100,99955,100,100034,100,99941,200,100035,100,99937,100,100036,100,99925,100,100045,100,99917,100,100052,100,99896,100,100053,100,99894,100
2019-06-28 09:33:07.344276103,99996,396,99983,196,100012,296,99975,296,100025,100,99967,200,100027,100,99955,100,100034,100,99941,200,100035,100,99937,100,100036,100,99925,100,100045,100,99917,100,100052,100,99896,100,100053,100,99894,100
2019-06-28 09:33:10.000000000,99996,333,99975,233,100012,229,99967,329,100025,229,99955,229,100027,100,99941,200,100034,100,99937,100,100035,100,99925,100,100036,100,99917,100,100045,100,99896,100,100052,100,99894,100,100053,100,99862,100
2019-06-28 09:33:20.000000000,99996,396,99975,296,100012,296,99967,396,100025,100,99955,100,100027,100,99941,200,100034,100,99937,100,100035,100,99925,100,100036,100,99917,100,100045,100,99896,100,100052,100,99894,100,100053,100,99862,100
2019-06-28 09:33:30.000000000,99996,278,99975,178,100012,178,99967,278,100025,178,99955,178,100027,178,99941,278,100034,178,99937,178,100035,100,99925,100,100036,100,99917,100,100045,100,99896,100,100052,100,99894,100,100053,100,99862,100
2019-06-28 09:33:36.722405874,99996,278,99975,178,100012,178,99967,278,100025,178,99955,178,100027,178,99941,278,100034,178,99937,178,100035,100,99925,100,100036,100,99917,100,100045,100,99896,100,100052,100,99894,100,100053,100,99862,100
2019-06-28 09:33:40.000000000,99996,592,99975,492,100012,100,99967,200,100025,100,99955,100,100027,100,99941,200,100034,100,99937,100,100035,100,99925,100,100036,100,99917,100,100045,100,99896,100,100052,100,99894,100,100053,100,99862,100
2019-06-28 09:33:41.186505903,99996,492,99975,492,100012,100,99967,200,100025,100,99955,100,100027,100,99941,200,100034,100,99937,100,100035,100,99925,100,100036,100,99917,100,100052,100,99896,100,100053,100,99894,100,100066,100,99862,100
2019-06-28 09:33:50.000000000,99996,492,99975,492,100012,100,99967,200,100025,100,99955,100,100027,100,99941,200,100034,100,99937,100,100035,100,99925,100,100036,100,99917,100,100052,100,99896,100,100053,100,99894,100,100066,100,99862,100
2019-06-28 09:33:54.975149007,99996,492,99975,492,100012,100,99967,200,100025,100,99955,100,100027,100,99941,200,100034,100,99937,100,100035,100,99925,100,100036,100,99896,100,100052,100,99894,100,100053,100,99874,100,100066,100,99862,100
2019-06-28 09:34:00.000000000,99996,178,99975,178,100012,178,99967,278,100025,178,99955,178,100027,178,99941,278,100034,178,99937,178,100035,100,99925,100,100036,100,99896,100,100052,100,99894,100,100053,100,99874,100,100066,100,99862,100
2019-06-28 09:34:10.000000000,99996,198,99975,198,100012,198,99967,298,100025,198,99955,198,100027,198,99941,298,100034,100,99937,100,100035,100,99925,100,100036,100,99896,100,100052,100,99894,100,100053,100,99874,100,100066,100,99862,100
2019-06-28 09:34:20.000000000,99996,296,99975,296,100012,296,99967,396,100025,100,99955,100,100027,100,99941,200,100034,100,99937,100,100035,100,99925,100,100036,100,99896,100,100052,100,99894,100,100053,100,99874,100,100066,100,99862,100
2019-06-28 09:34:25.759961649,99996,296,99975,196,100012,296,99967,396,100025,100,99955,100,100027,100,99941,200,100034,100,99937,100,100035,100,99925,100,100036,100,99896,100,100052,100,99894,100,100053,100,99874,100,100066,100,99862,100
2019-06-28 09:34:30.000000000,99996,233,99967,333,100012,229,99955,229,100025,229,99941,329,100027,100,99937,100,100034,100,99925,100,100035,100,99896,100,100036,100,99894,100,100052,100,99874,100,100053,100,99862,100,100066,100,99852,100
2019-06-28 09:34:40.000000000,99996,233,99967,333,100012,229,99955,229,100025,229,99941,329,100027,100,99937,100,100034,100,99925,100,100035,100,99896,100,100036,100,99894,100,100052,100,99874,100,100053,100,99862,100,100066,100,99852,100
2019-06-28 09:34:50.000000000,99996,296,99967,396,100012,296,99955,296,100025,100,99941,200,100027,100,99937,100,100034,100,99925,100,100035,100,99896,100,100036,100,99894,100,100052,100,99874,100,100053,100,99862,100,100066,100,99852,100
2019-06-28 09:35:00.000000000,99996,233,99967,333,100012,229,99955,229,100025,229,99941,329,100027,100,99937,100,100034,100,99925,100,100035,100,99896,100,100036,100,99894,100,100052,100,99874,100,100053,100,99862,100,100066,100,99852,100
2019-06-28 09:35:03.130975871,99996,133,99967,333,100012,229,99955,229,100025,229,99941,329,100027,100,99925,100,100034,100,99896,100,100035,100,99894,100,100036,100,99874,100,100052,100,99862,100,100053,100,99852,100,100066,100,99520,100
2019-06-28 09:35:10.000000000,100012,178,99967,278,100025,178,99955,178,100027,178,99941,278,100034,178,99925,178,100035,178,99896,178,100036,100,99894,100,100052,100,99874,100,100053,100,99862,100,100066,100,99852,100,100067,200,99520,100
2019-06-28 09:35:20.000000000,100012,198,99967,298,100025,198,99955,198,100027,198,99941,298,100034,198,99925,198,100035,100,99896,100,100036,100,99894,100,100052,100,99874,100,100053,100,99862,100,100066,100,99852,100,100067,200,99520,100
2019-06-28 09:35:30.000000000,100012,296,99967,396,100025,296,99955,296,100027,100,99941,200,100034,100,99925,100,100035,100,99896,100,100036,100,99894,100,100052,100,99874,100,100053,100,99862,100,100066,100,99852,100,100067,200,99520,100
2019-06-28 09:35:33.730053245,100012,296,99967,396,100025,296,99955,296,100027,100,99941,200,100034,100,99925,100,100035,100,99896,100,100036,100,99874,100,100052,100,99862,100,100053,100,99852,100,100066,100,99734,100,100067,200,99520,100
2019-06-28 09:35:33.785186050,99995,100,99967,396,100012,296,99955,296,100025,296,99941,200,100027,100,99925,100,100034,100,99896,100,100035,100,99874,100,100036,100,99862,100,100052,100,99852,100,100053,100,99734,100,100066,100,99520,100
2019-06-28 09:35:40.000000000,99995,198,99967,298,100012,198,99955,198,100025,198,99941,298,100027,198,99925,198,100034,100,99896,100,100035,100,99874,100,100036,100,99862,100,100052,100,99852,100,100053,100,99734,100,100066,100,99520,100
2019-06-28 09:35:42.201688678,99995,198,99967,298,100012,198,99955,98,100025,198,99941,298,100027,198,99925,198,100034,100,99896,100,100035,100,99874,100,100036,100,99862,100,100052,100,99852,100,100053,100,99734,100,100066,100,99563,100
2019-06-28 09:35:46.147869829,99995,198,99967,298,100012,198,99955,98,100025,198,99941,298,100027,198,99925,198,100034,100,99896,100,100035,100,99874,100,100036,100,99862,100,100052,100,99852,100,100053,100,99734,100,100066,100,99587,100
2019-06-28 09:35:50.000000000,99995,296,99967,396,100012,296,99941,396,100025,100,99925,100,100027,100,99896,100,100034,100,99874,100,100035,100,99862,100,100036,100,99852,100,100052,100,99734,100,100053,100,99587,100,100066,100,99563,100
2019-06-28 09:35:55.902238801,99995,296,99967,396,100012,296,99941,396,100025,100,99925,100,100027,100,99896,100,100034,100,99874,100,100035,100,99862,100,100036,100,99852,100,100052,100,99734,100,100053,100,99587,100,100066,100,99563,100
2019-06-28 09:36:00.000000000,99995,178,99967,278,100012,178,99941,278,100025,178,99925,178,100027,178,99896,178,100034,178,99874,178,100035,100,99862,100,100036,100,99852,100,100052,100,99734,100,100053,100,99587,100,100066,100,99563,100
2019-06-28 09:36:00.730004306,99995,178,99967,278,100012,178,99941,278,100025,178,99925,178,100027,178,99896,178,100034,178,99874,178,100035,100,99862,100,100036,100,99852,100,100052,100,99734,100,100053,100,99587,100,100066,100,99563,100
2019-06-28 09:36:10.000000000,99995,296,99967,396,100012,296,99941,396,100025,100,99925,100,100027,100,99896,100,100034,100,99874,100,100035,100,99862,100,100036,100,99852,100,100052,100,99734,100,100053,100,99587,100,100066,100,99563,100
2019-06-28 09:36:20.000000000,99995,296,99967,396,100012,296,99941,396,100025,100,99925,100,100027,100,99896,100,100034,100,99874,100,100035,100,99862,100,100036,100,99852,100,100052,100,99734,100,100053,100,99587,100,100066,100,99563,100
2019-06-28 09:36:20.671118892,99995,296,99967,396,100012,296,99941,396,100025,100,99925,100,100027,100,99896,100,100034,100,99874,100,100035,100,99862,100,100036,100,99852,100,100052,100,99734,100,100053,100,99621,100,100066,100,99587,100
2019-06-28 09:36:30.000000000,99995,296,99967,396,100012,296,99941,396,100025,100,99925,100,100027,100,99896,100,100034,100,99874,100,100035,100,99862,100,100036,100,99852,100,100052,100,99734,100,100053,100,99621,100,100066,100,99587,100
2019-06-28 09:36:40.000000000,99995,492,99967,592,100012,100,99941,200,100025,100,99925,100,100027,100,99896,100,100034,100,99874,100,100035,100,99862,100,100036,100,99852,100,100052,100,99734,100,100053,100,99621,100,100066,100,99587,100
2019-06-28 09:36:50.000000000,99995,233,99967,333,100012,229,99941,329,100025,229,99925,229,100027,100,99896,100,100034,100,99874,100,100035,100,99862,100,100036,100,99852,100,100052,100,99734,100,100053,100,99621,100,100066,100,99587,100
2019-06-28 09:37:00.000000000,99995,198,99967,298,100012,198,99941,298,100025,198,99925,198,100027,198,99896,198,100034,100,99874,100,100035,100,99862,100,100036,100,99852,100,100052,100,99734,100,100053,100,99621,100,100066,100,99587,100
2019-06-28 09:37:02.578014109,99995,198,99967,198,100012,198,99941,298,100025,198,99925,198,100027,198,99896,198,100034,100,99874,100,100035,100,99862,100,100036,100,99852,100,100052,100,99734,100,100053,100,99621,100,100066,100,99587,100
2019-06-28 09:37:05.929643029,99994,100,99967,198,99995,198,99941,298,100012,198,99925,198,100025,198,99896,198,100027,198,99874,100,100034,100,99862,100,100035,100,99852,100,100036,100,99734,100,100052,100,99621,100,100053,100,99587,100
2019-06-28 09:37:10.000000000,99994,198,99967,198,99995,198,99941,298,100012,198,99925,198,100025,198,99896,198,100027,100,99874,100,100034,100,99862,100,100035,100,99852,100,100036,100,99734,100,100052,100,99621,100,100053,100,99587,100
2019-06-28 09:37:11.422731444,99994,198,99967,198,99995,198,99941,298,100012,198,99925,198,100025,198,99896,198,100027,100,99874,100,100034,100,99862,100,100035,100,99852,100,100036,100,99734,100,100052,100,99621,100,100053,100,99587,100
2019-06-28 09:37:12.215088858,99994,198,99967,98,99995,198,99941,298,100012,198,99925,198,100025,198,99896,198,100027,100,99874,100,100034,100,99862,100,100035,100,99852,100,100036,100,99734,100,100052,100,99621,100,100053,100,99587,100
2019-06-28 09:37:16.981833714,99967,2,99941,298,99994,198,99925,198,99995,198,99896,198,100012,198,99874,100,100025,198,99862,100,100027,100,99852,100,100034,100,99734,100,100035,100,99621,100,100036,100,99587,100,100052,100,99563,100
2019-06-28 09:37:20.000000000,99967,80,99941,278,99994,178,99925,178,99995,178,99896,178,100012,178,99874,178,100025,178,99862,178,100027,100,99852,100,100034,100,99734,100,100035,100,99621,100,100036,100,99587,100,100052,100,99563,100
2019-06-28 09:37:30.000000000,99967,135,99941,333,99994,229,99925,229,99995,229,99896,229,100012,100,99874,100,100025,100,99862,100,100027,100,99852,100,100034,100,99734,100,100035,100,99621,100,100036,100,99587,100,100052,100,99563,100
2019-06-28 09:37:37.302377836,99967,135,99941,333,99994,229,99925,229,99995,229,99896,229,100012,100,99874,100,100025,100,99862,100,100027,100,99852,100,100034,100,99793,100,100036,100,99734,100,100052,100,99621,100,100053,100,99587,100
2019-06-28 09:37:40.000000000,99967,135,99941,333,99994,229,99925,229,99995,229,99896,229,100012,100,99874,100,100025,100,99862,100,100027,100,99852,100,100034,100,99793,100,100036,100,99734,100,100052,100,99621,100,100053,100,99587,100
2019-06-28 09:37:50.000000000,99967,100,99941,298,99994,198,99925,198,99995,198,99896,198,100012,198,99874,198,100025,100,99862,100,100027,100,99852,100,100034,100,99793,100,100036,100,99734,100,100052,100,99621,100,100053,100,99587,100
2019-06-28 09:37:52.933365800,99967,100,99941,298,99994,198,99925,198,99995,198,99896,198,100012,198,99874,198,100025,100,99862,100,100027,100,99852,100,100034,100,99793,100,100036,100,99734,100,100052,100,99621,100,100053,100,99587,100
2019-06-28 09:38:00.000000000,99967,135,99941,333,99994,229,99925,229,99995,229,99896,229,100012,100,99874,100,100025,100,99862,100,100027,100,99852,100,100034,100,99793,100,100036,100,99734,100,100052,100,99621,100,100053,100,99587,100
2019-06-28 09:38:03.108325356,99967,235,99941,333,99994,229,99925,229,99995,229,99896,229,100012,100,99874,100,100025,100,99862,100,100027,100,99852,100,100034,100,99793,100,100036,100,99734,100,100052,100,99621,100,100053,100,99587,100
2019-06-28 09:38:10.000000000,99967,298,99941,396,99994,296,99925,296,99995,100,99896,100,100012,100,99874,100,100025,100,99862,100,100027,100,99852,100,100034,100,99793,100,100036,100,99734,100,100052,100,99621,100,100053,100,99587,100
2019-06-28 09:38:20.000000000,99967,200,99941,298,99994,198,99925,198,99995,198,99896,198,100012,198,99874,198,100025,100,99862,100,100027,100,99852,100,100034,100,99793,100,100036,100,99734,100,100052,100,99621,100,100053,100,99587,100
2019-06-28 09:38:20.946632191,99967,200,99941,298,99994,198,99925,98,99995,198,99896,198,100012,198,99874,198,100025,100,99862,100,100027,100,99852,100,100034,100,99793,100,100036,100,99749,100,100052,100,99734,100,100053,100,99621,100
2019-06-28 09:38:21.043805343,99967,200,99941,298,99994,198,99925,98,99995,198,99896,198,100012,198,99874,198,100025,100,99862,100,100027,100,99852,100,100034,100,99793,100,100036,100,99749,100,100052,100,99734,100,100053,100,99621,100
2019-06-28 09:38:30.000000000,99967,200,99941,298,99994,198,99896,198,99995,198,99874,198,100012,198,99862,198,100025,100,99852,100,100027,100,99793,100,100034,100,99749,100,100036,100,99734,100,100052,100,99621,100,100053,100,99587,100
2019-06-28 09:38:40.000000000,99967,494,99941,592,99994,100,99896,100,99995,100,99874,100,100012,100,99862,100,100025,100,99852,100,100027,100,99793,100,100034,100,99749,100,100036,100,99734,100,100052,100,99621,100,100053,100,99587,100
2019-06-28 09:38:49.498788976,99967,494,99941,592,99994,100,99928,100,99995,100,99896,100,100012,100,99874,100,100025,100,99862,100,100027,100,99852,100,100036,100,99793,100,100052,100,99749,100,100053,100,99734,100,100067,200,99621,100
2019-06-28 09:38:50.000000000,99967,494,99941,592,99994,100,99928,100,99995,100,99896,100,100012,100,99874,100,100025,100,99862,100,100027,100,99852,100,100036,100,99793,100,100052,100,99749,100,100053,100,99734,100,100067,200,99621,100
2019-06-28 09:38:56.888945034,99967,494,99941,592,99995,100,99928,100,100012,100,99896,100,100025,100,99874,100,100027,100,99862,100,100036,100,99852,100,100052,100,99793,100,100053,100,99749,100,100067,200,99734,100,100075,100,99621,100
2019-06-28 09:38:59.797402527,99967,494,99941,592,99995,100,99928,100,100012,100,99896,100,100025,100,99874,100,100027,100,99862,100,100036,100,99793,100,100052,100,99749,100,100053,100,99734,100,100067,200,99621,100,100075,100,99587,100
2019-06-28 09:38:59.869653173,99967,394,99941,592,99995,100,99928,100,100012,100,99896,100,100025,100,99874,100,100027,100,99862,100,100036,100,99793,100,100052,100,99749,100,100053,100,99734,100,100067,200,99621,100,100075,100,99587,100
2019-06-28 09:39:00.000000000,99967,394,99941,592,99995,100,99928,100,100012,100,99896,100,100025,100,99874,100,100027,100,99862,100,100036,100,99793,100,100052,100,99749,100,100053,100,99734,100,100067,200,99621,100,100075,100,99587,100
2019-06-28 09:39:07.784867711,99967,394,99941,592,99995,100,99928,100,100012,100,99896,100,100025,100,99874,100,100027,100,99862,100,100036,100,99793,100,100049,100,99749,100,100052,100,99734,100,100053,100,99621,100,100067,200,99587,100
2019-06-28 09:39:10.000000000,99967,100,99941,298,99995,198,99928,198,100012,198,99896,198,100025,198,99874,198,100027,100,99862,100,100036,100,99793,100,100049,100,99749,100,100052,100,99734,100,100053,100,99621,100,100067,200,99587,100
2019-06-28 09:39:20.000000000,99967,135,99941,333,99995,229,99928,229,100012,229,99896,229,100025,100,99874,100,100027,100,99862,100,100036,100,99793,100,100049,100,99749,100,100052,100,99734,100,100053,100,99621,100,100067,200,99587,100
2019-06-28 09:39:26.842819595,99967,135,99941,333,99995,229,99928,229,100012,229,99896,229,100025,100,99874,100,100027,100,99862,100,100036,100,99793,100,100049,100,99749,100,100052,100,99734,100,100053,100,99621,100,100067,200,99587,100
2019-06-28 09:39:30.000000000,99967,80,99941,278,99995,178,99928,178,100012,178,99896,178,100025,178,99874,178,100027,178,99862,178,100036,100,99793,100,100049,100,99749,100,100052,100,99734,100,100053,100,99621,100,100067,200,99587,100
2019-06-28 09:39:38.234809857,99967,80,99941,278,99995,78,99928,178,100012,178,99896,178,100025,178,99874,178,100027,178,99862,178,100036,100,99793,100,100049,100,99749,100,100052,100,99734,100,100053,100,99621,100,100067,200,99587,100
2019-06-28 09:39:40.000000000,99967,100,99941,298,100012,198,99928,198,100025,198,99896,198,100027,198,99874,198,100036,100,99862,100,100049,100,99793,100,100052,100,99749,100,100053,100,99734,100,100067,200,99621,100,100070,100,99587,100
2019-06-28 09:39:50.000000000,99967,198,99941,396,100012,296,99928,296,100025,100,99896,100,100027,100,99874,100,100036,100,99862,100,100049,100,99793,100,100052,100,99749,100,100053,100,99734,100,100067,200,99621,100,100070,100,99587,100
2019-06-28 09:40:00.000000000,99967,198,99941,396,100012,296,99928,296,100025,100,99896,100,100027,100,99874,100,100036,100,99862,100,100049,100,99793,100,100052,100,99749,100,100053,100,99734,100,100067,200,99621,100,100070,100,99587,100
2019-06-28 09:40:06.646888856,99967,198,99941,396,100012,296,99928,296,100025,100,99896,100,100027,100,99874,100,100036,100,99862,100,100049,100,99855,100,100052,100,99793,100,100053,100,99749,100,100067,200,99734,100,100070,100,99621,100
2019-06-28 09:40:10.000000000,99967,80,99941,278,100012,178,99928,178,100025,178,99896,178,100027,178,99874,178,100036,178,99862,178,100049,100,99855,100,100052,100,99793,100,100053,100,99749,100,100067,200,99734,100,100070,100,99621,100
2019-06-28 09:40:19.238576487,99966,100,99941,278,99967,80,99928,178,100012,178,99896,178,100025,178,99874,178,100027,178,99862,178,100036,178,99855,100,100049,100,99793,100,100052,100,99749,100,100053,100,99734,100,100067,200,99621,100
2019-06-28 09:40:20.000000000,99966,233,99941,333,99967,131,99928,229,100012,229,99896,229,100025,100,99874,100,100027,100,99862,100,100036,100,99855,100,100049,100,99793,100,100052,100,99749,100,100053,100,99734,100,100067,200,99621,100
2019-06-28 09:40:20.769694810,99966,233,99941,233,99967,131,99928,229,100012,229,99896,229,100025,100,99874,100,100027,100,99855,100,100036,100,99793,100,100049,100,99749,100,100052,100,99734,100,100053,100,99621,100,100067,200,99587,100
2019-06-28 09:40:22.928493512,99966,233,99942,100,99967,129,99941,233,100012,229,99928,229,100025,100,99896,229,100027,100,99874,100,100036,100,99855,100,100049,100,99793,100,100052,100,99749,100,100053,100,99734,100,100067,200,99621,100
2019-06-28 09:40:24.802246454,99966,233,99942,100,99967,129,99941,233,99986,100,99928,229,100012,229,99896,229,100025,100,99874,100,100027,100,99855,100,100036,100,99793,100,100049,100,99749,100,100052,100,99734,100,100053,100,99621,100
2019-06-28 09:40:25.907830168,99966,233,99942,100,99967,129,99941,233,99986,100,99928,229,100012,229,99896,229,100025,100,99874,100,100027,100,99855,100,100036,100,99793,100,100052,100,99749,100,100053,100,99734,100,100067,200,99723,100
2019-06-28 09:40:28.266720876,99965,100,99942,100,99966,233,99941,233,99967,129,99928,229,99986,100,99896,229,100012,229,99874,100,100025,100,99855,100,100027,100,99793,100,100036,100,99749,100,100052,100,99734,100,100053,100,99723,100
2019-06-28 09:40:30.000000000,99965,198,99942,198,99966,198,99941,198,99986,198,99928,198,100012,198,99896,198,100025,100,99874,100,100027,100,99855,100,100036,100,99793,100,100052,100,99749,100,100053,100,99734,100,100067,200,99723,100
2019-06-28 09:40:40.000000000,99965,198,99942,198,99966,198,99941,198,99986,198,99928,198,100012,198,99896,198,100025,100,99874,100,100027,100,99855,100,100036,100,99793,100,100052,100,99749,100,100053,100,99734,100,100067,200,99723,100
2019-06-28 09:40:50.000000000,99965,198,99942,198,99966,198,99941,198,99986,198,99928,198,100012,198,99896,198,100025,100,99874,100,100027,100,99855,100,100036,100,99793,100,100052,100,99749,100,100053,100,99734,100,100067,200,99723,100
2019-06-28 09:40:55.609074349,99965,198,99942,298,99966,198,99941,198,99986,198,99928,198,100012,198,99896,198,100025,100,99874,100,100027,100,99855,100,100036,100,99793,100,100052,100,99749,100,100053,100,99734,100,100067,200,99723,100
2019-06-28 09:41:00.000000000,99965,198,99942,298,99966,198,99941,198,99986,198,99928,198,100012,198,99896,198,100025,100,99874,100,100027,100,99855,100,100036,100,99793,100,100052,100,99749,100,100053,100,99734,100,100067,200,99723,100
2019-06-28 09:41:10.000000000,99965,178,99942,278,99966,178,99941,178,99986,178,99928,178,100012,178,99896,178,100025,178,99874,178,100027,100,99855,100,100036,100,99793,100,100052,100,99749,100,100053,100,99734,100,100067,200,99723,100
2019-06-28 09:41:20.000000000,99965,178,99942,278,99966,178,99941,178,99986,178,99928,178,100012,178,99896,178,100025,178,99874,178,100027,100,99855,100,100036,100,99793,100,100052,100,99749,100,100053,100,99734,100,100067,200,99723,100
2019-06-28 09:41:29.849990887,99965,178,99942,278,99966,178,99941,178,99986,178,99928,178,100012,178,99896,178,100025,178,99874,178,100027,100,99855,100,100036,100,99793,100,100052,100,99749,100,100053,100,99734,100,100067,200,99723,100
2019-06-28 09:41:30.000000000,99965,233,99942,333,99966,229,99941,229,99986,229,99928,229,100012,100,99896,100,100025,100,99874,100,100027,100,99855,100,100036,100,99793,100,100052,100,99749,100,100053,100,99734,100,100067,200,99723,100
2019-06-28 09:41:40.000000000,99965,178,99942,278,99966,178,99941,178,99986,178,99928,178,100012,178,99896,178,100025,178,99874,178,100027,100,99855,100,100036,100,99793,100,100052,100,99749,100,100053,100,99734,100,100067,200,99723,100
2019-06-28 09:41:45.724906228,99965,178,99942,178,99966,178,99941,178,99986,178,99928,178,100012,178,99896,178,100025,178,99874,178,100027,100,99855,100,100036,100,99793,100,100052,100,99749,100,100053,100,99734,100,100067,200,99723,100
2019-06-28 09:41:50.000000000,99965,198,99942,198,99966,198,99941,198,99986,198,99928,198,100012,198,99896,198,100025,100,99874,100,100027,100,99855,100,100036,100,99793,100,100052,100,99749,100,100053,100,99734,100,100067,200,99723,100
2019-06-28 09:42:00.000000000,99965,492,99942,492,99966,100,99941,100,99986,100,99928,100,100012,100,99896,100,100025,100,99874,100,100027,100,99855,100,100036,100,99793,100,100052,100,99749,100,100053,100,99734,100,100067,200,99723,100
2019-06-28 09:42:10.000000000,99965,233,99942,233,99966,229,99941,229,99986,229,99928,229,100012,100,99896,100,100025,100,99874,100,100027,100,99855,100,100036,100,99793,100,100052,100,99749,100,100053,100,99734,100,100067,200,99723,100
2019-06-28 09:42:20.000000000,99965,233,99942,233,99966,229,99941,229,99986,229,99928,229,100012,100,99896,100,100025,100,99874,100,100027,100,99855,100,100036,100,99793,100,100052,100,99749,100,100053,100,99734,100,100067,200,99723,100
2019-06-28 09:42:25.681136543,99965,233,99942,133,99966,229,99941,229,99986,229,99928,229,100012,100,99896,100,100025,100,99874,100,100027,100,99855,100,100036,100,99793,100,100052,100,99749,100,100053,100,99734,100,100067,200,99723,100
2019-06-28 09:42:25.958912002,99965,233,99942,33,99966,229,99941,229,99986,229,99928,229,100012,100,99896,100,100025,100,99874,100,100027,100,99855,100,100036,100,99793,100,100052,100,99749,100,100053,100,99734,100,100067,200,99723,100
2019-06-28 09:42:30.000000000,99965,233,99941,233,99966,229,99928,229,99986,229,99896,229,100012,100,99874,100,100025,100,99855,100,100027,100,99793,100,100036,100,99749,100,100052,100,99734,100,100053,100,99723,100,100067,200,99621,100
2019-06-28 09:42:40.000000000,99965,296,99941,296,99966,296,99928,296,99986,100,99896,100,100012,100,99874,100,100025,100,99855,100,100027,100,99793,100,100036,100,99749,100,100052,100,99734,100,100053,100,99723,100,100067,200,99621,100
2019-06-28 09:42:48.684440757,99942,100,99941,296,99965,296,99928,296,99966,296,99896,100,99986,100,99874,100,100025,100,99855,100,100027,100,99793,100,100036,100,99749,100,100052,100,99734,100,100053,100,99723,100,100067,200,99621,100
2019-06-28 09:42:50.000000000,99942,296,99941,296,99965,296,99928,296,99966,100,99896,100,99986,100,99874,100,100025,100,99855,100,100027,100,99793,100,100036,100,99749,100,100052,100,99734,100,100053,100,99723,100,100067,200,99621,100
2019-06-28 09:42:58.851664503,99942,296,99941,296,99965,296,99928,296,99966,100,99896,100,99986,100,99874,100,100025,100,99855,100,100027,100,99793,100,100036,100,99749,100,100052,100,99734,100,100053,100,99723,100,100067,200,99621,100
2019-06-28 09:43:00.000000000,99942,233,99941,233,99965,229,99928,229,99966,229,99896,229,99986,100,99874,100,100025,100,99855,100,100027,100,99793,100,100036,100,99749,100,100052,100,99734,100,100053,100,99723,100,100067,200,99621,100
2019-06-28 09:43:10.000000000,99942,233,99941,233,99965,229,99928,229,99966,229,99896,229,99986,100,99874,100,100025,100,99855,100,100027,100,99793,100,100036,100,99749,100,100052,100,99734,100,100053,100,99723,100,100067,200,99621,100
2019-06-28 09:43:16.785062020,99942,233,99941,233,99965,229,99928,229,99966,229,99896,129,99986,100,99874,100,100025,100,99855,100,100027,100,99793,100,100036,100,99749,100,100052,100,99734,100,100053,100,99723,100,100067,200,99621,100
2019-06-28 09:43:20.000000000,99942,492,99941,492,99965,100,99928,100,99966,100,99874,100,99986,100,99855,100,100025,100,99793,100,100027,100,99749,100,100036,100,99734,100,100052,100,99723,100,100053,100,99621,100,100067,200,99587,100
2019-06-28 09:43:28.173558386,99942,492,99941,392,99965,100,99928,100,99966,100,99874,100,99986,100,99855,100,100025,100,99793,100,100027,100,99749,100,100036,100,99734,100,100052,100,99723,100,100053,100,99621,100,100067,200,99587,100
2019-06-28 09:43:30.000000000,99942,296,99928,296,99965,296,99874,296,99966,100,99855,100,99986,100,99793,100,100025,100,99749,100,100027,100,99734,100,100036,100,99723,100,100052,100,99621,100,100053,100,99587,100,100067,200,99563,100
2019-06-28 09:43:39.505359937,99942,296,99928,296,99965,296,99874,296,99966,100,99855,100,99986,100,99793,100,100025,100,99749,100,100027,100,99734,100,100036,100,99723,100,100052,100,99621,100,100053,100,99587,100,100067,200,99563,100
2019-06-28 09:43:40.000000000,99942,198,99928,198,99965,198,99874,198,99966,198,99855,198,99986,198,99793,198,100025,100,99749,100,100027,100,99734,100,100036,100,99723,100,100052,100,99621,100,100053,100,99587,100,100067,200,99563,100
2019-06-28 09:43:50.000000000,99942,492,99928,492,99965,100,99874,100,99966,100,99855,100,99986,100,99793,100,100025,100,99749,100,100027,100,99734,100,100036,100,99723,100,100052,100,99621,100,100053,100,99587,100,100067,200,99563,100
2019-06-28 09:43:56.501384267,99942,492,99928,492,99965,100,99874,100,99966,100,99855,100,99986,100,99793,100,100025,100,99749,100,100027,100,99734,100,100036,100,99723,100,100052,100,99621,100,100053,100,99587,100,100067,200,99563,100
2019-06-28 09:44:00.000000000,99942,178,99928,178,99965,178,99874,178,99966,178,99855,178,99986,178,99793,178,100025,178,99749,178,100027,100,99734,100,100036,100,99723,100,100052,100,99621,100,100053,100,99587,100,100067,200,99563,100
2019-06-28 09:44:10.000000000,99942,492,99928,492,99965,100,99874,100,99966,100,99855,100,99986,100,99793,100,100025,100,99749,100,100027,100,99734,100,100036,100,99723,100,100052,100,99621,100,100053,100,99587,100,100067,200,99563,100
2019-06-28 09:44:20.000000000,99942,492,99928,492,99965,100,99874,100,99966,100,99855,100,99986,100,99793,100,100025,100,99749,100,100027,100,99734,100,100036,100,99723,100,100052,100,99621,100,100053,100,99587,100,100067,200,99563,100
2019-06-28 09:44:30.000000000,99942,296,99928,296,99965,296,99874,296,99966,100,99855,100,99986,100,99793,100,100025,100,99749,100,100027,100,99734,100,100036,100,99723,100,100052,100,99621,100,100053,100,99587,100,100067,200,99563,100
2019-06-28 09:44:40.000000000,99942,492,99928,492,99965,100,99874,100,99966,100,99855,100,99986,100,99793,100,100025,100,99749,100,100027,100,99734,100,100036,100,99723,100,100052,100,99621,100,100053,100,99587,100,100067,200,99563,100
2019-06-28 09:44:40.500741480,99942,492,99928,392,99965,100,99874,100,99966,100,99855,100,99986,100,99793,100,100025,100,99749,100,100027,100,99734,100,100036,100,99723,100,100052,100,99621,100,100053,100,99563,100,100067,200,99418,100
2019-06-28 09:44:40.645178410,99942,492,99928,292,99965,100,99874,100,99966,100,99855,100,99986,100,99793,100,100025,100,99749,100,100027,100,99734,100,100036,100,99723,100,100052,100,99621,100,100053,100,99563,100,100067,200,99418,100
2019-06-28 09:44:50.000000000,99942,492,99874,492,99965,100,99855,100,99966,100,99793,100,99986,100,99749,100,100025,100,99734,100,100027,100,99723,100,100036,100,99621,100,100052,100,99563,100,100053,100,99418,100,100067,200,99359,100
2019-06-28 09:44:50.803558776,99928,100,99874,492,99942,492,99855,100,99965,100,99793,100,99966,100,99749,100,99986,100,99734,100,100025,100,99723,100,100027,100,99621,100,100036,100,99563,100,100052,100,99418,100,100053,100,99359,100
2019-06-28 09:44:51.486549590,99928,100,99874,392,99942,492,99855,100,99965,100,99793,100,99966,100,99749,100,99986,100,99734,100,100025,100,99723,100,100027,100,99621,100,100036,100,99563,100,100052,100,99418,100,100067,200,99359,100
2019-06-28 09:44:57.059269886,99928,100,99874,292,99942,492,99855,100,99965,100,99793,100,99966,100,99749,100,99986,100,99734,100,100025,100,99723,100,100027,100,99621,100,100036,100,99563,100,100052,100,99418,100,100067,200,99359,100
2019-06-28 09:45:00.000000000,99928,198,99855,198,99942,198,99793,198,99965,198,99749,198,99966,198,99734,198,99986,100,99723,100,100025,100,99621,100,100027,100,99563,100,100036,100,99418,100,100052,100,99359,100,100067,200,99293,100
2019-06-28 09:45:10.000000000,99928,296,99855,296,99942,296,99793,296,99965,100,99749,100,99966,100,99734,100,99986,100,99723,100,100025,100,99621,100,100027,100,99563,100,100036,100,99418,100,100052,100,99359,100,100067,200,99293,100
2019-06-28 09:45:11.382070138,99928,296,99855,196,99942,296,99793,296,99965,100,99749,100,99966,100,99734,100,99986,100,99723,100,100025,100,99621,100,100027,100,99563,100,100036,100,99418,100,100052,100,99359,100,100067,200,99293,100
2019-06-28 09:45:19.378951804,99928,296,99855,196,99942,296,99793,296,99965,100,99749,100,99966,100,99734,100,99986,100,99723,100,100025,100,99621,100,100027,100,99563,100,100036,100,99418,100,100052,100,99359,100,100067,200,99293,100
2019-06-28 09:45:20.000000000,99928,296,99793,296,99942,296,99749,296,99965,100,99734,100,99966,100,99723,100,99986,100,99621,100,100025,100,99563,100,100027,100,99418,100,100036,100,99359,100,100052,100,99293,100,100067,200,99127,100
2019-06-28 09:45:30.000000000,99928,233,99793,233,99942,229,99749,229,99965,229,99734,229,99966,100,99723,100,99986,100,99621,100,100025,100,99563,100,100027,100,99418,100,100036,100,99359,100,100052,100,99293,100,100067,200,99127,100
2019-06-28 09:45:34.632057997,99928,233,99793,133,99942,229,99749,229,99965,229,99734,229,99966,100,99621,100,99986,100,99563,100,100025,100,99418,100,100027,100,99359,100,100036,100,99293,100,100052,100,99127,100,100067,200,99078,100
2019-06-28 09:45:40.000000000,99928,296,99749,296,99942,296,99734,296,99965,100,99621,100,99966,100,99563,100,99986,100,99418,100,100025,100,99359,100,100027,100,99293,100,100036,100,99127,100,100052,100,99078,100,100067,200,,
2019-06-28 09:45:50.000000000,99928,198,99749,198,99942,198,99734,198,99965,198,99621,198,99966,198,99563,198,99986,100,99418,100,100025,100,99359,100,100027,100,99293,100,100036,100,99127,100,100052,100,99078,100,100067,200,,
2019-06-28 09:45:52.419869978,99807,100,99749,198,99928,198,99734,198,99942,198,99621,198,99965,198,99563,198,99966,198,99359,100,99986,100,99293,100,100025,100,99127,100,100027,100,99078,100,100036,100,,,100052,100,,
2019-06-28 09:46:00.000000000,99807,296,99749,296,99928,296,99734,296,99942,100,99621,100,99965,100,99563,100,99966,100,99359,100,99986,100,99293,100,100025,100,99127,100,100027,100,99078,100,100036,100,,,100052,100,,
2019-06-28 09:46:08.306437506,99807,296,99794,100,99928,296,99749,296,99942,100,99734,296,99965,100,99621,100,99966,100,99563,100,99986,100,99359,100,100025,100,99293,100,100027,100,99127,100,100036,100,99078,100,100052,100,,
2019-06-28 09:46:10.000000000,99807,296,99794,296,99928,296,99749,296,99942,100,99734,100,99965,100,99621,100,99966,100,99563,100,99986,100,99359,100,100025,100,99293,100,100027,100,99127,100,100036,100,99078,100,100052,100,,
2019-06-28 09:46:20.000000000,99807,198,99794,198,99928,198,99749,198,99942,198,99734,198,99965,198,99621,198,99966,100,99563,100,99986,100,99359,100,100025,100,99293,100,100027,100,99127,100,100036,100,99078,100,100052,100,,
2019-06-28 09:46:21.143365314,99807,198,99794,198,99928,198,99749,198,99942,198,99734,198,99965,198,99730,100,99966,100,99621,198,99986,100,99563,100,100025,100,99359,100,100027,100,99293,100,100036,100,99127,100,100052,100,99078,100
2019-06-28 09:46:25.853027202,99807,198,99794,198,99928,98,99749,198,99942,198,99734,198,99965,198,99730,100,99966,100,99621,198,99986,100,99563,100,100025,100,99359,100,100027,100,99293,100,100036,100,99127,100,100052,100,99078,100
2019-06-28 09:46:30.000000000,99807,198,99794,198,99942,198,99749,198,99965,198,99734,198,99966,198,99730,198,99986,100,99621,100,100025,100,99563,100,100027,100,99359,100,100036,100,99293,100,100052,100,99127,100,100067,200,99078,100
2019-06-28 09:46:40.000000000,99807,296,99794,296,99942,296,99749,296,99965,100,99734,100,99966,100,99730,100,99986,100,99621,100,100025,100,99563,100,100027,100,99359,100,100036,100,99293,100,100052,100,99127,100,100067,200,99078,100
2019-06-28 09:46:41.124016426,99807,296,99794,296,99942,296,99749,296,99965,100,99734,100,99966,100,99730,100,99986,100,99621,100,100025,100,99563,100,100027,100,99359,100,100036,100,99307,100,100052,100,99293,100,100067,200,99127,100
2019-06-28 09:46:50.000000000,99807,198,99794,198,99942,198,99749,198,99965,198,99734,198,99966,198,99730,198,99986,100,99621,100,100025,100,99563,100,100027,100,99359,100,100036,100,99307,100,100052,100,99293,100,100067,200,99127,100
2019-06-28 09:46:57.564540924,99807,198,99794,198,99855,100,99749,198,99942,198,99734,198,99965,198,99730,198,99966,198,99621,100,99986,100,99563,100,100025,100,99359,100,100027,100,99307,100,100036,100,99293,100,100052,100,99127,100
2019-06-28 09:46:58.084783776,99807,198,99794,198,99855,100,99749,198,99942,198,99734,198,99965,198,99730,98,99966,198,99621,100,99986,100,99563,100,100025,100,99360,100,100027,100,99359,100,100036,100,99307,100,100052,100,99293,100
2019-06-28 09:47:00.000000000,99807,178,99794,178,99855,178,99749,178,99942,178,99734,178,99965,178,99621,178,99966,178,99563,178,99986,100,99360,100,100025,100,99359,100,100027,100,99307,100,100036,100,99293,100,100052,100,99127,100
2019-06-28 09:47:01.439950542,99807,178,99794,78,99855,178,99749,178,99942,178,99734,178,99965,178,99621,178,99966,178,99563,178,99986,100,99360,100,100025,100,99307,100,100027,100,99293,100,100036,100,99127,100,100052,100,99078,100
2019-06-28 09:47:10.000000000,99807,296,99749,296,99855,296,99734,296,99942,100,99621,100,99965,100,99563,100,99966,100,99360,100,99986,100,99307,100,100025,100,99293,100,100027,100,99127,100,100036,100,99078,100,100052,100,,
2019-06-28 09:47:17.935013036,99807,296,99749,296,99855,296,99734,296,99942,100,99621,100,99965,100,99563,100,99966,100,99360,100,99986,100,99307,100,100025,100,99293,100,100027,100,99127,100,100036,100,99078,100,100052,100,98457,100
2019-06-28 09:47:20.000000000,99807,492,99749,492,99855,100,99734,100,99942,100,99621,100,99965,100,99563,100,99966,100,99360,100,99986,100,99307,100,100025,100,99293,100,100027,100,99127,100,100036,100,99078,100,100052,100,98457,100
2019-06-28 09:47:29.913892498,99807,492,99749,392,99855,100,99734,100,99942,100,99621,100,99965,100,99563,100,99966,100,99360,100,99986,100,99307,100,100025,100,99293,100,100027,100,99127,100,100036,100,99078,100,100052,100,98457,100
2019-06-28 09:47:30.000000000,99807,296,99734,296,99855,296,99621,296,99942,100,99563,100,99965,100,99360,100,99966,100,99307,100,99986,100,99293,100,100025,100,99127,100,100027,100,99078,100,100036,100,98457,100,100052,100,,
2019-06-28 09:47:32.219981876,99807,296,99734,296,99855,296,99621,296,99942,100,99563,100,99965,100,99360,100,99966,100,99307,100,99986,100,99127,100,100025,100,99078,100,100027,100,98645,100,100036,100,98457,100,100052,100,,
2019-06-28 09:47:40.000000000,99807,233,99734,233,99855,229,99621,229,99942,229,99563,229,99965,100,99360,100,99966,100,99307,100,99986,100,99127,100,100025,100,99078,100,100027,100,98645,100,100036,100,98457,100,100052,100,,
2019-06-28 09:47:50.000000000,99807,178,99734,178,99855,178,99621,178,99942,178,99563,178,99965,178,99360,178,99966,178,99307,178,99986,100,99127,100,100025,100,99078,100,100027,100,98645,100,100036,100,98457,100,100052,100,,
2019-06-28 09:47:50.417682838,99807,178,99734,78,99855,178,99621,178,99942,178,99563,178,99965,178,99360,178,99966,178,99307,178,99986,100,99127,100,100025,100,99078,100,100027,100,98645,100,100036,100,98457,100,100052,100,,
2019-06-28 09:47:52.316986732,99749,100,99734,78,99807,178,99621,178,99855,178,99563,178,99942,178,99360,178,99965,178,99307,178,99966,178,99127,100,99986,100,99078,100,100025,100,98645,100,100027,100,98457,100,100036,100,,
2019-06-28 09:48:00.000000000,99749,296,99621,296,99807,296,99563,296,99855,100,99360,100,99942,100,99307,100,99965,100,99127,100,99966,100,99078,100,99986,100,98645,100,100025,100,98457,100,100027,100,,,100036,100,,
2019-06-28 09:48:10.000000000,99749,178,99621,178,99807,178,99563,178,99855,178,99360,178,99942,178,99307,178,99965,178,99127,178,99966,100,99078,100,99986,100,98645,100,100025,100,98457,100,100027,100,,,100036,100,,
2019-06-28 09:48:20.000000000,99749,296,99621,296,99807,296,99563,296,99855,100,99360,100,99942,100,99307,100,99965,100,99127,100,99966,100,99078,100,99986,100,98645,100,100025,100,98457,100,100027,100,,,100036,100,,
2019-06-28 09:48:26.256314875,99749,296,99621,196,99807,296,99563,296,99855,100,99360,100,99942,100,99307,100,99965,100,99127,100,99966,100,99078,100,99986,100,98645,100,100025,100,98457,100,100027,100,,,100036,100,,
2019-06-28 09:48:27.067385304,99749,296,99621,196,99807,296,99563,296,99855,100,99423,100,99942,100,99360,100,99965,100,99307,100,99966,100,99127,100,99986,100,99078,100,100025,100,98645,100,100027,100,98457,100,100036,100,,
2019-06-28 09:48:30.000000000,99749,178,99563,178,99807,178,99423,178,99855,178,99360,178,99942,178,99307,178,99965,178,99127,178,99966,100,99078,100,99986,100,98645,100,100025,100,98457,100,100027,100,,,100036,100,,
2019-06-28 09:48:37.830924655,99563,22,99423,178,99749,178,99360,178,99807,178,99307,178,99855,178,99127,178,99942,178,99078,100,99965,178,98645,100,99966,100,98457,100,99986,100,,,100025,100,,,100027,100,,
2019-06-28 09:48:40.000000000,99563,414,99423,492,99749,100,99360,100,99807,100,99307,100,99855,100,99127,100,99942,100,99078,100,99965,100,98645,100,99966,100,98457,100,99986,100,,,100025,100,,,100027,100,,
2019-06-28 09:48:50.000000000,99563,120,99423,198,99749,198,99360,198,99807,198,99307,198,99855,198,99127,198,99942,100,99078,100,99965,100,98645,100,99966,100,98457,100,99986,100,,,100025,100,,,100027,100,,
2019-06-28 09:48:54.537717785,99563,120,99423,198,99749,198,99360,198,99807,198,99307,198,99855,198,99163,100,99942,100,99127,198,99965,100,99078,100,99966,100,98645,100,99986,100,98457,100,100025,100,,,100027,100,,
2019-06-28 09:49:00.000000000,99563,100,99423,178,99749,178,99360,178,99807,178,99307,178,99855,178,99163,178,99942,178,99127,178,99965,100,99078,100,99966,100,98645,100,99986,100,98457,100,100025,100,,,100027,100,,
2019-06-28 09:49:10.000000000,99563,155,99423,233,99749,229,99360,229,99807,229,99307,229,99855,100,99163,100,99942,100,99127,100,99965,100,99078,100,99966,100,98645,100,99986,100,98457,100,100025,100,,,100027,100,,
2019-06-28 09:49:12.490270624,99563,155,99423,233,99621,100,99360,229,99749,229,99307,229,99807,229,99163,100,99855,100,99127,100,99942,100,99078,100,99965,100,98645,100,99966,100,98457,100,99986,100,,,100025,100,,
2019-06-28 09:49:20.000000000,99563,414,99423,492,99621,100,99360,100,99749,100,99307,100,99807,100,99163,100,99855,100,99127,100,99942,100,99078,100,99965,100,98645,100,99966,100,98457,100,99986,100,,,100025,100,,
2019-06-28 09:49:21.395004409,99563,392,99423,392,99621,100,99360,100,99749,100,99307,100,99807,100,99163,100,99855,100,99127,100,99942,100,99078,100,99965,100,98645,100,99966,100,98457,100,99986,100,,,100025,100,,
2019-06-28 09:49:24.158355600,99562,100,99423,392,99563,392,99360,100,99621,100,99307,100,99749,100,99163,100,99807,100,99127,100,99855,100,99078,100,99942,100,98645,100,99965,100,98457,100,99966,100,,,99986,100,,
2019-06-28 09:49:26.773254624,99562,100,99423,292,99563,392,99360,100,99621,100,99307,100,99749,100,99163,100,99807,100,99127,100,99855,100,99078,100,99942,100,98645,100,99965,100,98457,100,99966,100,,,99986,100,,
2019-06-28 09:49:30.000000000,99562,296,99360,296,99621,296,99307,296,99749,100,99163,100,99807,100,99127,100,99855,100,99078,100,99942,100,98645,100,99965,100,98457,100,99966,100,,,99986,100,,,100025,100,,
2019-06-28 09:49:40.000000000,99562,492,99360,492,99621,100,99307,100,99749,100,99163,100,99807,100,99127,100,99855,100,99078,100,99942,100,98645,100,99965,100,98457,100,99966,100,,,99986,100,,,100025,100,,
2019-06-28 09:49:50.000000000,99562,296,99360,296,99621,296,99307,296,99749,100,99163,100,99807,100,99127,100,99855,100,99078,100,99942,100,98645,100,99965,100,98457,100,99966,100,,,99986,100,,,100025,100,,
2019-06-28 09:49:55.856121907,99562,296,99360,296,99621,296,99307,296,99749,100,99163,100,99807,100,99127,100,99855,100,99091,100,99942,100,99078,100,99965,100,98645,100,99966,100,98457,100,99986,100,,,100025,100,,
2019-06-28 09:50:00.000000000,99562,198,99360,198,99621,198,99307,198,99749,198,99163,198,99807,198,99127,198,99855,100,99091,100,99942,100,99078,100,99965,100,98645,100,99966,100,98457,100,99986,100,,,100025,100,,
2019-06-28 09:50:10.000000000,99562,296,99360,296,99621,296,99307,296,99749,100,99163,100,99807,100,99127,100,99855,100,99091,100,99942,100,99078,100,99965,100,98645,100,99966,100,98457,100,99986,100,,,100025,100,,
2019-06-28 09:50:20.000000000,99562,296,99360,296,99621,296,99307,296,99749,100,99163,100,99807,100,99127,100,99855,100,99091,100,99942,100,99078,100,99965,100,98645,100,99966,100,98457,100,99986,100,,,100025,100,,
2019-06-28 09:50:24.193344479,99562,296,99360,296,99621,296,99307,296,99749,100,99190,100,99807,100,99163,100,99855,100,99127,100,99942,100,99091,100,99965,100,99078,100,99966,100,98645,100,99986,100,98457,100,100025,100,,
2019-06-28 09:50:27.895012503,99562,196,99360,296,99621,296,99307,296,99749,100,99190,100,99807,100,99163,100,99855,100,99127,100,99942,100,99091,100,99965,100,99078,100,99966,100,98645,100,99986,100,98457,100,100025,100,,
2019-06-28 09:50:30.000000000,99621,198,99360,198,99749,198,99307,198,99807,198,99190,198,99855,198,99163,198,99942,100,99127,100,99965,100,99091,100,99966,100,99078,100,99986,100,98645,100,100025,100,98457,100,100027,100,,
2019-06-28 09:50:40.000000000,99621,198,99360,198,99749,198,99307,198,99807,198,99190,198,99855,198,99163,198,99942,100,99127,100,99965,100,99091,100,99966,100,99078,100,99986,100,98645,100,100025,100,98457,100,100027,100,,
2019-06-28 09:50:50.000000000,99621,178,99360,178,99749,178,99307,178,99807,178,99190,178,99855,178,99163,178,99942,178,99127,178,99965,100,99091,100,99966,100,99078,100,99986,100,98645,100,100025,100,98457,100,100027,100,,
2019-06-28 09:50:58.924134854,99621,178,99360,178,99662,100,99307,178,99749,178,99190,178,99807,178,99163,178,99855,178,99127,178,99942,178,99091,100,99965,100,99078,100,99966,100,98645,100,99986,100,98457,100,100025,100,,
2019-06-28 09:51:00.000000000,99621,296,99360,296,99662,296,99307,296,99749,100,99190,100,99807,100,99163,100,99855,100,99127,100,99942,100,99091,100,99965,100,99078,100,99966,100,98645,100,99986,100,98457,100,100025,100,,
2019-06-28 09:51:06.632482783,99621,296,99392,100,99662,296,99360,296,99749,100,99307,296,99807,100,99190,100,99855,100,99163,100,99942,100,99127,100,99965,100,99091,100,99966,100,99078,100,99986,100,98645,100,100025,100,98457,100
2019-06-28 09:51:10.000000000,99621,233,99392,233,99662,229,99360,229,99749,229,99307,229,99807,100,99190,100,99855,100,99163,100,99942,100,99127,100,99965,100,99091,100,99966,100,99078,100,99986,100,98645,100,100025,100,98457,100
2019-06-28 09:51:20.000000000,99621,492,99392,492,99662,100,99360,100,99749,100,99307,100,99807,100,99190,100,99855,100,99163,100,99942,100,99127,100,99965,100,99091,100,99966,100,99078,100,99986,100,98645,100,100025,100,98457,100
2019-06-28 09:51:30.000000000,99621,178,99392,178,99662,178,99360,178,99749,178,99307,178,99807,178,99190,178,99855,178,99163,178,99942,100,99127,100,99965,100,99091,100,99966,100,99078,100,99986,100,98645,100,100025,100,98457,100
2019-06-28 09:51:40.000000000,99621,233,99392,233,99662,229,99360,229,99749,229,99307,229,99807,100,99190,100,99855,100,99163,100,99942,100,99127,100,99965,100,99091,100,99966,100,99078,100,99986,100,98645,100,100025,100,98457,100
2019-06-28 09:51:43.998140886,99621,233,99595,100,99662,229,99392,233,99749,229,99360,229,99807,100,99307,229,99855,100,99190,100,99942,100,99127,100,99965,100,99091,100,99966,100,99078,100,99986,100,98645,100,100025,100,98457,100
2019-06-28 09:51:45.788588947,99621,233,99595,100,99662,229,99392,233,99749,229,99360,129,99757,100,99307,229,99807,100,99190,100,99855,100,99127,100,99942,100,99091,100,99965,100,99078,100,99966,100,98645,100,99986,100,98457,100
2019-06-28 09:51:50.000000000,99621,233,99595,233,99662,229,99392,229,99749,229,99307,229,99757,100,99190,100,99807,100,99127,100,99855,100,99091,100,99942,100,99078,100,99965,100,98645,100,99966,100,98457,100,99986,100,,
2019-06-28 09:51:52.420196877,99621,133,99595,233,99662,229,99392,229,99749,229,99307,229,99757,100,99190,100,99807,100,99127,100,99855,100,99091,100,99942,100,99078,100,99965,100,98645,100,99966,100,98457,100,99986,100,,
2019-06-28 09:52:00.000000000,99662,178,99595,178,99749,178,99392,178,99757,178,99307,178,99807,178,99190,178,99855,178,99127,178,99942,100,99091,100,99965,100,99078,100,99966,100,98645,100,99986,100,98457,100,100025,100,,
2019-06-28 09:52:10.000000000,99662,492,99595,492,99749,100,99392,100,99757,100,99307,100,99807,100,99190,100,99855,100,99127,100,99942,100,99091,100,99965,100,99078,100,99966,100,98645,100,99986,100,98457,100,100025,100,,
2019-06-28 09:52:10.374249257,99662,492,99595,492,99749,100,99573,100,99757,100,99307,100,99807,100,99190,100,99855,100,99127,100,99942,100,99091,100,99965,100,99078,100,99966,100,98645,100,99986,100,98457,100,100025,100,,
2019-06-28 09:52:20.000000000,99662,178,99595,178,99749,178,99573,178,99757,178,99307,178,99807,178,99190,178,99855,178,99127,178,99942,100,99091,100,99965,100,99078,100,99966,100,98645,100,99986,100,98457,100,100025,100,,
2019-06-28 09:52:21.344282931,99662,78,99595,178,99749,178,99573,178,99757,178,99307,178,99807,178,99190,178,99855,178,99127,178,99942,100,99091,100,99965,100,99078,100,99966,100,98645,100,99986,100,98457,100,100025,100,,
2019-06-28 09:52:30.000000000,99749,233,99595,233,99757,229,99573,229,99807,229,99307,229,99855,100,99190,100,99942,100,99127,100,99965,100,99091,100,99966,100,99078,100,99986,100,98645,100,100025,100,98457,100,100027,100,,
2019-06-28 09:52:40.000000000,99749,178,99595,178,99757,178,99573,178,99807,178,99307,178,99855,178,99190,178,99942,178,99127,178,99965,100,99091,100,99966,100,99078,100,99986,100,98645,100,100025,100,98457,100,100027,100,,
2019-06-28 09:52:50.000000000,99749,178,99595,178,99757,178,99573,178,99807,178,99307,178,99855,178,99190,178,99942,178,99127,178,99965,100,99091,100,99966,100,99078,100,99986,100,98645,100,100025,100,98457,100,100027,100,,
2019-06-28 09:53:00.000000000,99749,296,99595,296,99757,296,99573,296,99807,100,99307,100,99855,100,99190,100,99942,100,99127,100,99965,100,99091,100,99966,100,99078,100,99986,100,98645,100,100025,100,98457,100,100027,100,,
2019-06-28 09:53:10.000000000,99749,492,99595,492,99757,100,99573,100,99807,100,99307,100,99855,100,99190,100,99942,100,99127,100,99965,100,99091,100,99966,100,99078,100,99986,100,98645,100,100025,100,98457,100,100027,100,,
2019-06-28 09:53:20.000000000,99749,198,99595,198,99757,198,99573,198,99807,198,99307,198,99855,198,99190,198,99942,100,99127,100,99965,100,99091,100,99966,100,99078,100,99986,100,98645,100,100025,100,98457,100,100027,100,,
2019-06-28 09:53:30.000000000,99749,492,99595,492,99757,100,99573,100,99807,100,99307,100,99855,100,99190,100,99942,100,99127,100,99965,100,99091,100,99966,100,99078,100,99986,100,98645,100,100025,100,98457,100,100027,100,,
2019-06-28 09:53:40.000000000,99749,178,99595,178,99757,178,99573,178,99807,178,99307,178,99855,178,99190,178,99942,178,99127,178,99965,100,99091,100,99966,100,99078,100,99986,100,98645,100,100025,100,98457,100,100027,100,,
2019-06-28 09:53:44.773414315,99749,178,99595,178,99757,178,99573,178,99807,178,99307,178,99855,78,99190,178,99942,178,99127,178,99965,100,99091,100,99966,100,99078,100,99986,100,98645,100,100025,100,98457,100,100027,100,,
2019-06-28 09:53:50.000000000,99749,296,99595,296,99757,296,99573,296,99807,100,99307,100,99942,100,99190,100,99965,100,99127,100,99966,100,99091,100,99986,100,99078,100,100025,100,98645,100,100027,100,98457,100,100036,100,,
2019-06-28 09:54:00.000000000,99749,233,99595,233,99757,229,99573,229,99807,229,99307,229,99942,100,99190,100,99965,100,99127,100,99966,100,99091,100,99986,100,99078,100,100025,100,98645,100,100027,100,98457,100,100036,100,,
2019-06-28 09:54:00.998727563,99749,233,99595,233,99757,229,99573,229,99807,229,99307,229,99965,100,99190,100,99966,100,99127,100,99986,100,99091,100,100025,100,99078,100,100027,100,98645,100,100036,100,98457,100,100052,100,,
2019-06-28 09:54:10.000000000,99749,178,99595,178,99757,178,99573,178,99807,178,99307,178,99965,178,99190,178,99966,178,99127,178,99986,100,99091,100,100025,100,99078,100,100027,100,98645,100,100036,100,98457,100,100052,100,,
2019-06-28 09:54:17.175978495,99749,78,99595,178,99757,178,99573,178,99807,178,99307,178,99965,178,99190,178,99966,178,99127,178,99986,100,99091,100,100025,100,99078,100,100027,100,98645,100,100036,100,98457,100,100052,100,,
2019-06-28 09:54:19.632111742,99749,78,99662,100,99757,178,99595,178,99807,178,99573,178,99965,178,99307,178,99966,178,99190,178,99986,100,99127,178,100025,100,99091,100,100027,100,99078,100,100036,100,98645,100,100052,100,98457,100
2019-06-28 09:54:20.000000000,99757,233,99662,233,99807,229,99595,229,99965,229,99573,229,99966,100,99307,100,99986,100,99190,100,100025,100,99127,100,100027,100,99091,100,100036,100,99078,100,100052,100,98645,100,100067,100,98457,100
2019-06-28 09:54:30.000000000,99757,492,99662,492,99807,100,99595,100,99965,100,99573,100,99966,100,99307,100,99986,100,99190,100,100025,100,99127,100,100027,100,99091,100,100036,100,99078,100,100052,100,98645,100,100067,100,98457,100
2019-06-28 09:54:40.000000000,99757,178,99662,178,99807,178,99595,178,99965,178,99573,178,99966,178,99307,178,99986,178,99190,178,100025,100,99127,100,100027,100,99091,100,100036,100,99078,100,100052,100,98645,100,100067,100,98457,100
2019-06-28 09:54:50.000000000,99757,492,99662,492,99807,100,99595,100,99965,100,99573,100,99966,100,99307,100,99986,100,99190,100,100025,100,99127,100,100027,100,99091,100,100036,100,99078,100,100052,100,98645,100,100067,100,98457,100
2019-06-28 09:55:00.000000000,99757,492,99662,492,99807,100,99595,100,99965,100,99573,100,99966,100,99307,100,99986,100,99190,100,100025,100,99127,100,100027,100,99091,100,100036,100,99078,100,100052,100,98645,100,100067,100,98457,100
2019-06-28 09:55:10.000000000,99757,492,99662,492,99807,100,99595,100,99965,100,99573,100,99966,100,99307,100,99986,100,99190,100,100025,100,99127,100,100027,100,99091,100,100036,100,99078,100,100052,100,98645,100,100067,100,98457,100
2019-06-28 09:55:15.674714830,99757,492,99662,492,99807,100,99595,100,99965,100,99573,100,99966,100,99307,100,99986,100,99190,100,100025,100,99127,100,100027,100,99091,100,100036,100,99078,100,100052,100,98645,100,100067,100,98457,100
2019-06-28 09:55:20.000000000,99757,198,99662,198,99807,198,99595,198,99965,198,99573,198,99966,198,99307,198,99986,100,99190,100,100025,100,99127,100,100027,100,99091,100,100036,100,99078,100,100052,100,98645,100,100067,100,98457,100
2019-06-28 09:55:30.000000000,99757,178,99662,178,99807,178,99595,178,99965,178,99573,178,99966,178,99307,178,99986,178,99190,178,100025,100,99127,100,100027,100,99091,100,100036,100,99078,100,100052,100,98645,100,100067,100,98457,100
2019-06-28 09:55:35.221866447,99757,178,99662,178,99807,178,99595,178,99965,178,99573,178,99966,178,99307,178,99986,178,99190,178,100025,100,99127,100,100027,100,99091,100,100036,100,99078,100,100052,100,98645,100,100067,100,98457,100
2019-06-28 09:55:40.000000000,99757,178,99662,178,99807,178,99595,178,99965,178,99573,178,99966,178,99307,178,99986,178,99190,178,100025,100,99127,100,100027,100,99091,100,100036,100,99078,100,100052,100,98645,100,100067,100,98457,100
2019-06-28 09:55:50.000000000,99757,198,99662,198,99807,198,99595,198,99965,198,99573,198,99966,198,99307,198,99986,100,99190,100,100025,100,99127,100,100027,100,99091,100,100036,100,99078,100,100052,100,98645,100,100067,100,98457,100
2019-06-28 09:56:00.000000000,99757,233,99662,233,99807,229,99595,229,99965,229,99573,229,99966,100,99307,100,99986,100,99190,100,100025,100,99127,100,100027,100,99091,100,100036,100,99078,100,100052,100,98645,100,100067,100,98457,100
2019-06-28 09:56:04.244423932,99757,233,99662,233,99807,229,99595,229,99965,229,99573,229,99966,100,99307,100,99986,100,99190,100,100025,100,99127,100,100027,100,99091,100,100036,100,99078,100,100052,100,98645,100,100067,100,98457,100
2019-06-28 09:56:10.000000000,99757,296,99662,296,99807,296,99595,296,99965,100,99573,100,99966,100,99307,100,99986,100,99190,100,100025,100,99127,100,100027,100,99091,100,100036,100,99078,100,100052,100,98645,100,100067,100,98457,100
2019-06-28 09:56:16.460931715,99757,296,99662,296,99807,296,99595,296,99965,100,99573,100,99966,100,99307,100,99986,100,99190,100,100025,100,99127,100,100027,100,99091,100,100036,100,99078,100,100052,100,98645,100,100067,100,,
2019-06-28 09:56:20.000000000,99757,492,99662,492,99807,100,99595,100,99965,100,99573,100,99966,100,99307,100,99986,100,99190,100,100025,100,99127,100,100027,100,99091,100,100036,100,99078,100,100052,100,98645,100,100067,100,,
2019-06-28 09:56:30.000000000,99757,296,99662,296,99807,296,99595,296,99965,100,99573,100,99966,100,99307,100,99986,100,99190,100,100025,100,99127,100,100027,100,99091,100,100036,100,99078,100,100052,100,98645,100,100067,100,,
2019-06-28 09:56:40.000000000,99757,198,99662,198,99807,198,99595,198,99965,198,99573,198,99966,198,99307,198,99986,100,99190,100,100025,100,99127,100,100027,100,99091,100,100036,100,99078,100,100052,100,98645,100,100067,100,,
2019-06-28 09:56:50.000000000,99757,178,99662,178,99807,178,99595,178,99965,178,99573,178,99966,178,99307,178,99986,178,99190,178,100025,100,99127,100,100027,100,99091,100,100036,100,99078,100,100052,100,98645,100,100067,100,,
2019-06-28 09:57:00.000000000,99757,296,99662,296,99807,296,99595,296,99965,100,99573,100,99966,100,99307,100,99986,100,99190,100,100025,100,99127,100,100027,100,99091,100,100036,100,99078,100,100052,100,98645,100,100067,100,,
2019-06-28 09:57:10.000000000,99757,178,99662,178,99807,178,99595,178,99965,178,99573,178,99966,178,99307,178,99986,178,99190,178,100025,100,99127,100,100027,100,99091,100,100036,100,99078,100,100052,100,98645,100,100067,100,,
2019-06-28 09:57:17.332000183,99757,178,99662,278,99807,178,99595,178,99965,178,99573,178,99966,178,99307,178,99986,178,99190,178,100025,100,99127,100,100027,100,99091,100,100036,100,99078,100,100052,100,98645,100,100067,100,,
2019-06-28 09:57:18.595599805,99757,178,99662,378,99807,178,99595,178,99965,178,99573,178,99966,178,99307,178,99986,178,99190,178,100025,100,99127,100,100027,100,99091,100,100036,100,99078,100,100052,100,98645,100,100067,100,,
2019-06-28 09:57:20.000000000,99757,178,99662,378,99807,178,99595,178,99965,178,99573,178,99966,178,99307,178,99986,178,99190,178,100025,100,99127,100,100027,100,99091,100,100036,100,99078,100,100052,100,98645,100,100067,100,,
2019-06-28 09:57:24.848834977,99757,178,99662,378,99807,178,99595,178,99965,178,99573,178,99966,178,99307,178,99986,178,99190,178,100025,100,99127,100,100027,100,99091,100,100036,100,99078,100,100052,100,98645,100,100067,100,,
2019-06-28 09:57:30.000000000,99757,233,99662,433,99807,229,99595,229,99965,229,99573,229,99966,100,99307,100,99986,100,99190,100,100025,100,99127,100,100027,100,99091,100,100036,100,99078,100,100052,100,98645,100,100067,100,,
2019-06-28 09:57:33.361017318,99757,233,99662,533,99807,229,99595,229,99965,229,99573,229,99966,100,99307,100,99986,100,99190,100,100025,100,99127,100,100027,100,99091,100,100036,100,99078,100,100052,100,98645,100,100067,100,,
2019-06-28 09:57:40.000000000,99757,492,99662,792,99807,100,99595,100,99965,100,99573,100,99966,100,99307,100,99986,100,99190,100,100025,100,99127,100,100027,100,99091,100,100036,100,99078,100,100052,100,98645,100,100067,100,,
2019-06-28 09:57:50.000000000,99757,492,99662,792,99807,100,99595,100,99965,100,99573,100,99966,100,99307,100,99986,100,99190,100,100025,100,99127,100,100027,100,99091,100,100036,100,99078,100,100052,100,98645,100,100067,100,,
2019-06-28 09:57:53.094574707,99757,492,99662,892,99807,100,99595,100,99965,100,99573,100,99966,100,99307,100,99986,100,99190,100,100025,100,99127,100,100027,100,99091,100,100036,100,99078,100,100052,100,98645,100,100067,100,,
2019-06-28 09:57:53.988787384,99757,392,99662,892,99807,100,99595,100,99965,100,99573,100,99966,100,99307,100,99986,100,99190,100,100027,100,99127,100,100036,100,99091,100,100052,100,99078,100,100067,100,98645,100,100075,100,,
2019-06-28 09:58:00.000000000,99807,178,99662,578,99965,178,99595,178,99966,178,99573,178,99986,178,99307,178,100027,178,99190,178,100036,100,99127,100,100052,100,99091,100,100067,100,99078,100,100075,100,98645,100,100108,100,,
2019-06-28 09:58:04.805919737,99807,78,99662,578,99965,178,99595,178,99966,178,99573,178,99986,178,99307,178,100027,178,99190,178,100036,100,99127,100,100052,100,99091,100,100067,100,99078,100,100075,100,98645,100,100108,100,,
2019-06-28 09:58:05.605140947,99807,78,99757,100,99965,178,99662,578,99966,178,99595,178,99986,178,99573,178,100027,178,99307,178,100036,100,99190,178,100052,100,99127,100,100067,100,99091,100,100075,100,99078,100,100108,100,98645,100
2019-06-28 09:58:06.185989803,99965,178,99807,22,99966,178,99757,100,99986,178,99662,578,100027,178,99595,178,100036,100,99573,178,100052,100,99307,178,100067,100,99190,178,100075,100,99127,100,100108,100,99091,100,100136,100,99078,100
2019-06-28 09:58:10.000000000,99965,492,99807,414,99966,100,99757,100,99986,100,99662,500,100027,100,99595,100,100036,100,99573,100,100052,100,99307,100,100067,100,99190,100,100075,100,99127,100,100108,100,99091,100,100136,100,99078,100
2019-06-28 09:58:15.353470482,99965,492,99807,514,99966,100,99757,100,99986,100,99662,500,100027,100,99595,100,100036,100,99573,100,100052,100,99307,100,100067,100,99190,100,100075,100,99127,100,100108,100,99091,100,100136,100,99078,100
2019-06-28 09:58:20.000000000,99965,492,99807,514,99966,100,99757,100,99986,100,99662,500,100027,100,99595,100,100036,100,99573,100,100052,100,99307,100,100067,100,99190,100,100075,100,99127,100,100108,100,99091,100,100136,100,99078,100
2019-06-28 09:58:30.000000000,99965,492,99807,514,99966,100,99757,100,99986,100,99662,500,100027,100,99595,100,100036,100,99573,100,100052,100,99307,100,100067,100,99190,100,100075,100,99127,100,100108,100,99091,100,100136,100,99078,100
2019-06-28 09:58:40.000000000,99965,198,99807,220,99966,198,99757,198,99986,198,99662,598,100027,198,99595,198,100036,100,99573,100,100052,100,99307,100,100067,100,99190,100,100075,100,99127,100,100108,100,99091,100,100136,100,99078,100
2019-06-28 09:58:50.000000000,99965,492,99807,514,99966,100,99757,100,99986,100,99662,500,100027,100,99595,100,100036,100,99573,100,100052,100,99307,100,100067,100,99190,100,100075,100,99127,100,100108,100,99091,100,100136,100,99078,100
2019-06-28 09:58:51.925507938,99965,492,99807,514,99966,100,99799,100,99986,100,99757,100,100027,100,99662,500,100036,100,99595,100,100052,100,99573,100,100067,100,99307,100,100075,100,99190,100,100108,100,99127,100,100136,100,99091,100
2019-06-28 09:58:57.359011777,99965,492,99807,514,99966,100,99799,100,99986,100,99757,100,100027,100,99720,100,100036,100,99662,500,100052,100,99595,100,100067,100,99573,100,100075,100,99307,100,100108,100,99190,100,100136,100,99127,100
2019-06-28 09:59:00.000000000,99965,233,99807,255,99966,229,99799,229,99986,229,99757,229,100027,100,99720,100,100036,100,99662,500,100052,100,99595,100,100067,100,99573,100,100075,100,99307,100,100108,100,99190,100,100136,100,99127,100
2019-06-28 09:59:10.000000000,99965,233,99807,255,99966,229,99799,229,99986,229,99757,229,100027,100,99720,100,100036,100,99662,500,100052,100,99595,100,100067,100,99573,100,100075,100,99307,100,100108,100,99190,100,100136,100,99127,100
2019-06-28 09:59:10.365962507,99965,233,99807,155,99966,229,99799,229,99986,229,99757,229,100027,100,99720,100,100036,100,99662,500,100052,100,99595,100,100067,100,99573,100,100075,100,99307,100,100108,100,99190,100,100136,100,99127,100
2019-06-28 09:59:20.000000000,99965,492,99807,414,99966,100,99799,100,99986,100,99757,100,100027,100,99720,100,100036,100,99662,500,100052,100,99595,100,100067,100,99573,100,100075,100,99307,100,100108,100,99190,100,100136,100,99127,100
2019-06-28 09:59:30.000000000,99965,178,99807,100,99966,178,99799,178,99986,178,99757,178,100027,178,99720,178,100036,178,99662,578,100052,100,99595,100,100067,100,99573,100,100075,100,99307,100,100108,100,99190,100,100136,100,99127,100
2019-06-28 09:59:30.845375678,99965,178,99807,100,99966,178,99799,178,99986,178,99757,178,100027,178,99720,178,100036,178,99662,578,100052,100,99595,100,100067,100,99573,100,100075,100,99557,100,100108,100,99307,100,100136,100,99190,100
2019-06-28 09:59:40.000000000,99965,198,99807,120,99966,198,99799,198,99986,198,99757,198,100027,198,99720,198,100036,100,99662,500,100052,100,99595,100,100067,100,99573,100,100075,100,99557,100,100108,100,99307,100,100136,100,99190,100
2019-06-28 09:59:50.000000000,99965,296,99807,218,99966,296,99799,296,99986,100,99757,100,100027,100,99720,100,100036,100,99662,500,100052,100,99595,100,100067,100,99573,100,100075,100,99557,100,100108,100,99307,100,100136,100,99190,100
2019-06-28 10:00:00.000000000,99965,296,99807,218,99966,296,99799,296,99986,100,99757,100,100027,100,99720,100,100036,100,99662,500,100052,100,99595,100,100067,100,99573,100,100075,100,99557,100,100108,100,99307,100,100136,100,99190,100
2019-06-28 10:00:04.706568010,99965,296,99807,218,99966,296,99799,296,99986,100,99757,100,100027,100,99720,100,100036,100,99662,500,100052,100,99595,100,100067,100,99573,100,100075,100,99557,100,100108,100,99307,100,100136,100,99190,100
2019-06-28 10:00:10.000000000,99965,233,99807,155,99966,229,99799,229,99986,229,99757,229,100027,100,99720,100,100036,100,99662,500,100052,100,99595,100,100067,100,99573,100,100075,100,99557,100,100108,100,99307,100,100136,100,99190,100
2019-06-28 10:00:20.000000000,99965,233,99807,155,99966,229,99799,229,99986,229,99757,229,100027,100,99720,100,100036,100,99662,500,100052,100,99595,100,100067,100,99573,100,100075,100,99557,100,100108,100,99307,100,100136,100,99190,100
2019-06-28 10:00:24.628595722,99965,233,99807,55,99966,229,99799,229,99986,229,99757,229,100027,100,99720,100,100036,100,99662,500,100052,100,99595,100,100067,100,99557,100,100075,100,99307,100,100108,100,99190,100,100136,100,99186,100
2019-06-28 10:00:26.027478708,99807,45,99799,229,99965,233,99757,229,99966,229,99720,100,99986,229,99662,500,100027,100,99595,100,100036,100,99557,100,100067,100,99307,100,100075,100,99190,100,100108,100,99186,100,100136,100,99127,100
2019-06-28 10:00:30.000000000,99807,178,99799,233,99965,229,99757,229,99966,229,99720,229,99986,100,99662,500,100027,100,99595,100,100036,100,99557,100,100067,100,99307,100,100075,100,99190,100,100108,100,99186,100,100136,100,99127,100
2019-06-28 10:00:34.930121479,99807,278,99799,233,99965,229,99757,129,99966,229,99720,229,99986,100,99662,500,100027,100,99595,100,100036,100,99557,100,100067,100,99307,100,100075,100,99190,100,100108,100,99186,100,100136,100,99127,100
2019-06-28 10:00:38.457970375,99807,378,99799,233,99965,229,99757,129,99966,229,99720,229,99986,100,99662,500,100027,100,99595,100,100036,100,99557,100,100067,100,99307,100,100075,100,99190,100,100108,100,99186,100,100136,100,99127,100
2019-06-28 10:00:40.000000000,99807,378,99799,233,99965,229,99720,229,99966,229,99662,629,99986,100,99595,100,100027,100,99557,100,100036,100,99307,100,100067,100,99190,100,100075,100,99186,100,100108,100,99127,100,100136,100,99078,100
2019-06-28 10:00:42.416399352,99807,378,99799,233,99965,229,99720,229,99966,229,99662,629,99986,100,99595,100,100027,100,99557,100,100036,100,99437,100,100067,100,99307,100,100075,100,99190,100,100108,100,99186,100,100136,100,99127,100
2019-06-28 10:00:46.772734391,99807,378,99799,133,99965,229,99720,229,99966,229,99662,629,99986,100,99595,100,100027,100,99557,100,100036,100,99437,100,100067,100,99307,100,100075,100,99190,100,100108,100,99186,100,100136,100,99127,100
2019-06-28 10:00:50.000000000,99807,343,99720,198,99965,198,99662,598,99966,198,99595,198,99986,198,99557,198,100027,100,99437,100,100036,100,99307,100,100067,100,99190,100,100075,100,99186,100,100108,100,99127,100,100136,100,98645,100
2019-06-28 10:01:00.000000000,99807,441,99720,296,99965,296,99662,696,99966,100,99595,100,99986,100,99557,100,100027,100,99437,100,100036,100,99307,100,100067,100,99190,100,100075,100,99186,100,100108,100,99127,100,100136,100,98645,100
2019-06-28 10:01:03.770043323,99807,441,99720,196,99965,296,99662,696,99966,100,99595,100,99986,100,99557,100,100027,100,99437,100,100036,100,99307,100,100067,100,99190,100,100075,100,99186,100,100108,100,99127,100,100136,100,98645,100
2019-06-28 10:01:10.000000000,99807,323,99662,578,99965,178,99595,178,99966,178,99557,178,99986,178,99437,178,100027,178,99307,178,100036,100,99190,100,100067,100,99186,100,100075,100,99127,100,100108,100,98645,100,100136,100,,
2019-06-28 10:01:20.000000000,99807,441,99662,696,99965,296,99595,296,99966,100,99557,100,99986,100,99437,100,100027,100,99307,100,100036,100,99190,100,100067,100,99186,100,100075,100,99127,100,100108,100,98645,100,100136,100,,
2019-06-28 10:01:24.504908304,99799,100,99662,696,99807,441,99595,296,99965,296,99557,100,99966,100,99437,100,99986,100,99307,100,100027,100,99190,100,100036,100,99186,100,100067,100,99127,100,100075,100,98645,100,100108,100,,
2019-06-28 10:01:30.000000000,99799,198,99662,598,99807,343,99595,198,99965,198,99557,198,99966,198,99437,198,99986,100,99307,100,100027,100,99190,100,100036,100,99186,100,100067,100,99127,100,100075,100,98645,100,100108,100,,
2019-06-28 10:01:37.050846350,99799,198,99662,598,99807,243,99595,198,99965,198,99557,198,99966,198,99437,198,99986,100,99307,100,100027,100,99190,100,100036,100,99186,100,100067,100,99127,100,100075,100,98645,100,100108,100,,
2019-06-28 10:01:40.000000000,99799,198,99662,598,99807,243,99595,198,99965,198,99557,198,99966,198,99437,198,99986,100,99307,100,100027,100,99190,100,100036,100,99186,100,100067,100,99127,100,100075,100,98645,100,100108,100,,
2019-06-28 10:01:48.591886835,99799,198,99662,598,99807,243,99595,198,99965,198,99557,198,99966,198,99437,198,99986,100,99307,100,100027,100,99242,100,100036,100,99190,100,100067,100,99186,100,100075,100,99127,100,100108,100,98645,100
2019-06-28 10:01:50.000000000,99799,198,99662,598,99807,243,99595,198,99965,198,99557,198,99966,198,99437,198,99986,100,99307,100,100027,100,99242,100,100036,100,99190,100,100067,100,99186,100,100075,100,99127,100,100108,100,98645,100
2019-06-28 10:01:53.747461008,99799,198,99662,498,99807,243,99595,198,99965,198,99557,198,99966,198,99437,198,99986,100,99307,100,100027,100,99242,100,100036,100,99190,100,100067,100,99186,100,100075,100,99127,100,100108,100,98645,100
2019-06-28 10:02:00.000000000,99799,198,99662,498,99807,243,99595,198,99965,198,99557,198,99966,198,99437,198,99986,100,99307,100,100027,100,99242,100,100036,100,99190,100,100067,100,99186,100,100075,100,99127,100,100108,100,98645,100
2019-06-28 10:02:10.000000000,99799,178,99662,478,99807,223,99595,178,99965,178,99557,178,99966,178,99437,178,99986,178,99307,178,100027,100,99242,100,100036,100,99190,100,100067,100,99186,100,100075,100,99127,100,100108,100,98645,100
2019-06-28 10:02:14.370499616,99799,178,99662,478,99807,223,99595,178,99965,178,99557,178,99966,178,99437,178,99986,178,99307,178,100027,100,99242,100,100036,100,99190,100,100067,100,99186,100,100075,100,99127,100,100108,100,98882,100
2019-06-28 10:02:18.742277911,99799,178,99662,378,99807,223,99595,178,99965,178,99557,178,99966,178,99437,178,99986,178,99307,178,100027,100,99242,100,100036,100,99190,100,100067,100,99186,100,100075,100,99127,100,100108,100,98882,100
2019-06-28 10:02:20.000000000,99799,233,99662,433,99807,274,99595,229,99965,229,99557,229,99966,100,99437,100,99986,100,99307,100,100027,100,99242,100,100036,100,99190,100,100067,100,99186,100,100075,100,99127,100,100108,100,98882,100
2019-06-28 10:02:30.000000000,99799,296,99662,496,99807,341,99595,296,99965,100,99557,100,99966,100,99437,100,99986,100,99307,100,100027,100,99242,100,100036,100,99190,100,100067,100,99186,100,100075,100,99127,100,100108,100,98882,100
2019-06-28 10:02:40.000000000,99799,296,99662,496,99807,341,99595,296,99965,100,99557,100,99966,100,99437,100,99986,100,99307,100,100027,100,99242,100,100036,100,99190,100,100067,100,99186,100,100075,100,99127,100,100108,100,98882,100
2019-06-28 10:02:40.587628521,99799,196,99662,496,99807,341,99595,296,99965,100,99557,100,99966,100,99437,100,99986,100,99307,100,100027,100,99242,100,100036,100,99190,100,100067,100,99186,100,100075,100,99127,100,100108,100,98882,100
2019-06-28 10:02:46.231887936,99799,196,99662,396,99807,341,99595,296,99965,100,99557,100,99966,100,99437,100,99986,100,99307,100,100027,100,99242,100,100036,100,99190,100,100067,100,99186,100,100075,100,99127,100,100108,100,98882,100
2019-06-28 10:02:50.000000000,99807,341,99662,396,99965,296,99595,296,99966,100,99557,100,99986,100,99437,100,100027,100,99307,100,100036,100,99242,100,100067,100,99190,100,100075,100,99186,100,100108,100,99127,100,100136,100,98882,100
2019-06-28 10:03:00.000000000,99807,537,99662,592,99965,100,99595,100,99966,100,99557,100,99986,100,99437,100,100027,100,99307,100,100036,100,99242,100,100067,100,99190,100,100075,100,99186,100,100108,100,99127,100,100136,100,98882,100
2019-06-28 10:03:10.000000000,99807,537,99662,592,99965,100,99595,100,99966,100,99557,100,99986,100,99437,100,100027,100,99307,100,100036,100,99242,100,100067,100,99190,100,100075,100,99186,100,100108,100,99127,100,100136,100,98882,100
2019-06-28 10:03:20.000000000,99807,223,99662,278,99965,178,99595,178,99966,178,99557,178,99986,178,99437,178,100027,178,99307,178,100036,100,99242,100,100067,100,99190,100,100075,100,99186,100,100108,100,99127,100,100136,100,98882,100
2019-06-28 10:03:30.000000000,99807,537,99662,592,99965,100,99595,100,99966,100,99557,100,99986,100,99437,100,100027,100,99307,100,100036,100,99242,100,100067,100,99190,100,100075,100,99186,100,100108,100,99127,100,100136,100,98882,100
2019-06-28 10:03:40.000000000,99807,537,99662,592,99965,100,99595,100,99966,100,99557,100,99986,100,99437,100,100027,100,99307,100,100036,100,99242,100,100067,100,99190,100,100075,100,99186,100,100108,100,99127,100,100136,100,98882,100
2019-06-28 10:03:46.468946220,99807,537,99662,492,99965,100,99595,100,99966,100,99557,100,99986,100,99437,100,100027,100,99307,100,100036,100,99242,100,100067,100,99190,100,100075,100,99186,100,100108,100,99127,100,100136,100,98882,100
2019-06-28 10:03:50.000000000,99807,223,99662,178,99965,178,99595,178,99966,178,99557,178,99986,178,99437,178,100027,178,99307,178,100036,100,99242,100,100067,100,99190,100,100075,100,99186,100,100108,100,99127,100,100136,100,98882,100
2019-06-28 10:04:00.000000000,99807,278,99662,233,99965,229,99595,229,99966,229,99557,229,99986,100,99437,100,100027,100,99307,100,100036,100,99242,100,100067,100,99190,100,100075,100,99186,100,100108,100,99127,100,100136,100,98882,100
2019-06-28 10:04:10.000000000,99807,341,99662,296,99965,296,99595,296,99966,100,99557,100,99986,100,99437,100,100027,100,99307,100,100036,100,99242,100,100067,100,99190,100,100075,100,99186,100,100108,100,99127,100,100136,100,98882,100
2019-06-28 10:04:17.831908359,99807,341,99662,296,99965,296,99595,296,99966,100,99557,100,99986,100,99437,100,100027,100,99403,100,100036,100,99307,100,100067,100,99242,100,100075,100,99190,100,100108,100,99127,100,100136,100,98882,100
2019-06-28 10:04:20.000000000,99807,243,99662,198,99965,198,99595,198,99966,198,99557,198,99986,198,99437,198,100027,100,99403,100,100036,100,99307,100,100067,100,99242,100,100075,100,99190,100,100108,100,99127,100,100136,100,98882,100
2019-06-28 10:04:30.000000000,99807,243,99662,198,99965,198,99595,198,99966,198,99557,198,99986,198,99437,198,100027,100,99403,100,100036,100,99307,100,100067,100,99242,100,100075,100,99190,100,100108,100,99127,100,100136,100,98882,100
2019-06-28 10:04:40.000000000,99807,243,99662,198,99965,198,99595,198,99966,198,99557,198,99986,198,99437,198,100027,100,99403,100,100036,100,99307,100,100067,100,99242,100,100075,100,99190,100,100108,100,99127,100,100136,100,98882,100
2019-06-28 10:04:50.000000000,99807,341,99662,296,99965,296,99595,296,99966,100,99557,100,99986,100,99437,100,100027,100,99403,100,100036,100,99307,100,100067,100,99242,100,100075,100,99190,100,100108,100,99127,100,100136,100,98882,100
2019-06-28 10:05:00.000000000,99807,278,99662,233,99965,229,99595,229,99966,229,99557,229,99986,100,99437,100,100027,100,99403,100,100036,100,99307,100,100067,100,99242,100,100075,100,99190,100,100108,100,99127,100,100136,100,98882,100
2019-06-28 10:05:07.806267241,99807,278,99701,100,99965,229,99662,233,99966,229,99595,229,99986,100,99557,229,100027,100,99437,100,100036,100,99403,100,100067,100,99307,100,100075,100,99242,100,100108,100,99190,100,100136,100,99127,100
2019-06-28 10:05:10.000000000,99807,341,99701,296,99965,296,99662,296,99966,100,99595,100,99986,100,99557,100,100027,100,99437,100,100036,100,99403,100,100067,100,99307,100,100075,100,99242,100,100108,100,99190,100,100136,100,99127,100
2019-06-28 10:05:20.000000000,99807,278,99701,233,99965,229,99662,229,99966,229,99595,229,99986,100,99557,100,100027,100,99437,100,100036,100,99403,100,100067,100,99307,100,100075,100,99242,100,100108,100,99190,100,100136,100,99127,100
2019-06-28 10:05:24.111807157,99807,278,99701,233,99965,229,99662,229,99966,229,99595,229,99986,100,99557,100,100027,100,99437,100,100036,100,99403,100,100067,100,99307,100,100075,100,99259,100,100108,100,99242,100,100136,100,99190,100
2019-06-28 10:05:29.873630960,99807,278,99701,233,99965,229,99662,229,99966,229,99595,229,99986,100,99557,100,100027,100,99505,100,100036,100,99437,100,100067,100,99403,100,100075,100,99307,100,100108,100,99259,100,100136,100,99242,100
2019-06-28 10:05:30.000000000,99807,341,99701,296,99965,296,99662,296,99966,100,99595,100,99986,100,99557,100,100027,100,99505,100,100036,100,99437,100,100067,100,99403,100,100075,100,99307,100,100108,100,99259,100,100136,100,99242,100
2019-06-28 10:05:40.000000000,99807,278,99701,233,99965,229,99662,229,99966,229,99595,229,99986,100,99557,100,100027,100,99505,100,100036,100,99437,100,100067,100,99403,100,100075,100,99307,100,100108,100,99259,100,100136,100,99242,100
2019-06-28 10:05:50.000000000,99807,278,99701,233,99965,229,99662,229,99966,229,99595,229,99986,100,99557,100,100027,100,99505,100,100036,100,99437,100,100067,100,99403,100,100075,100,99307,100,100108,100,99259,100,100136,100,99242,100
2019-06-28 10:06:00.000000000,99807,341,99701,296,99965,296,99662,296,99966,100,99595,100,99986,100,99557,100,100027,100,99505,100,100036,100,99437,100,100067,100,99403,100,100075,100,99307,100,100108,100,99259,100,100136,100,99242,100
2019-06-28 10:06:10.000000000,99807,341,99701,296,99965,296,99662,296,99966,100,99595,100,99986,100,99557,100,100027,100,99505,100,100036,100,99437,100,100067,100,99403,100,100075,100,99307,100,100108,100,99259,100,100136,100,99242,100
2019-06-28 10:06:20.000000000,99807,278,99701,233,99965,229,99662,229,99966,229,99595,229,99986,100,99557,100,100027,100,99505,100,100036,100,99437,100,100067,100,99403,100,100075,100,99307,100,100108,100,99259,100,100136,100,99242,100
2019-06-28 10:06:22.727112303,99807,278,99701,233,99965,229,99662,229,99966,229,99595,229,99986,100,99557,100,100027,100,99505,100,100036,100,99437,100,100067,100,99403,100,100075,100,99354,100,100108,100,99307,100,100136,100,99259,100
2019-06-28 10:06:26.706300463,99794,100,99701,233,99807,278,99662,229,99965,229,99595,229,99966,229,99557,100,99986,100,99505,100,100027,100,99437,100,100036,100,99403,100,100067,100,99354,100,100075,100,99307,100,100108,100,99259,100
2019-06-28 10:06:30.000000000,99794,492,99701,492,99807,145,99662,100,99965,100,99595,100,99966,100,99557,100,99986,100,99505,100,100027,100,99437,100,100036,100,99403,100,100067,100,99354,100,100075,100,99307,100,100108,100,99259,100
2019-06-28 10:06:40.000000000,99794,178,99701,178,99807,223,99662,178,99965,178,99595,178,99966,178,99557,178,99986,178,99505,178,100027,100,99437,100,100036,100,99403,100,100067,100,99354,100,100075,100,99307,100,100108,100,99259,100
2019-06-28 10:06:42.521623487,99794,178,99701,178,99807,223,99662,178,99965,178,99595,178,99966,178,99557,178,99986,178,99528,100,100027,100,99505,178,100036,100,99437,100,100067,100,99403,100,100075,100,99354,100,100108,100,99307,100
2019-06-28 10:06:50.000000000,99794,233,99701,233,99807,274,99662,229,99965,229,99595,229,99966,100,99557,100,99986,100,99528,100,100027,100,99505,100,100036,100,99437,100,100067,100,99403,100,100075,100,99354,100,100108,100,99307,100
2019-06-28 10:06:56.597293320,99794,233,99701,133,99807,274,99662,229,99965,229,99595,229,99966,100,99557,100,99986,100,99528,100,100027,100,99505,100,100036,100,99437,100,100067,100,99403,100,100075,100,99354,100,100108,100,99307,100
2019-06-28 10:07:00.000000000,99794,492,99662,492,99807,145,99595,100,99965,100,99557,100,99966,100,99528,100,99986,100,99505,100,100027,100,99437,100,100036,100,99403,100,100067,100,99354,100,100075,100,99307,100,100108,100,99259,100
2019-06-28 10:07:04.341783084,99794,492,99662,492,99807,145,99595,100,99965,100,99557,100,99966,100,99528,100,99986,100,99505,100,100027,100,99437,100,100036,100,99403,100,100067,100,99354,100,100075,100,99307,100,100108,100,99259,100
2019-06-28 10:07:06.695803720,99794,492,99662,492,99807,145,99595,100,99965,100,99557,100,99966,100,99528,100,99986,100,99505,100,100027,100,99437,100,100067,100,99403,100,100075,100,99354,100,100108,100,99307,100,100136,100,99259,100
2019-06-28 10:07:10.000000000,99794,296,99662,296,99807,341,99595,296,99965,100,99557,100,99966,100,99528,100,99986,100,99505,100,100027,100,99437,100,100067,100,99403,100,100075,100,99354,100,100108,100,99307,100,100136,100,99259,100
2019-06-28 10:07:20.000000000,99794,233,99662,233,99807,274,99595,229,99965,229,99557,229,99966,100,99528,100,99986,100,99505,100,100027,100,99437,100,100067,100,99403,100,100075,100,99354,100,100108,100,99307,100,100136,100,99259,100
2019-06-28 10:07:30.000000000,99794,296,99662,296,99807,341,99595,296,99965,100,99557,100,99966,100,99528,100,99986,100,99505,100,100027,100,99437,100,100067,100,99403,100,100075,100,99354,100,100108,100,99307,100,100136,100,99259,100
2019-06-28 10:07:38.019842284,99794,296,99662,296,99807,341,99595,296,99965,100,99557,100,99966,100,99528,100,99986,100,99505,100,100027,100,99437,100,100067,100,99422,100,100075,100,99403,100,100108,100,99354,100,100136,100,99307,100
2019-06-28 10:07:40.000000000,99794,233,99662,233,99807,274,99595,229,99965,229,99557,229,99966,100,99528,100,99986,100,99505,100,100027,100,99437,100,100067,100,99422,100,100075,100,99403,100,100108,100,99354,100,100136,100,99307,100
2019-06-28 10:07:49.797214372,99794,233,99662,233,99807,274,99595,229,99965,229,99557,229,99966,100,99528,100,99986,100,99505,100,100027,100,99437,100,100067,100,99422,100,100075,100,99403,100,100108,100,99354,100,100136,100,99353,100
2019-06-28 10:07:50.000000000,99794,178,99662,178,99807,223,99595,178,99965,178,99557,178,99966,178,99528,178,99986,178,99505,178,100027,100,99437,100,100067,100,99422,100,100075,100,99403,100,100108,100,99354,100,100136,100,99353,100
2019-06-28 10:08:00.000000000,99794,233,99662,233,99807,274,99595,229,99965,229,99557,229,99966,100,99528,100,99986,100,99505,100,100027,100,99437,100,100067,100,99422,100,100075,100,99403,100,100108,100,99354,100,100136,100,99353,100
2019-06-28 10:08:10.000000000,99794,233,99662,233,99807,274,99595,229,99965,229,99557,229,99966,100,99528,100,99986,100,99505,100,100027,100,99437,100,100067,100,99422,100,100075,100,99403,100,100108,100,99354,100,100136,100,99353,100
2019-06-28 10:08:20.000000000,99794,178,99662,178,99807,223,99595,178,99965,178,99557,178,99966,178,99528,178,99986,178,99505,178,100027,100,99437,100,100067,100,99422,100,100075,100,99403,100,100108,100,99354,100,100136,100,99353,100
2019-06-28 10:08:27.112183517,99794,178,99662,178,99807,223,99595,178,99965,78,99557,178,99966,178,99528,178,99986,178,99505,178,100027,100,99437,100,100067,100,99422,100,100075,100,99403,100,100108,100,99354,100,100136,100,99353,100
2019-06-28 10:08:30.000000000,99794,178,99662,178,99807,223,99595,178,99966,178,99557,178,99986,178,99528,178,100027,178,99505,178,100067,100,99437,100,100075,100,99422,100,100108,100,99403,100,100136,100,99354,100,100147,100,99353,100
2019-06-28 10:08:40.000000000,99794,296,99662,296,99807,341,99595,296,99966,100,99557,100,99986,100,99528,100,100027,100,99505,100,100067,100,99437,100,100075,100,99422,100,100108,100,99403,100,100136,100,99354,100,100147,100,99353,100
2019-06-28 10:08:50.000000000,99794,233,99662,233,99807,274,99595,229,99966,229,99557,229,99986,100,99528,100,100027,100,99505,100,100067,100,99437,100,100075,100,99422,100,100108,100,99403,100,100136,100,99354,100,100147,100,99353,100
2019-06-28 10:08:58.088271984,99794,233,99662,133,99807,274,99595,229,99966,229,99557,229,99986,100,99528,100,100027,100,99505,100,100067,100,99437,100,100075,100,99422,100,100108,100,99403,100,100136,100,99354,100,100147,100,99353,100
2019-06-28 10:09:00.000000000,99794,296,99595,296,99807,341,99557,296,99966,100,99528,100,99986,100,99505,100,100027,100,99437,100,100067,100,99422,100,100075,100,99403,100,100108,100,99354,100,100136,100,99353,100,100147,100,99307,100
