,ask_price_1,ask_size_1,bid_price_1,bid_size_1,ask_price_2,ask_size_2,bid_price_2,bid_size_2,ask_price_3,ask_size_3,bid_price_3,bid_size_3,ask_price_4,ask_size_4,bid_price_4,bid_size_4,ask_price_5,ask_size_5,bid_price_5,bid_size_5,ask_price_6,ask_size_6,bid_price_6,bid_size_6,ask_price_7,ask_size_7,bid_price_7,bid_size_7,ask_price_8,ask_size_8,bid_price_8,bid_size_8,ask_price_9,ask_size_9,bid_price_9,bid_size_9,ask_price_10,ask_size_10,bid_price_10,bid_size_10
2019-06-28 09:30:00.000000000,100071,100,99922,100,,,,,,,,,,,,,,,,,,,,,,,,,,,,,,,,,,,,
2019-06-28 09:30:00.000000003,100071,100,100000,100,,,99922,100,,,,,,,,,,,,,,,,,,,,,,,,,,,,,,,,
2019-06-28 09:30:00.000000006,100071,100,100000,100,100093,100,99969,100,,,99922,100,,,,,,,,,,,,,,,,,,,,,,,,,,,,
2019-06-28 09:30:00.000000007,100071,100,100000,100,100093,100,99977,100,,,99969,100,,,99922,100,,,,,,,,,,,,,,,,,,,,,,,,
2019-06-28 09:30:00.000000008,100071,100,100024,100,100093,100,100000,100,,,99977,100,,,99969,100,,,99922,100,,,,,,,,,,,,,,,,,,,,
2019-06-28 09:30:00.000000009,100071,100,100045,100,100093,100,100024,100,,,100000,100,,,99977,100,,,99969,100,,,99922,100,,,99912,100,,,,,,,,,,,,
2019-06-28 09:30:00.000000010,100071,100,100045,100,100093,100,100024,100,,,100000,100,,,99977,100,,,99969,100,,,99922,100,,,99912,100,,,99882,100,,,,,,,,
2019-06-28 09:30:00.000000011,100071,100,100045,100,100093,100,100024,100,,,100000,100,,,99977,100,,,99969,100,,,99955,100,,,99922,100,,,99912,100,,,99882,100,,,,
2019-06-28 09:30:00.000000012,100071,100,100045,100,100093,100,100024,100,,,100000,100,,,99977,100,,,99969,100,,,99955,100,,,99952,100,,,99922,100,,,99912,100,,,99882,100
2019-06-28 09:30:00.000000014,100071,100,100024,100,100093,100,100000,100,,,99977,100,,,99974,100,,,99969,100,,,99955,100,,,99952,100,,,99922,100,,,99912,100,,,99882,100
2019-06-28 09:30:00.000000016,100071,100,100024,100,100088,100,100000,100,100093,100,99977,100,,,99974,100,,,99969,100,,,99955,100,,,99952,100,,,99922,100,,,99912,100,,,99882,100
2019-06-28 09:30:00.000000018,100071,100,100024,100,100088,100,100000,100,100093,100,99977,100,,,99974,100,,,99969,100,,,99955,100,,,99952,100,,,99940,100,,,99922,100,,,99912,100
2019-06-28 09:30:00.000000019,100071,100,100024,100,100088,100,100000,100,100093,100,99977,100,,,99974,100,,,99969,100,,,99964,100,,,99955,100,,,99952,100,,,99940,100,,,99922,100
2019-06-28 09:30:00.000000021,100071,100,100024,100,100088,100,100013,100,100093,100,100000,100,,,99977,100,,,99974,100,,,99969,100,,,99964,100,,,99955,100,,,99952,100,,,99940,100
2019-06-28 09:30:00.000000023,100071,100,100024,100,100088,100,100013,100,100093,100,100000,100,,,99977,100,,,99974,100,,,99969,100,,,99964,100,,,99955,100,,,99952,100,,,99940,100
2019-06-28 09:30:00.000000030,100071,100,100024,100,100081,100,100013,100,100088,100,100000,100,100093,100,99977,100,,,99974,100,,,99969,100,,,99964,100,,,99955,100,,,99952,100,,,99940,100
2019-06-28 09:30:00.000000032,100071,100,100024,100,100081,100,100013,100,100088,100,100000,100,100093,100,99977,100,,,99974,100,,,99971,100,,,99969,100,,,99964,100,,,99955,100,,,99952,100
2019-06-28 09:30:00.000000036,100027,100,100024,100,100071,100,100013,100,100081,100,100000,100,100088,100,99977,100,100093,100,99974,100,,,99971,100,,,99969,100,,,99964,100,,,99955,100,,,99952,100
2019-06-28 09:30:00.000000037,100027,100,100013,100,100071,100,100000,100,100081,100,99977,100,100088,100,99974,100,100093,100,99971,100,,,99969,100,,,99964,100,,,99955,100,,,99952,100,,,99940,100
2019-06-28 09:30:00.000000040,100024,100,100000,100,100027,100,99977,100,100064,100,99974,100,100071,100,99971,100,100081,100,99969,100,100088,100,99964,100,100093,100,99955,100,,,99952,100,,,99940,100,,,99933,100
2019-06-28 09:30:00.000000041,100024,100,99977,100,100027,100,99974,100,100064,100,99971,100,100071,100,99969,100,100081,100,99964,100,100088,100,99955,100,100093,100,99952,100,,,99940,100,,,99933,100,,,99925,100
2019-06-28 09:30:00.000000046,100024,100,99977,100,100027,100,99974,100,100064,100,99971,100,100071,100,99969,100,100081,100,99964,100,100088,100,99955,100,100093,100,99952,100,100108,100,99940,100,,,99933,100,,,99925,100
2019-06-28 09:30:00.000000047,100024,100,99977,100,100027,100,99974,100,100064,100,99971,100,100071,100,99969,100,100081,100,99965,100,100088,100,99964,100,100093,100,99955,100,100108,100,99952,100,,,99940,100,,,99933,100
2019-06-28 09:30:00.000000048,100024,100,99977,100,100027,100,99974,100,100064,100,99971,100,100071,100,99969,100,100081,100,99965,100,100088,100,99964,100,100093,100,99955,100,100101,100,99952,100,100108,100,99942,100,,,99940,100
2019-06-28 09:30:00.000000050,100024,100,99977,100,100027,100,99974,100,100064,100,99971,100,100071,100,99969,100,100081,100,99965,100,100088,100,99964,100,100093,100,99955,100,100101,100,99952,100,100108,100,99942,100,100117,100,99940,100
2019-06-28 09:30:00.000000051,100024,100,99974,100,100027,100,99971,100,100064,100,99969,100,100071,100,99965,100,100081,100,99964,100,100088,100,99955,100,100093,100,99952,100,100101,100,99942,100,100108,100,99940,100,100117,100,99933,100
2019-06-28 09:30:00.000000052,100024,100,99974,100,100027,100,99971,100,100064,100,99969,100,100071,100,99965,100,100081,100,99964,100,100088,100,99955,100,100093,100,99952,100,100101,100,99942,100,100108,100,99940,100,100117,100,99933,100
2019-06-28 09:30:00.000000060,100027,100,99975,100,100064,100,99974,100,100071,100,99971,100,100081,100,99969,100,100088,100,99965,100,100093,100,99964,100,100101,100,99955,100,100108,100,99952,100,100117,100,99942,100,100122,100,99940,100
2019-06-28 09:30:00.000000062,100027,100,100003,100,100064,100,99975,100,100071,100,99974,100,100081,100,99971,100,100088,100,99969,100,100093,100,99965,100,100101,100,99964,100,100108,100,99955,100,100117,100,99952,100,100122,100,99942,100
2019-06-28 09:30:00.000000063,100024,100,100003,100,100027,100,99975,100,100064,100,99974,100,100071,100,99971,100,100081,100,99969,100,100088,100,99965,100,100093,100,99964,100,100101,100,99955,100,100108,100,99952,100,100117,100,99942,100
2019-06-28 09:30:00.000000064,100024,100,100003,100,100027,100,99975,100,100064,100,99974,100,100071,100,99971,100,100081,100,99969,100,100088,100,99965,100,100093,100,99964,100,100101,100,99955,100,100108,100,99952,100,100117,100,99942,100
2019-06-28 09:30:00.000000065,100024,100,100003,100,100027,100,99975,100,100064,100,99974,100,100071,100,99971,100,100081,100,99969,100,100088,100,99965,100,100093,100,99964,100,100101,100,99961,100,100108,100,99955,100,100117,100,99952,100
2019-06-28 09:30:00.000000066,100024,200,100003,100,100027,100,99975,100,100064,100,99974,100,100071,100,99971,100,100081,100,99969,100,100088,100,99965,100,100093,100,99964,100,100101,100,99961,100,100108,100,99955,100,100117,100,99952,100
2019-06-28 09:30:00.000000069,100022,100,99975,100,100024,200,99974,100,100027,100,99971,100,100064,100,99969,100,100071,100,99965,100,100081,100,99964,100,100088,100,99961,100,100093,100,99955,100,100101,100,99952,100,100108,100,99942,100
2019-06-28 09:30:00.000000071,100022,100,99975,100,100024,200,99974,100,100027,100,99971,100,100064,100,99969,100,100071,100,99965,100,100081,100,99964,100,100088,100,99961,100,100093,100,99955,100,100101,100,99952,100,100108,100,99951,100
2019-06-28 09:30:00.000000074,100022,100,99975,100,100023,100,99974,100,100024,200,99971,100,100027,100,99969,100,100055,100,99965,100,100064,100,99964,100,100071,100,99961,100,100081,100,99955,100,100088,100,99952,100,100093,100,99951,100
2019-06-28 09:30:00.000000075,99996,100,99975,100,100021,100,99974,100,100022,100,99971,100,100023,100,99969,100,100024,200,99965,100,100027,100,99964,100,100055,100,99961,100,100064,100,99955,100,100071,100,99952,100,100081,100,99951,100
2019-06-28 09:30:00.000000080,99996,100,99975,100,100021,100,99974,100,100022,100,99971,100,100023,100,99969,100,100024,200,99965,100,100027,100,99964,100,100055,100,99961,100,100064,100,99955,100,100071,100,99952,100,100081,100,99951,100
2019-06-28 09:30:00.000000082,99996,100,99975,100,100002,100,99974,100,100021,100,99971,100,100022,100,99969,100,100023,100,99965,100,100024,200,99964,100,100027,100,99961,100,100055,100,99955,100,100064,100,99952,100,100071,100,99951,100
2019-06-28 09:30:00.000000085,99996,100,99975,100,100002,100,99974,100,100021,100,99971,100,100022,100,99969,100,100023,100,99965,100,100024,200,99964,100,100027,100,99961,100,100055,100,99955,100,100064,100,99952,100,100071,100,99951,100
2019-06-28 09:30:00.000000089,99996,100,99977,100,100002,100,99975,100,100021,100,99974,100,100022,100,99971,100,100023,100,99969,100,100024,200,99965,100,100027,100,99964,100,100055,100,99961,100,100064,100,99955,100,100071,100,99952,100
2019-06-28 09:30:00.000000092,99996,100,99977,100,100002,100,99975,100,100021,100,99974,100,100022,100,99971,100,100023,100,99969,100,100024,200,99965,100,100027,100,99964,100,100055,100,99961,100,100064,100,99955,100,100071,100,99952,100
2019-06-28 09:30:00.000000093,99996,100,99977,100,100002,100,99975,100,100021,100,99974,100,100022,100,99971,100,100023,100,99969,100,100024,200,99965,100,100027,100,99964,100,100055,100,99961,100,100064,100,99955,100,100071,100,99952,100
2019-06-28 09:30:00.000000094,99996,100,99977,100,100002,100,99975,100,100021,100,99974,100,100022,100,99971,100,100023,100,99969,100,100024,200,99965,100,100027,100,99964,100,100055,100,99961,100,100064,100,99955,100,100071,200,99952,100
2019-06-28 09:30:00.000000095,99996,100,99985,100,100002,100,99977,100,100021,100,99975,100,100022,100,99974,100,100023,100,99971,100,100024,200,99969,100,100027,100,99965,100,100055,100,99964,100,100064,100,99961,100,100071,200,99955,100
2019-06-28 09:30:00.000000096,100002,100,99985,100,100021,100,99977,100,100022,100,99975,100,100023,100,99974,100,100024,200,99971,100,100027,100,99969,100,100055,100,99965,100,100064,100,99964,100,100071,200,99961,100,100081,100,99955,100
2019-06-28 09:30:00.000000097,100002,100,99985,100,100021,100,99977,100,100022,100,99975,100,100023,100,99974,100,100024,200,99971,100,100027,100,99969,100,100055,100,99965,100,100064,100,99964,100,100071,200,99961,100,100081,100,99955,100
2019-06-28 09:30:00.000000099,100002,100,99996,100,100021,100,99985,100,100022,100,99977,100,100023,100,99975,100,100024,200,99974,100,100027,100,99971,100,100055,100,99969,100,100064,100,99965,100,100071,200,99964,100,100081,100,99961,100
2019-06-28 09:30:03.796055694,100002,100,99996,200,100021,100,99985,100,100022,100,99977,100,100023,100,99975,100,100024,200,99974,100,100027,100,99971,100,100055,100,99969,100,100064,100,99965,100,100071,200,99964,100,100081,100,99961,100
2019-06-28 09:30:10.000000000,100002,345,99996,445,100021,345,99985,345,100022,100,99977,100,100023,100,99975,100,100024,200,99974,100,100027,100,99971,100,100055,100,99969,100,100064,100,99965,100,100071,200,99964,100,100081,100,99961,100
2019-06-28 09:30:11.834234052,100002,345,99996,445,100021,345,99985,345,100022,100,99977,100,100023,100,99975,100,100024,200,99974,100,100027,100,99971,100,100055,100,99969,100,100071,200,99965,100,100081,100,99964,100,100088,100,99961,100
2019-06-28 09:30:13.160875783,100002,345,99996,445,100021,345,99985,345,100022,100,99977,100,100023,100,99974,100,100024,200,99971,100,100027,100,99969,100,100055,100,99965,100,100071,200,99964,100,100081,100,99961,100,100088,100,99955,100
2019-06-28 09:30:20.000000000,100002,267,99996,367,100021,262,99985,262,100022,262,99977,262,100023,100,99974,100,100024,200,99971,100,100027,100,99969,100,100055,100,99965,100,100071,200,99964,100,100081,100,99961,100,100088,100,99955,100
2019-06-28 09:30:25.606234658,100002,267,99996,367,100021,262,99985,262,100022,262,99977,262,100023,100,99974,100,100024,200,99971,100,100027,100,99969,100,100043,100,99965,100,100055,100,99964,100,100071,200,99961,100,100081,100,99955,100
2019-06-28 09:30:30.000000000,100002,222,99996,322,100021,222,99985,222,100022,222,99977,222,100023,222,99974,222,100024,200,99971,100,100027,100,99969,100,100043,100,99965,100,100055,100,99964,100,100071,200,99961,100,100081,100,99955,100
2019-06-28 09:30:33.832908871,100002,222,99996,422,100021,222,99985,222,100022,222,99977,222,100023,222,99974,222,100024,200,99971,100,100027,100,99969,100,100043,100,99965,100,100055,100,99964,100,100071,200,99961,100,100088,100,99955,100
2019-06-28 09:30:40.000000000,100002,222,99996,422,100021,222,99985,222,100022,222,99977,222,100023,222,99974,222,100024,200,99971,100,100027,100,99969,100,100043,100,99965,100,100055,100,99964,100,100071,200,99961,100,100088,100,99955,100
2019-06-28 09:30:47.724664401,100002,222,99996,422,100021,222,99985,222,100022,222,99977,222,100023,222,99974,222,100024,200,99971,100,100027,100,99969,100,100043,100,99965,100,100055,100,99964,100,100071,200,99961,100,100088,100,99955,100
2019-06-28 09:30:47.731883628,100001,100,99996,322,100002,222,99985,222,100021,222,99977,222,100022,222,99974,222,100023,222,99971,100,100024,200,99969,100,100027,100,99965,100,100043,100,99964,100,100055,100,99961,100,100071,200,99955,100
2019-06-28 09:30:50.000000000,100001,590,99996,690,100002,100,99985,100,100021,100,99977,100,100022,100,99974,100,100023,100,99971,100,100024,200,99969,100,100027,100,99965,100,100043,100,99964,100,100055,100,99961,100,100071,200,99955,100
2019-06-28 09:31:00.000000000,100001,345,99996,445,100002,345,99985,345,100021,100,99977,100,100022,100,99974,100,100023,100,99971,100,100024,200,99969,100,100027,100,99965,100,100043,100,99964,100,100055,100,99961,100,100071,200,99955,100
2019-06-28 09:31:00.743200664,100001,345,99996,345,100002,345,99985,345,100021,100,99977,100,100022,100,99974,100,100023,100,99971,100,100024,200,99969,100,100027,100,99965,100,100043,100,99964,100,100055,100,99961,100,100071,200,99955,100
2019-06-28 09:31:06.652505848,100001,345,99996,345,100002,345,99985,345,100021,100,99977,100,100022,100,99974,100,100023,100,99971,100,100024,200,99969,100,100027,100,99965,100,100043,100,99964,100,100055,100,99961,100,100071,200,99955,100
2019-06-28 09:31:10.000000000,100001,222,99996,222,100002,222,99985,222,100021,222,99977,222,100022,222,99974,222,100023,100,99971,100,100024,200,99969,100,100027,100,99965,100,100043,100,99964,100,100055,100,99961,100,100071,200,99955,100
2019-06-28 09:31:19.231629099,100001,222,99996,222,100002,222,99985,222,100021,222,99977,222,100022,222,99974,222,100023,100,99971,100,100024,200,99969,100,100027,100,99965,100,100043,100,99964,100,100051,100,99961,100,100055,100,99955,100
2019-06-28 09:31:20.000000000,100001,590,99996,590,100002,100,99985,100,100021,100,99977,100,100022,100,99974,100,100023,100,99971,100,100024,200,99969,100,100027,100,99965,100,100043,100,99964,100,100051,100,99961,100,100055,100,99955,100
2019-06-28 09:31:30.000000000,100001,345,99996,345,100002,345,99985,345,100021,100,99977,100,100022,100,99974,100,100023,100,99971,100,100024,200,99969,100,100027,100,99965,100,100043,100,99964,100,100051,100,99961,100,100055,100,99955,100
2019-06-28 09:31:40.000000000,100001,267,99996,267,100002,262,99985,262,100021,262,99977,262,100022,100,99974,100,100023,100,99971,100,100024,200,99969,100,100027,100,99965,100,100043,100,99964,100,100051,100,99961,100,100055,100,99955,100
2019-06-28 09:31:50.000000000,100001,267,99996,267,100002,262,99985,262,100021,262,99977,262,100022,100,99974,100,100023,100,99971,100,100024,200,99969,100,100027,100,99965,100,100043,100,99964,100,100051,100,99961,100,100055,100,99955,100
2019-06-28 09:32:00.000000000,100001,198,99996,198,100002,198,99985,198,100021,198,99977,198,100022,198,99974,198,100023,198,99971,198,100024,200,99969,100,100027,100,99965,100,100043,100,99964,100,100051,100,99961,100,100055,100,99955,100
2019-06-28 09:32:10.000000000,100001,345,99996,345,100002,345,99985,345,100021,100,99977,100,100022,100,99974,100,100023,100,99971,100,100024,200,99969,100,100027,100,99965,100,100043,100,99964,100,100051,100,99961,100,100055,100,99955,100
2019-06-28 09:32:20.000000000,100001,345,99996,345,100002,345,99985,345,100021,100,99977,100,100022,100,99974,100,100023,100,99971,100,100024,200,99969,100,100027,100,99965,100,100043,100,99964,100,100051,100,99961,100,100055,100,99955,100
2019-06-28 09:32:30.000000000,100001,267,99996,267,100002,262,99985,262,100021,262,99977,262,100022,100,99974,100,100023,100,99971,100,100024,200,99969,100,100027,100,99965,100,100043,100,99964,100,100051,100,99961,100,100055,100,99955,100
2019-06-28 09:32:40.000000000,100001,198,99996,198,100002,198,99985,198,100021,198,99977,198,100022,198,99974,198,100023,198,99971,198,100024,200,99969,100,100027,100,99965,100,100043,100,99964,100,100051,100,99961,100,100055,100,99955,100
2019-06-28 09:32:50.000000000,100001,590,99996,590,100002,100,99985,100,100021,100,99977,100,100022,100,99974,100,100023,100,99971,100,100024,200,99969,100,100027,100,99965,100,100043,100,99964,100,100051,100,99961,100,100055,100,99955,100
2019-06-28 09:32:50.855762639,100001,590,99996,590,100002,100,99985,100,100004,100,99977,100,100021,100,99974,100,100022,100,99971,100,100023,100,99969,100,100024,200,99965,100,100027,100,99964,100,100043,100,99961,100,100051,100,99955,100
2019-06-28 09:33:00.000000000,100001,198,99996,198,100002,198,99985,198,100004,198,99977,198,100021,198,99974,198,100022,198,99971,198,100023,100,99969,100,100024,200,99965,100,100027,100,99964,100,100043,100,99961,100,100051,100,99955,100
2019-06-28 09:33:10.000000000,100001,590,99996,590,100002,100,99985,100,100004,100,99977,100,100021,100,99974,100,100022,100,99971,100,100023,100,99969,100,100024,200,99965,100,100027,100,99964,100,100043,100,99961,100,100051,100,99955,100
2019-06-28 09:33:20.000000000,100001,198,99996,198,100002,198,99985,198,100004,198,99977,198,100021,198,99974,198,100022,198,99971,198,100023,100,99969,100,100024,200,99965,100,100027,100,99964,100,100043,100,99961,100,100051,100,99955,100
2019-06-28 09:33:30.000000000,100001,198,99996,198,100002,198,99985,198,100004,198,99977,198,100021,198,99974,198,100022,198,99971,198,100023,100,99969,100,100024,200,99965,100,100027,100,99964,100,100043,100,99961,100,100051,100,99955,100
2019-06-28 09:33:37.250619947,100001,198,99996,198,100002,198,99985,198,100004,198,99977,198,100021,198,99974,198,100022,198,99971,198,100023,100,99969,100,100024,200,99965,100,100027,100,99964,100,100043,100,99961,100,100055,100,99955,100
2019-06-28 09:33:40.000000000,100001,198,99996,198,100002,198,99985,198,100004,198,99977,198,100021,198,99974,198,100022,198,99971,198,100023,100,99969,100,100024,200,99965,100,100027,100,99964,100,100043,100,99961,100,100055,100,99955,100
2019-06-28 09:33:50.000000000,100001,222,99996,222,100002,222,99985,222,100004,222,99977,222,100021,222,99974,222,100022,100,99971,100,100023,100,99969,100,100024,200,99965,100,100027,100,99964,100,100043,100,99961,100,100055,100,99955,100
2019-06-28 09:33:51.138472077,100001,222,99996,222,100002,222,99985,222,100004,222,99977,222,100021,222,99974,222,100022,100,99971,100,100023,100,99965,100,100024,200,99964,100,100027,100,99961,100,100043,100,99955,100,100055,100,99952,100
2019-06-28 09:33:54.563778691,100001,222,99996,222,100002,222,99985,222,100004,222,99977,222,100021,122,99974,222,100022,100,99971,100,100023,100,99965,100,100024,200,99964,100,100027,100,99961,100,100043,100,99955,100,100055,100,99952,100
2019-06-28 09:34:00.000000000,100001,267,99996,267,100002,262,99985,262,100004,262,99977,262,100022,100,99974,100,100023,100,99971,100,100024,200,99965,100,100027,100,99964,100,100043,100,99961,100,100055,100,99955,100,100071,200,99952,100
2019-06-28 09:34:02.353038427,100001,167,99996,267,100002,262,99985,262,100004,262,99977,262,100022,100,99974,100,100023,100,99971,100,100024,200,99965,100,100027,100,99964,100,100043,100,99961,100,100055,100,99955,100,100071,200,99952,100
2019-06-28 09:34:10.000000000,100002,198,99996,198,100004,198,99985,198,100022,198,99977,198,100023,198,99974,198,100024,298,99971,198,100027,100,99965,100,100043,100,99964,100,100055,100,99961,100,100071,200,99955,100,100088,100,99952,100
2019-06-28 09:34:20.000000000,100002,267,99996,267,100004,262,99985,262,100022,262,99977,262,100023,100,99974,100,100024,200,99971,100,100027,100,99965,100,100043,100,99964,100,100055,100,99961,100,100071,200,99955,100,100088,100,99952,100
2019-06-28 09:34:30.000000000,100002,345,99996,345,100004,345,99985,345,100022,100,99977,100,100023,100,99974,100,100024,200,99971,100,100027,100,99965,100,100043,100,99964,100,100055,100,99961,100,100071,200,99955,100,100088,100,99952,100
2019-06-28 09:34:31.142789809,100002,245,99996,345,100004,345,99985,345,100022,100,99977,100,100023,100,99974,100,100024,200,99971,100,100027,100,99965,100,100043,100,99964,100,100055,100,99961,100,100071,200,99955,100,100088,100,99952,100
2019-06-28 09:34:40.000000000,100004,590,99996,590,100022,100,99985,100,100023,100,99977,100,100024,200,99974,100,100027,100,99971,100,100043,100,99965,100,100055,100,99964,100,100071,200,99961,100,100088,100,99955,100,100093,100,99952,100
2019-06-28 09:34:40.392226157,100004,490,99996,590,100022,100,99985,100,100023,100,99977,100,100024,200,99974,100,100027,100,99971,100,100043,100,99965,100,100055,100,99964,100,100071,200,99961,100,100088,100,99955,100,100093,100,99952,100
2019-06-28 09:34:46.350304649,100004,390,99996,590,100022,100,99985,100,100023,100,99977,100,100024,200,99974,100,100027,100,99971,100,100043,100,99965,100,100055,100,99964,100,100071,200,99961,100,100088,100,99955,100,100093,100,99952,100
2019-06-28 09:34:50.000000000,100022,198,99996,198,100023,198,99985,198,100024,298,99977,198,100027,198,99974,198,100043,198,99971,198,100055,100,99965,100,100071,200,99964,100,100088,100,99961,100,100093,100,99955,100,100101,100,99952,100
2019-06-28 09:34:51.171201314,100022,98,99996,198,100023,198,99985,198,100024,298,99977,198,100027,198,99974,198,100043,198,99971,198,100055,100,99965,100,100071,200,99964,100,100088,100,99961,100,100093,100,99955,100,100101,100,99951,100
2019-06-28 09:35:00.000000000,100023,345,99996,345,100024,445,99985,345,100027,100,99977,100,100043,100,99974,100,100055,100,99971,100,100071,200,99965,100,100088,100,99964,100,100093,100,99961,100,100101,100,99955,100,100108,100,99951,100
2019-06-28 09:35:10.000000000,100023,590,99996,590,100024,200,99985,100,100027,100,99977,100,100043,100,99974,100,100055,100,99971,100,100071,200,99965,100,100088,100,99964,100,100093,100,99961,100,100101,100,99955,100,100108,100,99951,100
2019-06-28 09:35:20.000000000,100023,222,99996,222,100024,322,99985,222,100027,222,99977,222,100043,222,99974,222,100055,100,99971,100,100071,200,99965,100,100088,100,99964,100,100093,100,99961,100,100101,100,99955,100,100108,100,99951,100
2019-06-28 09:35:30.000000000,100023,345,99996,345,100024,445,99985,345,100027,100,99977,100,100043,100,99974,100,100055,100,99971,100,100071,200,99965,100,100088,100,99964,100,100093,100,99961,100,100101,100,99955,100,100108,100,99951,100
2019-06-28 09:35:40.000000000,100023,590,99996,590,100024,200,99985,100,100027,100,99977,100,100043,100,99974,100,100055,100,99971,100,100071,200,99965,100,100088,100,99964,100,100093,100,99961,100,100101,100,99955,100,100108,100,99951,100
2019-06-28 09:35:46.107561530,100023,490,99996,590,100024,200,99985,100,100027,100,99977,100,100043,100,99974,100,100055,100,99971,100,100071,100,99965,100,100088,100,99964,100,100093,100,99961,100,100101,100,99955,100,100108,100,99951,100
2019-06-28 09:35:50.000000000,100024,690,99996,590,100027,100,99985,100,100043,100,99977,100,100055,100,99974,100,100071,100,99971,100,100088,100,99965,100,100093,100,99964,100,100101,100,99961,100,100108,100,99955,100,100122,100,99951,100
2019-06-28 09:35:51.542860229,100024,690,99996,590,100027,100,99985,100,100043,100,99977,100,100055,100,99974,100,100071,100,99971,100,100088,100,99965,100,100093,100,99964,100,100101,100,99961,100,100122,100,99955,100,100157,100,99951,100
2019-06-28 09:36:00.000000000,100024,445,99996,345,100027,345,99985,345,100043,100,99977,100,100055,100,99974,100,100071,100,99971,100,100088,100,99965,100,100093,100,99964,100,100101,100,99961,100,100122,100,99955,100,100157,100,99951,100
2019-06-28 09:36:01.637086867,100024,445,99996,345,100027,345,99985,345,100043,100,99977,100,100055,100,99974,100,100071,100,99971,100,100088,100,99965,100,100093,100,99964,100,100101,100,99961,100,100122,100,99955,100,100157,100,99951,100
2019-06-28 09:36:10.000000000,100024,690,99996,590,100027,100,99985,100,100043,100,99977,100,100055,100,99974,100,100071,100,99971,100,100088,100,99965,100,100093,100,99964,100,100101,100,99961,100,100122,100,99955,100,100157,100,99951,100
2019-06-28 09:36:19.238664880,100024,690,99996,490,100027,100,99985,100,100043,100,99977,100,100055,100,99974,100,100071,100,99971,100,100088,100,99965,100,100093,100,99964,100,100101,100,99961,100,100122,100,99955,100,100157,100,99951,100
2019-06-28 09:36:19.634926636,100024,690,99996,390,100027,100,99985,100,100043,100,99977,100,100055,100,99974,100,100071,100,99971,100,100088,100,99965,100,100093,100,99964,100,100101,100,99961,100,100122,100,99955,100,100157,100,99951,100
2019-06-28 09:36:20.000000000,100024,445,99985,345,100027,345,99977,345,100043,100,99974,100,100055,100,99971,100,100071,100,99965,100,100088,100,99964,100,100093,100,99961,100,100101,100,99955,100,100122,100,99951,100,100157,100,99940,100
2019-06-28 09:36:30.000000000,100024,445,99985,345,100027,345,99977,345,100043,100,99974,100,100055,100,99971,100,100071,100,99965,100,100088,100,99964,100,100093,100,99961,100,100101,100,99955,100,100122,100,99951,100,100157,100,99940,100
2019-06-28 09:36:36.671896451,100024,445,99985,345,100027,345,99977,345,100043,100,99974,100,100055,100,99971,100,100071,100,99965,100,100088,100,99964,100,100093,100,99961,100,100101,100,99955,100,100122,100,99951,100,100157,100,99940,100
2019-06-28 09:36:40.000000000,100024,298,99985,198,100027,198,99977,198,100043,198,99974,198,100055,198,99971,198,100071,198,99965,198,100088,100,99964,100,100093,100,99961,100,100101,100,99955,100,100122,100,99951,100,100157,100,99940,100
2019-06-28 09:36:40.835311729,100024,298,99985,198,100027,198,99977,198,100043,198,99974,198,100055,198,99971,198,100071,198,99965,198,100088,100,99964,100,100093,100,99961,100,100101,100,99955,100,100122,100,99951,100,100157,100,99933,100
2019-06-28 09:36:41.694650995,100024,298,99985,98,100027,198,99977,198,100043,198,99974,198,100055,198,99971,198,100071,198,99965,198,100088,100,99964,100,100093,100,99961,100,100101,100,99955,100,100122,100,99933,100,100157,100,99931,100
2019-06-28 09:36:42.253739753,100024,298,99985,98,100027,198,99977,198,100043,198,99974,198,100055,198,99971,198,100071,198,99965,198,100088,100,99964,100,100093,100,99961,100,100101,100,99955,100,100157,100,99933,100,100301,100,99931,100
2019-06-28 09:36:50.000000000,100024,690,99977,590,100027,100,99974,100,100043,100,99971,100,100055,100,99965,100,100071,100,99964,100,100088,100,99961,100,100093,100,99955,100,100101,100,99933,100,100157,100,99931,100,100301,100,99928,100
2019-06-28 09:37:00.000000000,100024,445,99977,345,100027,345,99974,345,100043,100,99971,100,100055,100,99965,100,100071,100,99964,100,100088,100,99961,100,100093,100,99955,100,100101,100,99933,100,100157,100,99931,100,100301,100,99928,100
2019-06-28 09:37:10.000000000,100024,298,99977,198,100027,198,99974,198,100043,198,99971,198,100055,198,99965,198,100071,198,99964,198,100088,100,99961,100,100093,100,99955,100,100101,100,99933,100,100157,100,99931,100,100301,100,99928,100
2019-06-28 09:37:16.696333159,100024,298,99977,98,100027,198,99974,198,100043,198,99971,198,100055,198,99965,198,100071,198,99964,198,100088,100,99961,100,100093,100,99955,100,100101,100,99933,100,100157,100,99931,100,100301,100,99928,100
2019-06-28 09:37:20.000000000,100024,690,99974,590,100027,100,99971,100,100043,100,99965,100,100055,100,99964,100,100071,100,99961,100,100088,100,99955,100,100093,100,99933,100,100101,100,99931,100,100157,100,99928,100,100301,100,99925,100
2019-06-28 09:37:30.000000000,100024,690,99974,590,100027,100,99971,100,100043,100,99965,100,100055,100,99964,100,100071,100,99961,100,100088,100,99955,100,100093,100,99933,100,100101,100,99931,100,100157,100,99928,100,100301,100,99925,100
2019-06-28 09:37:40.000000000,100024,367,99974,267,100027,262,99971,262,100043,262,99965,262,100055,100,99964,100,100071,100,99961,100,100088,100,99955,100,100093,100,99933,100,100101,100,99931,100,100157,100,99928,100,100301,100,99925,100
2019-06-28 09:37:49.060921570,100024,367,99974,167,100027,262,99971,262,100043,262,99965,262,100055,100,99964,100,100071,100,99961,100,100088,100,99955,100,100093,100,99933,100,100101,100,99931,100,100157,100,99928,100,100301,100,99925,100
2019-06-28 09:37:50.000000000,100024,298,99971,198,100027,198,99965,198,100043,198,99964,198,100055,198,99961,198,100071,198,99955,198,100088,100,99933,100,100093,100,99931,100,100101,100,99928,100,100157,100,99925,100,100301,100,99922,100
2019-06-28 09:38:00.000000000,100024,367,99971,267,100027,262,99965,262,100043,262,99964,262,100055,100,99961,100,100071,100,99955,100,100088,100,99933,100,100093,100,99931,100,100101,100,99928,100,100157,100,99925,100,100301,100,99922,100
2019-06-28 09:38:10.000000000,100024,322,99971,222,100027,222,99965,222,100043,222,99964,222,100055,222,99961,222,100071,100,99955,100,100088,100,99933,100,100093,100,99931,100,100101,100,99928,100,100157,100,99925,100,100301,100,99922,100
2019-06-28 09:38:20.000000000,100024,445,99971,345,100027,345,99965,345,100043,100,99964,100,100055,100,99961,100,100071,100,99955,100,100088,100,99933,100,100093,100,99931,100,100101,100,99928,100,100157,100,99925,100,100301,100,99922,100
2019-06-28 09:38:28.606559969,100024,445,99971,345,100027,345,99965,345,100043,100,99964,100,100055,100,99961,100,100071,100,99955,100,100088,100,99933,100,100093,100,99931,100,100101,100,99928,100,100157,100,99925,100,100301,100,99900,100
2019-06-28 09:38:30.000000000,100024,445,99971,345,100027,345,99965,345,100043,100,99964,100,100055,100,99961,100,100071,100,99955,100,100088,100,99933,100,100093,100,99931,100,100101,100,99928,100,100157,100,99925,100,100301,100,99900,100
2019-06-28 09:38:32.511879176,100024,445,99971,345,100027,345,99965,345,100043,100,99964,100,100055,100,99955,100,100071,100,99933,100,100088,100,99931,100,100093,100,99928,100,100101,100,99925,100,100157,100,99900,100,100301,100,99893,100
2019-06-28 09:38:36.050107568,100024,445,99978,100,100027,345,99971,345,100043,100,99965,345,100055,100,99964,100,100071,100,99955,100,100088,100,99933,100,100093,100,99931,100,100101,100,99928,100,100157,100,99925,100,100301,100,99900,100
2019-06-28 09:38:40.000000000,100024,367,99978,267,100027,262,99971,262,100043,262,99965,262,100055,100,99964,100,100071,100,99955,100,100088,100,99933,100,100093,100,99931,100,100101,100,99928,100,100157,100,99925,100,100301,100,99900,100
2019-06-28 09:38:42.237874724,100024,367,99978,267,100027,262,99971,262,100043,262,99965,262,100055,100,99964,100,100071,100,99955,100,100088,100,99933,100,100093,100,99931,100,100101,100,99928,100,100157,100,99925,100,100301,100,99912,100
2019-06-28 09:38:47.419494531,100024,367,99978,267,100027,262,99971,262,100043,262,99965,262,100055,100,99964,100,100071,100,99955,100,100088,100,99933,100,100093,100,99931,100,100101,100,99928,100,100157,100,99925,100,100301,100,99912,100
2019-06-28 09:38:50.000000000,100024,298,99978,198,100027,198,99971,198,100043,198,99965,198,100055,198,99964,198,100071,198,99955,198,100088,100,99933,100,100093,100,99931,100,100101,100,99928,100,100157,100,99925,100,100301,100,99912,100
2019-06-28 09:38:56.494409318,100024,298,99978,198,100027,198,99971,198,100043,198,99965,198,100055,198,99964,198,100071,198,99955,198,100088,100,99933,100,100093,100,99931,100,100101,100,99928,100,100157,100,99925,100,100182,100,99912,100
2019-06-28 09:38:57.716273227,100024,298,99978,298,100027,198,99971,198,100043,198,99965,198,100055,198,99964,198,100071,198,99955,198,100088,100,99933,100,100093,100,99931,100,100101,100,99928,100,100157,100,99925,100,100182,100,99912,100
2019-06-28 09:39:00.000000000,100024,690,99978,690,100027,100,99971,100,100043,100,99965,100,100055,100,99964,100,100071,100,99955,100,100088,100,99933,100,100093,100,99931,100,100101,100,99928,100,100157,100,99925,100,100182,100,99912,100
2019-06-28 09:39:10.000000000,100024,445,99978,445,100027,345,99971,345,100043,100,99965,100,100055,100,99964,100,100071,100,99955,100,100088,100,99933,100,100093,100,99931,100,100101,100,99928,100,100157,100,99925,100,100182,100,99912,100
2019-06-28 09:39:18.779659589,100024,445,99978,445,100027,345,99971,345,100043,100,99965,100,100055,100,99964,100,100071,100,99955,100,100088,100,99933,100,100093,100,99931,100,100101,100,99928,100,100157,100,99925,100,100182,100,99912,100
2019-06-28 09:39:20.000000000,100024,445,99978,445,100027,345,99971,345,100043,100,99965,100,100055,100,99964,100,100071,100,99955,100,100088,100,99933,100,100093,100,99931,100,100101,100,99928,100,100157,100,99925,100,100182,100,99912,100
2019-06-28 09:39:25.791183523,100024,445,99978,345,100027,345,99971,345,100043,100,99965,100,100055,100,99964,100,100071,100,99955,100,100088,100,99933,100,100093,100,99931,100,100101,100,99928,100,100157,100,99925,100,100182,100,99912,100
2019-06-28 09:39:30.000000000,100024,298,99978,198,100027,198,99971,198,100043,198,99965,198,100055,198,99964,198,100071,198,99955,198,100088,100,99933,100,100093,100,99931,100,100101,100,99928,100,100157,100,99925,100,100182,100,99912,100
2019-06-28 09:39:40.000000000,100024,298,99978,198,100027,198,99971,198,100043,198,99965,198,100055,198,99964,198,100071,198,99955,198,100088,100,99933,100,100093,100,99931,100,100101,100,99928,100,100157,100,99925,100,100182,100,99912,100
2019-06-28 09:39:50.000000000,100024,690,99978,590,100027,100,99971,100,100043,100,99965,100,100055,100,99964,100,100071,100,99955,100,100088,100,99933,100,100093,100,99931,100,100101,100,99928,100,100157,100,99925,100,100182,100,99912,100
2019-06-28 09:40:00.000000000,100024,690,99978,590,100027,100,99971,100,100043,100,99965,100,100055,100,99964,100,100071,100,99955,100,100088,100,99933,100,100093,100,99931,100,100101,100,99928,100,100157,100,99925,100,100182,100,99912,100
2019-06-28 09:40:10.000000000,100024,322,99978,222,100027,222,99971,222,100043,222,99965,222,100055,222,99964,222,100071,100,99955,100,100088,100,99933,100,100093,100,99931,100,100101,100,99928,100,100157,100,99925,100,100182,100,99912,100
2019-06-28 09:40:11.835885126,100024,322,99978,222,100027,222,99971,222,100043,222,99965,222,100055,222,99964,222,100071,100,99955,100,100088,100,99933,100,100093,100,99931,100,100101,100,99928,100,100157,100,99925,100,100182,100,99912,100
2019-06-28 09:40:20.000000000,100024,367,99978,267,100027,262,99971,262,100043,262,99965,262,100055,100,99964,100,100071,100,99955,100,100088,100,99933,100,100093,100,99931,100,100101,100,99928,100,100157,100,99925,100,100182,100,99912,100
2019-06-28 09:40:30.000000000,100024,367,99978,267,100027,262,99971,262,100043,262,99965,262,100055,100,99964,100,100071,100,99955,100,100088,100,99933,100,100093,100,99931,100,100101,100,99928,100,100157,100,99925,100,100182,100,99912,100
2019-06-28 09:40:39.086957646,100024,367,99978,167,100027,262,99971,262,100043,262,99965,262,100055,100,99964,100,100071,100,99955,100,100088,100,99933,100,100093,100,99931,100,100101,100,99928,100,100157,100,99925,100,100182,100,99912,100
2019-06-28 09:40:40.000000000,100024,298,99971,198,100027,198,99965,198,100043,198,99964,198,100055,198,99955,198,100071,198,99933,198,100088,100,99931,100,100093,100,99928,100,100101,100,99925,100,100157,100,99912,100,100182,100,99900,100
2019-06-28 09:40:50.000000000,100024,367,99971,267,100027,262,99965,262,100043,262,99964,262,100055,100,99955,100,100071,100,99933,100,100088,100,99931,100,100093,100,99928,100,100101,100,99925,100,100157,100,99912,100,100182,100,99900,100
2019-06-28 09:40:57.871263364,100024,367,99971,167,100027,262,99965,262,100043,262,99964,262,100055,100,99955,100,100071,100,99933,100,100088,100,99931,100,100093,100,99928,100,100101,100,99925,100,100157,100,99912,100,100182,100,99900,100
2019-06-28 09:41:00.000000000,100024,690,99965,590,100027,100,99964,100,100043,100,99955,100,100055,100,99933,100,100071,100,99931,100,100088,100,99928,100,100093,100,99925,100,100101,100,99912,100,100157,100,99900,100,100182,100,99893,100
2019-06-28 09:41:10.000000000,100024,690,99965,590,100027,100,99964,100,100043,100,99955,100,100055,100,99933,100,100071,100,99931,100,100088,100,99928,100,100093,100,99925,100,100101,100,99912,100,100157,100,99900,100,100182,100,99893,100
2019-06-28 09:41:20.000000000,100024,322,99965,222,100027,222,99964,222,100043,222,99955,222,100055,222,99933,222,100071,100,99931,100,100088,100,99928,100,100093,100,99925,100,100101,100,99912,100,100157,100,99900,100,100182,100,99893,100
2019-06-28 09:41:30.000000000,100024,690,99965,590,100027,100,99964,100,100043,100,99955,100,100055,100,99933,100,100071,100,99931,100,100088,100,99928,100,100093,100,99925,100,100101,100,99912,100,100157,100,99900,100,100182,100,99893,100
2019-06-28 09:41:40.000000000,100024,367,99965,267,100027,262,99964,262,100043,262,99955,262,100055,100,99933,100,100071,100,99931,100,100088,100,99928,100,100093,100,99925,100,100101,100,99912,100,100157,100,99900,100,100182,100,99893,100
2019-06-28 09:41:43.805507653,100024,367,99965,167,100027,262,99964,262,100043,262,99955,262,100055,100,99933,100,100071,100,99931,100,100088,100,99928,100,100093,100,99925,100,100101,100,99912,100,100157,100,99900,100,100182,100,99893,100
2019-06-28 09:41:50.000000000,100024,690,99964,590,100027,100,99955,100,100043,100,99933,100,100055,100,99931,100,100071,100,99928,100,100088,100,99925,100,100093,100,99912,100,100101,100,99900,100,100157,100,99893,100,100182,100,99881,100
2019-06-28 09:41:54.400490820,100024,690,99964,590,100027,100,99955,100,100043,100,99933,100,100055,100,99931,100,100071,100,99928,100,100088,100,99925,100,100093,100,99912,100,100101,100,99900,100,100157,100,99893,100,100182,100,99881,100
2019-06-28 09:42:00.000000000,100024,367,99964,267,100027,262,99955,262,100043,262,99933,262,100055,100,99931,100,100071,100,99928,100,100088,100,99925,100,100093,100,99912,100,100101,100,99900,100,100157,100,99893,100,100182,100,99881,100
2019-06-28 09:42:08.508568586,100024,367,99964,267,100027,262,99955,262,100043,262,99933,262,100055,100,99931,100,100071,100,99928,100,100088,100,99925,100,100093,100,99912,100,100101,100,99900,100,100157,100,99893,100,100182,100,99881,100
2019-06-28 09:42:10.000000000,100024,367,99964,267,100027,262,99955,262,100043,262,99933,262,100055,100,99931,100,100071,100,99928,100,100088,100,99925,100,100093,100,99912,100,100101,100,99900,100,100157,100,99893,100,100182,100,99881,100
2019-06-28 09:42:15.843862564,100024,367,99964,267,100027,262,99955,262,100043,262,99933,262,100071,100,99931,100,100088,100,99928,100,100093,100,99925,100,100101,100,99912,100,100157,100,99900,100,100182,100,99893,100,100301,100,99881,100
2019-06-28 09:42:20.000000000,100024,690,99964,590,100027,100,99955,100,100043,100,99933,100,100071,100,99931,100,100088,100,99928,100,100093,100,99925,100,100101,100,99912,100,100157,100,99900,100,100182,100,99893,100,100301,100,99881,100
2019-06-28 09:42:30.000000000,100024,367,99964,267,100027,262,99955,262,100043,262,99933,262,100071,100,99931,100,100088,100,99928,100,100093,100,99925,100,100101,100,99912,100,100157,100,99900,100,100182,100,99893,100,100301,100,99881,100
2019-06-28 09:42:40.000000000,100024,367,99964,267,100027,262,99955,262,100043,262,99933,262,100071,100,99931,100,100088,100,99928,100,100093,100,99925,100,100101,100,99912,100,100157,100,99900,100,100182,100,99893,100,100301,100,99881,100
2019-06-28 09:42:43.271598203,100024,367,99964,167,100027,262,99955,262,100043,262,99933,262,100071,100,99931,100,100088,100,99928,100,100093,100,99925,100,100101,100,99912,100,100157,100,99900,100,100182,100,99893,100,100301,100,99881,100
2019-06-28 09:42:44.515232670,99965,100,99964,167,100024,367,99955,262,100027,262,99933,262,100043,262,99931,100,100071,100,99928,100,100088,100,99925,100,100093,100,99912,100,100101,100,99900,100,100157,100,99893,100,100182,100,99881,100
2019-06-28 09:42:50.000000000,99965,198,99955,198,100024,298,99933,198,100027,198,99931,198,100043,198,99928,198,100071,198,99925,198,100088,100,99912,100,100093,100,99900,100,100101,100,99893,100,100157,100,99881,100,100182,100,99867,100
2019-06-28 09:42:58.499486394,99965,198,99955,198,100024,298,99933,198,100027,198,99931,198,100043,198,99928,198,100071,198,99925,198,100088,100,99912,100,100093,100,99900,100,100101,100,99893,100,100157,100,99881,100,100182,100,99867,100
2019-06-28 09:43:00.000000000,99965,267,99955,267,100024,362,99933,262,100027,262,99931,262,100043,100,99928,100,100071,100,99925,100,100088,100,99912,100,100093,100,99900,100,100101,100,99893,100,100157,100,99881,100,100182,100,99867,100
2019-06-28 09:43:10.000000000,99965,222,99955,222,100024,322,99933,222,100027,222,99931,222,100043,222,99928,222,100071,100,99925,100,100088,100,99912,100,100093,100,99900,100,100101,100,99893,100,100157,100,99881,100,100182,100,99867,100
2019-06-28 09:43:16.466561919,99965,222,99955,122,100024,322,99933,222,100027,222,99931,222,100043,222,99928,222,100071,100,99925,100,100088,100,99912,100,100093,100,99900,100,100101,100,99893,100,100157,100,99881,100,100182,100,99867,100
2019-06-28 09:43:20.000000000,99965,222,99933,222,100024,322,99931,222,100027,222,99928,222,100043,222,99925,222,100071,100,99912,100,100088,100,99900,100,100093,100,99893,100,100101,100,99881,100,100157,100,99867,100,100182,100,99863,100
2019-06-28 09:43:30.000000000,99965,222,99933,222,100024,322,99931,222,100027,222,99928,222,100043,222,99925,222,100071,100,99912,100,100088,100,99900,100,100093,100,99893,100,100101,100,99881,100,100157,100,99867,100,100182,100,99863,100
2019-06-28 09:43:31.196502230,99965,222,99933,122,100024,322,99931,222,100027,222,99928,222,100043,222,99925,222,100071,100,99912,100,100088,100,99900,100,100093,100,99881,100,100101,100,99867,100,100157,100,99863,100,100182,100,99862,100
2019-06-28 09:43:40.000000000,99965,222,99931,222,100024,322,99928,222,100027,222,99925,222,100043,222,99912,222,100071,100,99900,100,100088,100,99881,100,100093,100,99867,100,100101,100,99863,100,100157,100,99862,100,100182,100,99843,100
2019-06-28 09:43:44.388129031,99965,222,99931,122,100024,322,99928,222,100027,222,99925,222,100043,222,99912,222,100071,100,99900,100,100088,100,99881,100,100093,100,99867,100,100101,100,99863,100,100157,100,99862,100,100182,100,99843,100
2019-06-28 09:43:50.000000000,99965,590,99928,590,100024,200,99925,100,100027,100,99912,100,100043,100,99900,100,100071,100,99881,100,100088,100,99867,100,100093,100,99863,100,100101,100,99862,100,100157,100,99843,100,100182,100,99778,100
2019-06-28 09:44:00.000000000,99965,590,99928,590,100024,200,99925,100,100027,100,99912,100,100043,100,99900,100,100071,100,99881,100,100088,100,99867,100,100093,100,99863,100,100101,100,99862,100,100157,100,99843,100,100182,100,99778,100
2019-06-28 09:44:10.000000000,99965,590,99928,590,100024,200,99925,100,100027,100,99912,100,100043,100,99900,100,100071,100,99881,100,100088,100,99867,100,100093,100,99863,100,100101,100,99862,100,100157,100,99843,100,100182,100,99778,100
2019-06-28 09:44:19.097393605,99965,590,99928,590,100024,200,99925,100,100027,100,99912,100,100043,100,99881,100,100071,100,99867,100,100088,100,99863,100,100093,100,99862,100,100101,100,99843,100,100157,100,99778,100,100182,100,99687,100
2019-06-28 09:44:20.000000000,99965,345,99928,345,100024,445,99925,345,100027,100,99912,100,100043,100,99881,100,100071,100,99867,100,100088,100,99863,100,100093,100,99862,100,100101,100,99843,100,100157,100,99778,100,100182,100,99687,100
2019-06-28 09:44:30.000000000,99965,267,99928,267,100024,362,99925,262,100027,262,99912,262,100043,100,99881,100,100071,100,99867,100,100088,100,99863,100,100093,100,99862,100,100101,100,99843,100,100157,100,99778,100,100182,100,99687,100
2019-06-28 09:44:39.867183050,99965,267,99928,167,100024,362,99925,262,100027,262,99912,262,100043,100,99881,100,100071,100,99867,100,100088,100,99863,100,100093,100,99862,100,100101,100,99843,100,100157,100,99778,100,100182,100,99687,100
2019-06-28 09:44:40.000000000,99965,267,99925,267,100024,362,99912,262,100027,262,99881,262,100043,100,99867,100,100071,100,99863,100,100088,100,99862,100,100093,100,99843,100,100101,100,99778,100,100157,100,99687,100,100182,100,99510,100
2019-06-28 09:44:45.183008356,99965,267,99925,267,100024,362,99912,262,100027,262,99881,262,100043,100,99867,100,100071,100,99863,100,100088,100,99862,100,100093,100,99843,100,100101,100,99778,100,100157,100,99687,100,100182,100,99510,100
2019-06-28 09:44:45.415888809,99965,267,99925,167,100024,362,99912,262,100027,262,99881,262,100043,100,99867,100,100071,100,99863,100,100088,100,99862,100,100093,100,99843,100,100101,100,99778,100,100157,100,99687,100,100182,100,99510,100
2019-06-28 09:44:50.000000000,99965,198,99912,198,100024,298,99881,198,100027,198,99867,198,100043,198,99863,198,100071,198,99862,198,100088,100,99843,100,100093,100,99778,100,100101,100,99687,100,100157,100,99510,100,100182,100,99439,100
2019-06-28 09:44:52.590020965,99965,198,99912,98,100024,298,99881,198,100027,198,99867,198,100043,198,99863,198,100071,198,99862,98,100088,100,99843,100,100093,100,99778,100,100101,100,99687,100,100157,100,99510,100,100182,100,99439,100
2019-06-28 09:45:00.000000000,99965,345,99881,345,100024,445,99867,345,100027,100,99863,100,100043,100,99843,100,100071,100,99778,100,100088,100,99687,100,100093,100,99510,100,100101,100,99439,100,100157,100,99367,100,100182,100,99277,100
2019-06-28 09:45:10.000000000,99965,590,99881,590,100024,200,99867,100,100027,100,99863,100,100043,100,99843,100,100071,100,99778,100,100088,100,99687,100,100093,100,99510,100,100101,100,99439,100,100157,100,99367,100,100182,100,99277,100
2019-06-28 09:45:13.550297037,99925,100,99881,590,99965,590,99867,100,100024,200,99863,100,100027,100,99843,100,100043,100,99778,100,100071,100,99687,100,100088,100,99510,100,100093,100,99439,100,100101,100,99367,100,100157,100,99277,100
2019-06-28 09:45:20.000000000,99925,222,99881,222,99965,222,99867,222,100024,322,99863,222,100027,222,99843,222,100043,100,99778,100,100071,100,99687,100,100088,100,99510,100,100093,100,99439,100,100101,100,99367,100,100157,100,99277,100
2019-06-28 09:45:22.600473890,99925,322,99881,222,99965,222,99867,222,100024,322,99863,222,100027,222,99843,222,100043,100,99778,100,100071,100,99687,100,100088,100,99510,100,100093,100,99439,100,100101,100,99367,100,100157,100,99277,100
2019-06-28 09:45:30.000000000,99925,367,99881,267,99965,262,99867,262,100024,362,99863,262,100027,100,99843,100,100043,100,99778,100,100071,100,99687,100,100088,100,99510,100,100093,100,99439,100,100101,100,99367,100,100157,100,99277,100
2019-06-28 09:45:40.000000000,99925,690,99881,590,99965,100,99867,100,100024,200,99863,100,100027,100,99843,100,100043,100,99778,100,100071,100,99687,100,100088,100,99510,100,100093,100,99439,100,100101,100,99367,100,100157,100,99277,100
2019-06-28 09:45:50.000000000,99925,690,99881,590,99965,100,99867,100,100024,200,99863,100,100027,100,99843,100,100043,100,99778,100,100071,100,99687,100,100088,100,99510,100,100093,100,99439,100,100101,100,99367,100,100157,100,99277,100
2019-06-28 09:45:54.452004807,99925,690,99881,590,99965,100,99867,100,100024,200,99863,100,100027,100,99843,100,100043,100,99778,100,100071,100,99687,100,100088,100,99510,100,100093,100,99439,100,100101,100,99367,100,100157,100,99277,100
2019-06-28 09:45:56.471877894,99925,690,99881,590,99965,100,99867,100,100024,200,99863,100,100027,100,99843,100,100043,100,99778,100,100071,100,99687,100,100088,100,99510,100,100093,100,99439,100,100101,100,99367,100,100157,100,99277,100
2019-06-28 09:46:00.000000000,99925,445,99881,345,99965,345,99867,345,100024,200,99863,100,100027,100,99843,100,100043,100,99778,100,100071,100,99687,100,100088,100,99510,100,100093,100,99439,100,100101,100,99367,100,100157,100,99277,100
2019-06-28 09:46:10.000000000,99925,298,99881,198,99965,198,99867,198,100024,298,99863,198,100027,198,99843,198,100043,198,99778,198,100071,100,99687,100,100088,100,99510,100,100093,100,99439,100,100101,100,99367,100,100157,100,99277,100
2019-06-28 09:46:15.118224791,99925,298,99881,98,99965,198,99867,198,100024,298,99863,198,100027,198,99843,198,100043,198,99778,198,100071,100,99687,100,100088,100,99510,100,100093,100,99439,100,100101,100,99367,100,100157,100,99277,100
2019-06-28 09:46:20.000000000,99925,690,99867,590,99965,100,99863,100,100024,200,99843,100,100027,100,99778,100,100043,100,99687,100,100071,100,99510,100,100088,100,99439,100,100093,100,99367,100,100101,100,99277,100,100157,100,99220,100
2019-06-28 09:46:30.000000000,99925,367,99867,267,99965,262,99863,262,100024,362,99843,262,100027,100,99778,100,100043,100,99687,100,100071,100,99510,100,100088,100,99439,100,100093,100,99367,100,100101,100,99277,100,100157,100,99220,100
2019-06-28 09:46:35.320141073,99925,367,99867,167,99965,262,99863,262,100024,362,99843,262,100027,100,99778,100,100043,100,99687,100,100071,100,99510,100,100088,100,99439,100,100093,100,99367,100,100101,100,99277,100,100157,100,99220,100
2019-06-28 09:46:40.000000000,99925,690,99863,590,99965,100,99843,100,100024,200,99778,100,100027,100,99687,100,100043,100,99510,100,100071,100,99439,100,100088,100,99367,100,100093,100,99277,100,100101,100,99220,100,100157,100,99072,100
2019-06-28 09:46:45.505687818,99925,690,99863,590,99965,100,99843,100,100024,200,99687,100,100027,100,99510,100,100043,100,99439,100,100071,100,99367,100,100088,100,99277,100,100093,100,99220,100,100101,100,99072,100,100157,100,98954,100
2019-06-28 09:46:50.000000000,99925,690,99863,590,99965,100,99843,100,100024,200,99687,100,100027,100,99510,100,100043,100,99439,100,100071,100,99367,100,100088,100,99277,100,100093,100,99220,100,100101,100,99072,100,100157,100,98954,100
2019-06-28 09:46:52.855748901,99925,690,99863,490,99965,100,99843,100,100024,200,99687,100,100027,100,99510,100,100043,100,99439,100,100071,100,99367,100,100088,100,99277,100,100093,100,99220,100,100101,100,99072,100,100157,100,98954,100
2019-06-28 09:47:00.000000000,99925,298,99843,198,99965,198,99687,198,100024,298,99510,198,100027,198,99439,198,100043,198,99367,198,100071,100,99277,100,100088,100,99220,100,100093,100,99072,100,100101,100,98954,100,100157,100,98856,100
2019-06-28 09:47:06.206634266,99867,100,99843,198,99925,298,99687,198,99965,198,99510,198,100024,298,99439,198,100027,198,99367,198,100043,198,99277,100,100071,100,99220,100,100088,100,99072,100,100093,100,98954,100,100101,100,98856,100
2019-06-28 09:47:10.000000000,99867,267,99843,267,99925,362,99687,262,99965,262,99510,262,100024,200,99439,100,100027,100,99367,100,100043,100,99277,100,100071,100,99220,100,100088,100,99072,100,100093,100,98954,100,100101,100,98856,100
2019-06-28 09:47:14.450489946,99867,267,99843,267,99925,362,99687,262,99965,262,99510,262,100024,200,99439,100,100027,100,99367,100,100043,100,99277,100,100071,100,99220,100,100088,100,99072,100,100093,100,98954,100,100101,100,98888,100
2019-06-28 09:47:20.000000000,99867,222,99843,222,99925,322,99687,222,99965,222,99510,222,100024,322,99439,222,100027,100,99367,100,100043,100,99277,100,100071,100,99220,100,100088,100,99072,100,100093,100,98954,100,100101,100,98888,100
2019-06-28 09:47:30.000000000,99867,345,99843,345,99925,445,99687,345,99965,100,99510,100,100024,200,99439,100,100027,100,99367,100,100043,100,99277,100,100071,100,99220,100,100088,100,99072,100,100093,100,98954,100,100101,100,98888,100
2019-06-28 09:47:34.923733293,99867,345,99843,345,99925,445,99687,345,99965,100,99510,100,100024,200,99439,100,100027,100,99367,100,100043,100,99277,100,100071,100,99220,100,100088,100,99072,100,100093,100,98954,100,100101,100,98888,100
2019-06-28 09:47:38.329175901,99867,245,99843,345,99925,445,99687,345,99965,100,99510,100,100024,200,99439,100,100027,100,99367,100,100043,100,99277,100,100071,100,99220,100,100088,100,99072,100,100093,100,98954,100,100101,100,98888,100
2019-06-28 09:47:40.000000000,99925,690,99843,590,99965,100,99687,100,100024,200,99510,100,100027,100,99439,100,100043,100,99367,100,100071,100,99277,100,100088,100,99220,100,100093,100,99072,100,100101,100,98954,100,100182,100,98888,100
2019-06-28 09:47:49.800778851,99925,690,99843,590,99965,100,99687,100,100024,200,99510,100,100027,100,99439,100,100043,100,99367,100,100071,100,99277,100,100088,100,99220,100,100093,100,99072,100,100101,100,98954,100,100182,100,98888,100
2019-06-28 09:47:50.000000000,99925,367,99843,267,99965,262,99687,262,100024,362,99510,262,100027,100,99439,100,100043,100,99367,100,100071,100,99277,100,100088,100,99220,100,100093,100,99072,100,100101,100,98954,100,100182,100,98888,100
2019-06-28 09:48:00.000000000,99925,322,99843,222,99965,222,99687,222,100024,322,99510,222,100027,222,99439,222,100043,100,99367,100,100071,100,99277,100,100088,100,99220,100,100093,100,99072,100,100101,100,98954,100,100182,100,98888,100
2019-06-28 09:48:10.000000000,99925,367,99843,267,99965,262,99687,262,100024,362,99510,262,100027,100,99439,100,100043,100,99367,100,100071,100,99277,100,100088,100,99220,100,100093,100,99072,100,100101,100,98954,100,100182,100,98888,100
2019-06-28 09:48:20.000000000,99925,367,99843,267,99965,262,99687,262,100024,362,99510,262,100027,100,99439,100,100043,100,99367,100,100071,100,99277,100,100088,100,99220,100,100093,100,99072,100,100101,100,98954,100,100182,100,98888,100
2019-06-28 09:48:30.000000000,99925,690,99843,590,99965,100,99687,100,100024,200,99510,100,100027,100,99439,100,100043,100,99367,100,100071,100,99277,100,100088,100,99220,100,100093,100,99072,100,100101,100,98954,100,100182,100,98888,100
2019-06-28 09:48:39.418678629,99925,690,99843,590,99965,100,99687,100,100024,200,99510,100,100027,100,99439,100,100043,100,99367,100,100071,100,99277,100,100088,100,99220,100,100093,100,99180,100,100101,100,99072,100,100182,100,98954,100
2019-06-28 09:48:40.000000000,99925,298,99843,198,99965,198,99687,198,100024,298,99510,198,100027,198,99439,198,100043,198,99367,198,100071,100,99277,100,100088,100,99220,100,100093,100,99180,100,100101,100,99072,100,100182,100,98954,100
2019-06-28 09:48:50.000000000,99925,367,99843,267,99965,262,99687,262,100024,362,99510,262,100027,100,99439,100,100043,100,99367,100,100071,100,99277,100,100088,100,99220,100,100093,100,99180,100,100101,100,99072,100,100182,100,98954,100
2019-06-28 09:49:00.000000000,99925,322,99843,222,99965,222,99687,222,100024,322,99510,222,100027,222,99439,222,100043,100,99367,100,100071,100,99277,100,100088,100,99220,100,100093,100,99180,100,100101,100,99072,100,100182,100,98954,100
2019-06-28 09:49:05.125716168,99925,322,99843,122,99965,222,99687,222,100024,322,99510,222,100027,222,99439,222,100043,100,99367,100,100071,100,99277,100,100088,100,99220,100,100093,100,99180,100,100101,100,99072,100,100182,100,98954,100
2019-06-28 09:49:10.000000000,99925,298,99687,198,99965,198,99510,198,100024,298,99439,198,100027,198,99367,198,100043,198,99277,198,100071,100,99220,100,100088,100,99180,100,100093,100,99072,100,100101,100,98954,100,100182,100,98888,100
2019-06-28 09:49:20.000000000,99925,690,99687,590,99965,100,99510,100,100024,200,99439,100,100027,100,99367,100,100043,100,99277,100,100071,100,99220,100,100088,100,99180,100,100093,100,99072,100,100101,100,98954,100,100182,100,98888,100
2019-06-28 09:49:26.939741257,99925,690,99687,590,99965,100,99510,100,100024,200,99439,100,100027,100,99367,100,100043,100,99294,100,100071,100,99277,100,100088,100,99220,100,100093,100,99180,100,100101,100,99072,100,100182,100,98954,100
2019-06-28 09:49:30.000000000,99925,298,99687,198,99965,198,99510,198,100024,298,99439,198,100027,198,99367,198,100043,198,99294,198,100071,100,99277,100,100088,100,99220,100,100093,100,99180,100,100101,100,99072,100,100182,100,98954,100
2019-06-28 09:49:40.000000000,99925,322,99687,222,99965,222,99510,222,100024,322,99439,222,100027,222,99367,222,100043,100,99294,100,100071,100,99277,100,100088,100,99220,100,100093,100,99180,100,100101,100,99072,100,100182,100,98954,100
2019-06-28 09:49:45.103948259,99925,322,99687,222,99965,222,99510,222,100024,322,99439,222,100027,222,99367,222,100043,100,99294,100,100071,100,99277,100,100088,100,99180,100,100093,100,99143,100,100101,100,99072,100,100182,100,98954,100
2019-06-28 09:49:49.838777483,99925,322,99687,122,99965,222,99510,222,100024,322,99439,222,100027,222,99367,222,100043,100,99294,100,100071,100,99277,100,100088,100,99143,100,100093,100,99072,100,100101,100,98954,100,100182,100,98858,100
2019-06-28 09:49:50.000000000,99925,298,99510,198,99965,198,99439,198,100024,298,99367,198,100027,198,99294,198,100043,198,99277,198,100071,100,99143,100,100088,100,99072,100,100093,100,98954,100,100101,100,98858,100,100182,100,98856,100
2019-06-28 09:49:53.428016775,99925,298,99510,98,99965,198,99439,198,100024,298,99367,198,100027,198,99294,198,100043,198,99277,198,100071,100,99143,100,100088,100,99072,100,100093,100,98954,100,100101,100,98858,100,100182,100,98856,100
2019-06-28 09:50:00.000000000,99925,322,99439,222,99965,222,99367,222,100024,322,99294,222,100027,222,99277,222,100043,100,99143,100,100071,100,99072,100,100088,100,98954,100,100093,100,98858,100,100101,100,98856,100,100182,100,98829,100
2019-06-28 09:50:01.572328841,99925,322,99439,222,99965,222,99375,100,100024,322,99367,222,100027,222,99294,222,100043,100,99277,222,100071,100,99143,100,100088,100,99072,100,100093,100,98954,100,100101,100,98858,100,100182,100,98856,100
2019-06-28 09:50:07.210063263,99925,322,99439,122,99965,222,99375,100,100024,322,99367,222,100027,222,99294,222,100043,100,99277,222,100071,100,99143,100,100088,100,99072,100,100093,100,98954,100,100101,100,98858,100,100182,100,98856,100
2019-06-28 09:50:10.000000000,99925,445,99375,345,99965,345,99367,345,100024,200,99294,100,100027,100,99277,100,100043,100,99143,100,100071,100,99072,100,100088,100,98954,100,100093,100,98858,100,100101,100,98856,100,100182,100,98829,100
2019-06-28 09:50:11.674172795,99925,445,99375,245,99965,345,99367,345,100024,200,99294,100,100027,100,99277,100,100043,100,99143,100,100071,100,99072,100,100088,100,98980,100,100093,100,98954,100,100101,100,98858,100,100182,100,98856,100
2019-06-28 09:50:20.000000000,99925,690,99367,590,99965,100,99294,100,100024,200,99277,100,100027,100,99143,100,100043,100,99072,100,100071,100,98980,100,100088,100,98954,100,100093,100,98858,100,100101,100,98856,100,100182,100,98829,100
2019-06-28 09:50:30.000000000,99925,322,99367,222,99965,222,99294,222,100024,322,99277,222,100027,222,99143,222,100043,100,99072,100,100071,100,98980,100,100088,100,98954,100,100093,100,98858,100,100101,100,98856,100,100182,100,98829,100
2019-06-28 09:50:32.350437982,99925,322,99367,122,99965,222,99294,222,100024,322,99277,222,100027,222,99143,222,100043,100,99072,100,100071,100,98980,100,100088,100,98954,100,100101,100,98858,100,100182,100,98856,100,,,98829,100
2019-06-28 09:50:40.000000000,99925,690,99294,590,99965,100,99277,100,100024,200,99143,100,100027,100,99072,100,100043,100,98980,100,100071,100,98954,100,100088,100,98858,100,100101,100,98856,100,100182,100,98829,100,,,98821,100
2019-06-28 09:50:43.534375603,99925,690,99294,490,99965,100,99277,100,100024,200,99143,100,100027,100,99072,100,100043,100,98980,100,100071,100,98954,100,100088,100,98858,100,100182,100,98856,100,,,98829,100,,,98821,100
2019-06-28 09:50:43.639765557,99375,100,99294,490,99925,690,99277,100,99965,100,99143,100,100024,200,99072,100,100027,100,98980,100,100043,100,98954,100,100071,100,98858,100,100088,100,98856,100,100182,100,98829,100,,,98821,100
2019-06-28 09:50:50.000000000,99375,222,99277,222,99925,322,99143,222,99965,222,99072,222,100024,322,98980,222,100027,100,98954,100,100043,100,98858,100,100071,100,98856,100,100088,100,98829,100,100182,100,98821,100,,,98811,100
2019-06-28 09:50:50.800219571,99375,222,99277,222,99925,322,99143,122,99965,222,99072,222,100024,322,98983,100,100027,100,98980,222,100043,100,98954,100,100071,100,98858,100,100088,100,98856,100,100182,100,98829,100,,,98821,100
2019-06-28 09:51:00.000000000,99375,590,99277,590,99925,200,99072,100,99965,100,98983,100,100024,200,98980,100,100027,100,98954,100,100043,100,98858,100,100071,100,98856,100,100088,100,98829,100,100182,100,98821,100,,,98811,100
2019-06-28 09:51:00.735529726,99375,590,99277,490,99925,200,99072,100,99965,100,98983,100,100024,200,98980,100,100027,100,98954,100,100043,100,98858,100,100071,100,98856,100,100088,100,98829,100,100182,100,98821,100,,,98811,100
2019-06-28 09:51:06.534058452,99375,590,99277,390,99925,200,99072,100,99965,100,98983,100,100024,200,98980,100,100027,100,98954,100,100043,100,98858,100,100071,100,98856,100,100088,100,98829,100,100182,100,98821,100,,,98811,100
2019-06-28 09:51:10.000000000,99375,345,99072,345,99925,445,98983,345,99965,100,98980,100,100024,200,98954,100,100027,100,98858,100,100043,100,98856,100,100071,100,98829,100,100088,100,98821,100,100182,100,98811,100,,,98746,100
2019-06-28 09:51:20.000000000,99375,267,99072,267,99925,362,98983,262,99965,262,98980,262,100024,200,98954,100,100027,100,98858,100,100043,100,98856,100,100071,100,98829,100,100088,100,98821,100,100182,100,98811,100,,,98746,100
2019-06-28 09:51:21.011933092,99375,267,99072,167,99925,362,98983,262,99965,262,98980,262,100024,200,98954,100,100027,100,98858,100,100043,100,98856,100,100071,100,98829,100,100088,100,98821,100,100182,100,98746,100,,,98699,100
2019-06-28 09:51:30.000000000,99375,345,98983,345,99925,445,98980,345,99965,100,98954,100,100024,200,98858,100,100027,100,98856,100,100043,100,98829,100,100071,100,98821,100,100088,100,98746,100,100182,100,98699,100,,,,
2019-06-28 09:51:38.701994413,99277,100,98983,345,99375,345,98980,345,99925,445,98954,100,99965,100,98858,100,100024,200,98856,100,100027,100,98829,100,100043,100,98821,100,100071,100,98746,100,100088,100,98699,100,100182,100,,
2019-06-28 09:51:40.000000000,99277,267,98983,267,99375,262,98980,262,99925,362,98954,262,99965,100,98858,100,100024,200,98856,100,100027,100,98829,100,100043,100,98821,100,100071,100,98746,100,100088,100,98699,100,100182,100,,
2019-06-28 09:51:43.694008118,99277,267,99073,100,99375,262,98983,267,99925,362,98980,262,99965,100,98954,262,100024,200,98858,100,100027,100,98856,100,100043,100,98829,100,100071,100,98821,100,100088,100,98746,100,100182,100,98699,100
2019-06-28 09:51:48.067559518,99277,267,98983,267,99375,262,98980,262,99925,362,98954,262,99965,100,98858,100,100024,200,98856,100,100027,100,98829,100,100043,100,98821,100,100071,100,98746,100,100088,100,98699,100,100182,100,,
2019-06-28 09:51:50.000000000,99277,267,98983,267,99375,262,98980,262,99925,362,98954,262,99965,100,98858,100,100024,200,98856,100,100027,100,98829,100,100043,100,98821,100,100071,100,98746,100,100088,100,98699,100,100182,100,,
2019-06-28 09:51:52.557838906,98998,100,98983,267,99277,267,98980,262,99375,262,98954,262,99925,362,98858,100,99965,100,98856,100,100024,200,98829,100,100027,100,98821,100,100043,100,98746,100,100071,100,98699,100,100088,100,,
2019-06-28 09:51:53.901831849,98998,100,98983,267,99023,100,98980,262,99277,267,98954,262,99375,262,98858,100,99925,362,98856,100,99965,100,98829,100,100024,200,98821,100,100027,100,98746,100,100043,100,98699,100,100071,100,,
2019-06-28 09:52:00.000000000,98998,198,98983,198,99023,198,98980,198,99277,198,98954,198,99375,198,98858,198,99925,298,98856,198,99965,100,98829,100,100024,200,98821,100,100027,100,98746,100,100043,100,98699,100,100071,100,,
2019-06-28 09:52:10.000000000,98998,222,98983,222,99023,222,98980,222,99277,222,98954,222,99375,222,98858,222,99925,200,98856,100,99965,100,98829,100,100024,200,98821,100,100027,100,98746,100,100043,100,98699,100,100071,100,,
2019-06-28 09:52:20.000000000,98998,222,98983,222,99023,222,98980,222,99277,222,98954,222,99375,222,98858,222,99925,200,98856,100,99965,100,98829,100,100024,200,98821,100,100027,100,98746,100,100043,100,98699,100,100071,100,,
2019-06-28 09:52:22.556556388,98998,222,98983,122,99023,222,98980,222,99277,222,98954,222,99375,222,98858,222,99925,200,98856,100,99965,100,98829,100,100024,200,98821,100,100027,100,98746,100,100043,100,98699,100,100182,100,,
2019-06-28 09:52:30.000000000,98998,198,98980,198,99023,198,98954,198,99277,198,98858,198,99375,198,98856,198,99925,298,98829,198,99965,100,98821,100,100024,200,98746,100,100027,100,98699,100,100043,100,,,100182,100,,
2019-06-28 09:52:35.572990248,98997,100,98980,198,98998,198,98954,198,99023,198,98858,198,99277,198,98856,198,99375,98,98829,198,99925,298,98821,100,99965,100,98746,100,100024,200,98699,100,100027,100,,,100043,100,,
2019-06-28 09:52:35.743985236,98997,100,98980,198,98998,198,98954,198,99023,198,98892,100,99277,198,98858,198,99375,98,98856,198,99925,298,98829,198,99965,100,98821,100,100024,200,98746,100,100027,100,98699,100,100043,100,,
2019-06-28 09:52:40.000000000,98997,345,98980,345,98998,345,98954,345,99023,100,98892,100,99277,100,98858,100,99925,200,98856,100,99965,100,98829,100,100024,200,98821,100,100027,100,98746,100,100043,100,98699,100,100182,100,,
2019-06-28 09:52:50.000000000,98997,345,98980,345,98998,345,98954,345,99023,100,98892,100,99277,100,98858,100,99925,200,98856,100,99965,100,98829,100,100024,200,98821,100,100027,100,98746,100,100043,100,98699,100,100182,100,,
2019-06-28 09:52:55.348923549,98997,445,98980,345,98998,345,98954,345,99023,100,98892,100,99277,100,98858,100,99925,200,98856,100,99965,100,98829,100,100024,200,98821,100,100027,100,98746,100,100043,100,98699,100,100182,100,,
2019-06-28 09:53:00.000000000,98997,322,98980,222,98998,222,98954,222,99023,222,98892,222,99277,222,98858,222,99925,200,98856,100,99965,100,98829,100,100024,200,98821,100,100027,100,98746,100,100043,100,98699,100,100182,100,,
2019-06-28 09:53:09.270369880,98997,322,98980,222,98998,222,98954,222,99023,222,98892,222,99277,222,98858,222,99925,200,98856,100,100024,200,98829,100,100027,100,98821,100,100043,100,98746,100,100182,100,98699,100,,,,
2019-06-28 09:53:10.000000000,98997,298,98980,198,98998,198,98954,198,99023,198,98892,198,99277,198,98858,198,99925,298,98856,198,100024,200,98829,100,100027,100,98821,100,100043,100,98746,100,100182,100,98699,100,,,,
2019-06-28 09:53:11.642157809,98997,298,98980,198,98998,198,98954,198,99023,198,98892,198,99277,198,98858,198,99925,298,98856,198,100024,200,98829,100,100027,100,98821,100,100182,100,98746,100,,,98699,100,,,97903,100
2019-06-28 09:53:20.000000000,98997,367,98980,267,98998,262,98954,262,99023,262,98892,262,99277,100,98858,100,99925,200,98856,100,100024,200,98829,100,100027,100,98821,100,100182,100,98746,100,,,98699,100,,,97903,100
2019-06-28 09:53:30.000000000,98997,367,98980,267,98998,262,98954,262,99023,262,98892,262,99277,100,98858,100,99925,200,98856,100,100024,200,98829,100,100027,100,98821,100,100182,100,98746,100,,,98699,100,,,97903,100
2019-06-28 09:53:33.575308949,98997,367,98980,167,98998,262,98954,262,99023,162,98892,262,99277,100,98858,100,99925,200,98856,100,100024,200,98829,100,100027,100,98821,100,100182,100,98746,100,,,98699,100,,,97903,100
2019-06-28 09:53:39.541168056,98997,367,98980,167,98998,262,98954,262,99023,162,98892,262,99277,100,98858,100,99925,100,98856,100,100024,200,98829,100,100027,100,98821,100,100182,100,98746,100,,,98699,100,,,97903,100
2019-06-28 09:53:40.000000000,98997,445,98954,345,98998,345,98892,345,99277,100,98858,100,99925,100,98856,100,100024,200,98829,100,100027,100,98821,100,100182,100,98746,100,,,98699,100,,,97903,100,,,,
2019-06-28 09:53:40.280185478,98997,445,98954,345,98998,345,98892,345,99277,100,98858,100,99925,100,98856,100,100024,200,98829,100,100027,100,98821,100,100182,100,98746,100,,,98699,100,,,97903,100,,,97881,100
2019-06-28 09:53:44.299854163,98997,445,98954,245,98998,345,98892,345,99277,100,98858,100,99925,100,98856,100,100024,200,98829,100,100027,100,98821,100,100182,100,98699,100,,,97903,100,,,97881,100,,,,
2019-06-28 09:53:50.000000000,98997,367,98892,267,98998,262,98858,262,99277,262,98856,262,99925,100,98829,100,100024,200,98821,100,100027,100,98699,100,100182,100,97903,100,,,97881,100,,,,,,,,
2019-06-28 09:54:00.000000000,98997,367,98892,267,98998,262,98858,262,99277,262,98856,262,99925,100,98829,100,100024,200,98821,100,100027,100,98699,100,100182,100,97903,100,,,97881,100,,,,,,,,
2019-06-28 09:54:10.000000000,98997,322,98892,222,98998,222,98858,222,99277,222,98856,222,99925,222,98829,222,100024,200,98821,100,100027,100,98699,100,100182,100,97903,100,,,97881,100,,,,,,,,
2019-06-28 09:54:20.000000000,98997,445,98892,345,98998,345,98858,345,99277,100,98856,100,99925,100,98829,100,100024,200,98821,100,100027,100,98699,100,100182,100,97903,100,,,97881,100,,,,,,,,
2019-06-28 09:54:30.000000000,98997,445,98892,345,98998,345,98858,345,99277,100,98856,100,99925,100,98829,100,100024,200,98821,100,100027,100,98699,100,100182,100,97903,100,,,97881,100,,,,,,,,
2019-06-28 09:54:38.709460668,98997,445,98892,345,98998,345,98858,245,99218,100,98856,100,99277,100,98829,100,99925,100,98821,100,100024,200,98699,100,100027,100,97903,100,100182,100,97881,100,,,,,,,,
2019-06-28 09:54:40.000000000,98997,367,98892,267,98998,262,98856,262,99218,262,98829,262,99277,100,98821,100,99925,100,98699,100,100024,200,97903,100,100027,100,97881,100,100182,100,,,,,,,,,,
2019-06-28 09:54:50.000000000,98997,445,98892,345,98998,345,98856,345,99218,100,98829,100,99277,100,98821,100,99925,100,98699,100,100024,200,97903,100,100027,100,97881,100,100182,100,,,,,,,,,,
2019-06-28 09:55:00.000000000,98997,690,98892,590,98998,100,98856,100,99218,100,98829,100,99277,100,98821,100,99925,100,98699,100,100024,200,97903,100,100027,100,97881,100,100182,100,,,,,,,,,,
2019-06-28 09:55:03.682966763,98997,690,98892,590,98998,100,98856,100,99218,100,98829,100,99277,100,98821,100,99925,100,98777,100,100024,200,98699,100,100027,100,97903,100,100182,100,97881,100,,,,,,,,
2019-06-28 09:55:10.000000000,98997,445,98892,345,98998,345,98856,345,99218,100,98829,100,99277,100,98821,100,99925,100,98777,100,100024,200,98699,100,100027,100,97903,100,100182,100,97881,100,,,,,,,,
2019-06-28 09:55:16.925027145,98980,100,98892,345,98997,445,98856,345,98998,345,98829,100,99218,100,98821,100,99277,100,98777,100,99925,100,98699,100,100024,200,97903,100,100027,100,97881,100,100182,100,,,,,,
2019-06-28 09:55:20.000000000,98980,590,98892,590,98997,200,98856,100,98998,100,98829,100,99218,100,98821,100,99277,100,98777,100,99925,100,98699,100,100024,200,97903,100,100027,100,97881,100,100182,100,,,,,,
2019-06-28 09:55:30.000000000,98980,198,98892,198,98997,298,98856,198,98998,198,98829,198,99218,198,98821,198,99277,198,98777,198,99925,100,98699,100,100024,200,97903,100,100027,100,97881,100,100182,100,,,,,,
2019-06-28 09:55:35.607161944,98980,198,98892,198,98997,298,98856,198,98998,198,98829,198,99218,198,98821,198,99277,198,98796,100,99925,100,98777,198,100024,200,98699,100,100027,100,97903,100,100182,100,97881,100,,,,
2019-06-28 09:55:40.000000000,98980,590,98892,590,98997,200,98856,100,98998,100,98829,100,99218,100,98821,100,99277,100,98796,100,99925,100,98777,100,100024,200,98699,100,100027,100,97903,100,100182,100,97881,100,,,,
2019-06-28 09:55:50.000000000,98980,198,98892,198,98997,298,98856,198,98998,198,98829,198,99218,198,98821,198,99277,198,98796,198,99925,100,98777,100,100024,200,98699,100,100027,100,97903,100,100182,100,97881,100,,,,
2019-06-28 09:55:53.488900643,98980,198,98892,198,98993,100,98856,198,98997,298,98829,198,98998,198,98821,198,99218,198,98796,98,99277,198,98777,100,99925,100,98699,100,100024,200,97903,100,100027,100,97881,100,100182,100,,
2019-06-28 09:56:00.000000000,98980,267,98892,267,98993,262,98856,262,98997,362,98829,262,98998,100,98821,100,99218,100,98777,100,99277,100,98699,100,99925,100,97903,100,100024,200,97881,100,100027,100,,,100182,100,,
2019-06-28 09:56:10.000000000,98980,198,98892,198,98993,198,98856,198,98997,298,98829,198,98998,198,98821,198,99218,198,98777,198,99277,100,98699,100,99925,100,97903,100,100024,200,97881,100,100027,100,,,100182,100,,
2019-06-28 09:56:12.824196394,98980,198,98892,198,98993,198,98856,198,98997,298,98829,198,98998,198,98821,198,99218,198,98777,198,99277,100,98699,100,99925,100,98590,100,100024,200,97903,100,100027,100,97881,100,100182,100,,
2019-06-28 09:56:15.785688216,98980,198,98892,198,98993,198,98856,198,98997,298,98829,198,98998,198,98821,198,99218,198,98777,198,99277,100,98699,100,99925,100,98605,100,100024,200,98590,100,100027,100,97903,100,100182,100,97881,100
2019-06-28 09:56:20.000000000,98980,345,98892,345,98993,345,98856,345,98997,200,98829,100,98998,100,98821,100,99218,100,98777,100,99277,100,98699,100,99925,100,98605,100,100024,200,98590,100,100027,100,97903,100,100182,100,97881,100
2019-06-28 09:56:30.000000000,98980,198,98892,198,98993,198,98856,198,98997,298,98829,198,98998,198,98821,198,99218,198,98777,198,99277,100,98699,100,99925,100,98605,100,100024,200,98590,100,100027,100,97903,100,100182,100,97881,100
2019-06-28 09:56:40.000000000,98980,590,98892,590,98993,100,98856,100,98997,200,98829,100,98998,100,98821,100,99218,100,98777,100,99277,100,98699,100,99925,100,98605,100,100024,200,98590,100,100027,100,97903,100,100182,100,97881,100
2019-06-28 09:56:50.000000000,98980,345,98892,345,98993,345,98856,345,98997,200,98829,100,98998,100,98821,100,99218,100,98777,100,99277,100,98699,100,99925,100,98605,100,100024,200,98590,100,100027,100,97903,100,100182,100,97881,100
2019-06-28 09:57:00.000000000,98980,345,98892,345,98993,345,98856,345,98997,200,98829,100,98998,100,98821,100,99218,100,98777,100,99277,100,98699,100,99925,100,98605,100,100024,200,98590,100,100027,100,97903,100,100182,100,97881,100
2019-06-28 09:57:02.727450523,98980,245,98892,345,98993,345,98856,345,98997,200,98829,100,98998,100,98821,100,99218,100,98777,100,99277,100,98699,100,99925,100,98605,100,100024,200,98590,100,100027,100,97903,100,100182,100,97881,100
2019-06-28 09:57:08.075770791,98980,245,98955,100,98993,345,98892,345,98997,200,98856,345,98998,100,98829,100,99218,100,98821,100,99277,100,98777,100,99925,100,98699,100,100024,100,98605,100,100027,100,98590,100,100182,100,97903,100
2019-06-28 09:57:10.000000000,98993,267,98955,267,98997,362,98892,262,98998,262,98856,262,99218,100,98829,100,99277,100,98821,100,99925,100,98777,100,100024,100,98699,100,100027,100,98605,100,100182,100,98590,100,,,97903,100
2019-06-28 09:57:12.077035381,98993,267,98955,267,98997,362,98892,262,98998,262,98856,262,99141,100,98829,100,99218,100,98821,100,99277,100,98777,100,99925,100,98699,100,100024,100,98605,100,100027,100,98590,100,100182,100,97881,100
2019-06-28 09:57:15.303903160,98993,267,98955,167,98997,362,98892,262,98998,262,98856,262,99141,100,98829,100,99218,100,98821,100,99277,100,98777,100,99925,100,98699,100,100024,100,98605,100,100027,100,98590,100,100182,100,97881,100
2019-06-28 09:57:17.711935142,98993,167,98955,167,98997,362,98892,262,98998,262,98856,262,99141,100,98829,100,99218,100,98821,100,99277,100,98777,100,99925,100,98699,100,100024,100,98605,100,100027,100,98590,100,100182,100,97881,100
2019-06-28 09:57:20.000000000,98997,322,98892,222,98998,222,98856,222,99141,222,98829,222,99218,222,98821,222,99277,100,98777,100,99925,100,98699,100,100024,100,98605,100,100027,100,98590,100,100182,100,97881,100,,,,
2019-06-28 09:57:20.570734036,98997,322,98892,222,98998,222,98856,222,99141,222,98829,122,99218,222,98821,222,99277,100,98777,100,99925,100,98760,100,100024,100,98699,100,100027,100,98605,100,100182,100,98590,100,,,97881,100
2019-06-28 09:57:30.000000000,98997,298,98892,198,98998,198,98856,198,99141,198,98821,198,99218,198,98777,198,99277,198,98760,198,99925,100,98699,100,100024,100,98605,100,100027,100,98590,100,100182,100,97881,100,,,,
2019-06-28 09:57:33.401502837,98997,198,98892,198,98998,198,98856,198,99141,198,98821,198,99218,198,98777,198,99277,198,98760,198,99925,100,98699,100,100024,100,98605,100,100027,100,98590,100,100182,100,97881,100,,,,
2019-06-28 09:57:40.000000000,98997,590,98892,590,98998,100,98856,100,99141,100,98821,100,99218,100,98777,100,99277,100,98760,100,99925,100,98699,100,100024,100,98605,100,100027,100,98590,100,100182,100,97881,100,,,,
2019-06-28 09:57:46.875170426,98997,590,98892,590,98998,100,98856,100,99141,100,98821,100,99218,100,98777,100,99277,100,98760,100,99560,100,98699,100,99925,100,98605,100,100024,100,98590,100,100027,100,97881,100,100182,100,,
2019-06-28 09:57:50.000000000,98997,345,98892,345,98998,345,98856,345,99141,100,98821,100,99218,100,98777,100,99277,100,98760,100,99560,100,98699,100,99925,100,98605,100,100024,100,98590,100,100027,100,97881,100,100182,100,,
2019-06-28 09:58:00.000000000,98997,345,98892,345,98998,345,98856,345,99141,100,98821,100,99218,100,98777,100,99277,100,98760,100,99560,100,98699,100,99925,100,98605,100,100024,100,98590,100,100027,100,97881,100,100182,100,,
2019-06-28 09:58:10.000000000,98997,222,98892,222,98998,222,98856,222,99141,222,98821,222,99218,222,98777,222,99277,100,98760,100,99560,100,98699,100,99925,100,98605,100,100024,100,98590,100,100027,100,97881,100,100182,100,,
2019-06-28 09:58:13.496706751,98997,122,98892,222,98998,222,98856,222,99141,222,98821,222,99218,222,98777,222,99277,100,98760,100,99560,100,98699,100,99925,100,98605,100,100024,100,98590,100,100182,100,97881,100,,,,
2019-06-28 09:58:20.000000000,98998,590,98892,590,99141,100,98856,100,99218,100,98821,100,99277,100,98777,100,99560,100,98760,100,99925,100,98699,100,100024,100,98605,100,100182,100,98590,100,,,97881,100,,,,
2019-06-28 09:58:30.000000000,98998,345,98892,345,99141,345,98856,345,99218,100,98821,100,99277,100,98777,100,99560,100,98760,100,99925,100,98699,100,100024,100,98605,100,100182,100,98590,100,,,97881,100,,,,
2019-06-28 09:58:30.365960377,98998,345,98892,345,99141,345,98856,245,99218,100,98821,100,99277,100,98777,100,99327,100,98760,100,99560,100,98699,100,99925,100,98605,100,100024,100,98590,100,100182,100,97881,100,,,,
2019-06-28 09:58:40.000000000,98998,222,98892,222,99141,222,98821,222,99218,222,98777,222,99277,222,98760,222,99327,100,98699,100,99560,100,98605,100,99925,100,98590,100,100024,100,97881,100,100182,100,,,,,,
2019-06-28 09:58:44.207738305,98998,222,98892,222,99141,222,98821,222,99218,222,98777,222,99277,222,98760,222,99327,100,98699,100,99560,100,98605,100,99860,100,98590,100,99925,100,97881,100,100024,100,,,100182,100,,
2019-06-28 09:58:50.000000000,98998,222,98892,222,99141,222,98821,222,99218,222,98777,222,99277,222,98760,222,99327,100,98699,100,99560,100,98605,100,99860,100,98590,100,99925,100,97881,100,100024,100,,,100182,100,,
2019-06-28 09:58:50.888564106,98998,222,98892,222,99141,222,98821,222,99218,222,98777,222,99277,222,98760,222,99327,100,98699,100,99560,100,98605,100,99576,100,98590,100,99860,100,97881,100,99925,100,,,100024,100,,
2019-06-28 09:59:00.000000000,98998,267,98892,267,99141,262,98821,262,99218,262,98777,262,99277,100,98760,100,99327,100,98699,100,99560,100,98605,100,99576,100,98590,100,99860,100,97881,100,99925,100,,,100024,100,,
2019-06-28 09:59:10.000000000,98998,198,98892,198,99141,198,98821,198,99218,198,98777,198,99277,198,98760,198,99327,198,98699,198,99560,100,98605,100,99576,100,98590,100,99860,100,97881,100,99925,100,,,100024,100,,
2019-06-28 09:59:20.000000000,98998,222,98892,222,99141,222,98821,222,99218,222,98777,222,99277,222,98760,222,99327,100,98699,100,99560,100,98605,100,99576,100,98590,100,99860,100,97881,100,99925,100,,,100024,100,,
2019-06-28 09:59:30.000000000,98998,590,98892,590,99141,100,98821,100,99218,100,98777,100,99277,100,98760,100,99327,100,98699,100,99560,100,98605,100,99576,100,98590,100,99860,100,97881,100,99925,100,,,100024,100,,
2019-06-28 09:59:40.000000000,98998,590,98892,590,99141,100,98821,100,99218,100,98777,100,99277,100,98760,100,99327,100,98699,100,99560,100,98605,100,99576,100,98590,100,99860,100,97881,100,99925,100,,,100024,100,,
2019-06-28 09:59:50.000000000,98998,198,98892,198,99141,198,98821,198,99218,198,98777,198,99277,198,98760,198,99327,198,98699,198,99560,100,98605,100,99576,100,98590,100,99860,100,97881,100,99925,100,,,100024,100,,
2019-06-28 10:00:00.000000000,98998,345,98892,345,99141,345,98821,345,99218,100,98777,100,99277,100,98760,100,99327,100,98699,100,99560,100,98605,100,99576,100,98590,100,99860,100,97881,100,99925,100,,,100024,100,,
2019-06-28 10:00:09.037001873,98998,345,98946,100,99141,345,98892,345,99218,100,98821,345,99277,100,98777,100,99327,100,98760,100,99560,100,98605,100,99576,100,98590,100,99860,100,97881,100,99925,100,,,100024,100,,
2019-06-28 10:00:10.000000000,98998,222,98946,222,99141,222,98892,222,99218,222,98821,222,99277,222,98777,222,99327,100,98760,100,99560,100,98605,100,99576,100,98590,100,99860,100,97881,100,99925,100,,,100024,100,,
2019-06-28 10:00:20.000000000,98998,345,98946,345,99141,345,98892,345,99218,100,98821,100,99277,100,98777,100,99327,100,98760,100,99560,100,98605,100,99576,100,98590,100,99860,100,97881,100,99925,100,,,100024,100,,
2019-06-28 10:00:30.000000000,98998,345,98946,345,99141,345,98892,345,99218,100,98821,100,99277,100,98777,100,99327,100,98760,100,99560,100,98605,100,99576,100,98590,100,99860,100,97881,100,99925,100,,,100024,100,,
2019-06-28 10:00:40.000000000,98998,590,98946,590,99141,100,98892,100,99218,100,98821,100,99277,100,98777,100,99327,100,98760,100,99560,100,98605,100,99576,100,98590,100,99860,100,97881,100,99925,100,,,100024,100,,
2019-06-28 10:00:50.000000000,98998,590,98946,590,99141,100,98892,100,99218,100,98821,100,99277,100,98777,100,99327,100,98760,100,99560,100,98605,100,99576,100,98590,100,99860,100,97881,100,99925,100,,,100024,100,,
2019-06-28 10:00:53.121354328,98998,590,98946,590,99141,100,98892,100,99218,100,98821,100,99277,100,98777,100,99327,100,98760,100,99560,100,98605,100,99576,100,98590,100,99860,100,98136,100,99925,100,97881,100,100024,100,,
2019-06-28 10:00:59.245105883,98998,590,98946,490,99141,100,98892,100,99218,100,98821,100,99277,100,98777,100,99327,100,98760,100,99560,100,98605,100,99576,100,98590,100,99860,100,98136,100,99925,100,97881,100,100024,100,,
2019-06-28 10:01:00.000000000,98998,198,98892,198,99141,198,98821,198,99218,198,98777,198,99277,198,98760,198,99327,198,98605,198,99560,100,98590,100,99576,100,98136,100,99860,100,97881,100,99925,100,,,100024,100,,
2019-06-28 10:01:10.000000000,98998,345,98892,345,99141,345,98821,345,99218,100,98777,100,99277,100,98760,100,99327,100,98605,100,99560,100,98590,100,99576,100,98136,100,99860,100,97881,100,99925,100,,,100024,100,,
2019-06-28 10:01:20.000000000,98998,267,98892,267,99141,262,98821,262,99218,262,98777,262,99277,100,98760,100,99327,100,98605,100,99560,100,98590,100,99576,100,98136,100,99860,100,97881,100,99925,100,,,100024,100,,
2019-06-28 10:01:23.380196980,98998,267,98892,267,99141,262,98821,262,99218,262,98777,262,99277,100,98760,100,99327,100,98605,100,99560,100,98590,100,99576,100,98135,100,99860,100,97881,100,99925,100,,,100024,100,,
2019-06-28 10:01:24.031520643,98996,100,98892,267,98998,267,98821,262,99141,262,98777,262,99218,262,98760,100,99277,100,98605,100,99327,100,98590,100,99560,100,98135,100,99576,100,97881,100,99860,100,,,99925,100,,
2019-06-28 10:01:29.351130128,98996,200,98892,267,98998,267,98821,262,99141,262,98777,262,99218,262,98760,100,99277,100,98605,100,99327,100,98590,100,99560,100,98135,100,99576,100,97881,100,99860,100,,,99925,100,,
2019-06-28 10:01:30.000000000,98996,367,98892,267,98998,262,98821,262,99141,262,98777,262,99218,100,98760,100,99277,100,98605,100,99327,100,98590,100,99560,100,98135,100,99576,100,97881,100,99860,100,,,99925,100,,
2019-06-28 10:01:40.000000000,98996,367,98892,267,98998,262,98821,262,99141,262,98777,262,99218,100,98760,100,99277,100,98605,100,99327,100,98590,100,99560,100,98135,100,99576,100,97881,100,99860,100,,,99925,100,,
2019-06-28 10:01:50.000000000,98996,322,98892,222,98998,222,98821,222,99141,222,98777,222,99218,222,98760,222,99277,100,98605,100,99327,100,98590,100,99560,100,98135,100,99576,100,97881,100,99860,100,,,99925,100,,
2019-06-28 10:02:00.000000000,98996,445,98892,345,98998,345,98821,345,99141,100,98777,100,99218,100,98760,100,99277,100,98605,100,99327,100,98590,100,99560,100,98135,100,99576,100,97881,100,99860,100,,,99925,100,,
2019-06-28 10:02:10.000000000,98996,322,98892,222,98998,222,98821,222,99141,222,98777,222,99218,222,98760,222,99277,100,98605,100,99327,100,98590,100,99560,100,98135,100,99576,100,97881,100,99860,100,,,99925,100,,
2019-06-28 10:02:20.000000000,98996,367,98892,267,98998,262,98821,262,99141,262,98777,262,99218,100,98760,100,99277,100,98605,100,99327,100,98590,100,99560,100,98135,100,99576,100,97881,100,99860,100,,,99925,100,,
2019-06-28 10:02:30.000000000,98996,298,98892,198,98998,198,98821,198,99141,198,98777,198,99218,198,98760,198,99277,198,98605,198,99327,100,98590,100,99560,100,98135,100,99576,100,97881,100,99860,100,,,99925,100,,
2019-06-28 10:02:40.000000000,98996,690,98892,590,98998,100,98821,100,99141,100,98777,100,99218,100,98760,100,99277,100,98605,100,99327,100,98590,100,99560,100,98135,100,99576,100,97881,100,99860,100,,,99925,100,,
2019-06-28 10:02:48.160485007,98996,690,98892,490,98998,100,98821,100,99141,100,98777,100,99218,100,98760,100,99277,100,98605,100,99327,100,98590,100,99560,100,98135,100,99576,100,97881,100,99860,100,,,99925,100,,
2019-06-28 10:02:50.000000000,98996,445,98821,345,98998,345,98777,345,99141,100,98760,100,99218,100,98605,100,99277,100,98590,100,99327,100,98135,100,99560,100,97881,100,99576,100,,,99860,100,,,99925,100,,
2019-06-28 10:02:59.218829772,98996,445,98821,445,98998,345,98777,345,99141,100,98760,100,99218,100,98605,100,99277,100,98590,100,99327,100,98135,100,99560,100,97881,100,99576,100,,,99860,100,,,99925,100,,
2019-06-28 10:03:00.000000000,98996,690,98821,690,98998,100,98777,100,99141,100,98760,100,99218,100,98605,100,99277,100,98590,100,99327,100,98135,100,99560,100,97881,100,99576,100,,,99860,100,,,99925,100,,
2019-06-28 10:03:10.000000000,98996,322,98821,322,98998,222,98777,222,99141,222,98760,222,99218,222,98605,222,99277,100,98590,100,99327,100,98135,100,99560,100,97881,100,99576,100,,,99860,100,,,99925,100,,
2019-06-28 10:03:20.000000000,98996,367,98821,367,98998,262,98777,262,99141,262,98760,262,99218,100,98605,100,99277,100,98590,100,99327,100,98135,100,99560,100,97881,100,99576,100,,,99860,100,,,99925,100,,
2019-06-28 10:03:21.013659139,98996,367,98821,367,98998,262,98777,262,99141,262,98760,262,99211,100,98605,100,99218,100,98590,100,99277,100,98135,100,99327,100,97881,100,99560,100,,,99576,100,,,99860,100,,
2019-06-28 10:03:30.000000000,98996,690,98821,690,98998,100,98777,100,99141,100,98760,100,99211,100,98605,100,99218,100,98590,100,99277,100,98135,100,99327,100,97881,100,99560,100,,,99576,100,,,99860,100,,
2019-06-28 10:03:40.000000000,98996,367,98821,367,98998,262,98777,262,99141,262,98760,262,99211,100,98605,100,99218,100,98590,100,99277,100,98135,100,99327,100,97881,100,99560,100,,,99576,100,,,99860,100,,
2019-06-28 10:03:50.000000000,98996,298,98821,298,98998,198,98777,198,99141,198,98760,198,99211,198,98605,198,99218,198,98590,198,99277,100,98135,100,99327,100,97881,100,99560,100,,,99576,100,,,99860,100,,
2019-06-28 10:04:00.000000000,98996,690,98821,690,98998,100,98777,100,99141,100,98760,100,99211,100,98605,100,99218,100,98590,100,99277,100,98135,100,99327,100,97881,100,99560,100,,,99576,100,,,99860,100,,
2019-06-28 10:04:10.000000000,98996,690,98821,690,98998,100,98777,100,99141,100,98760,100,99211,100,98605,100,99218,100,98590,100,99277,100,98135,100,99327,100,97881,100,99560,100,,,99576,100,,,99860,100,,
2019-06-28 10:04:10.490539247,98996,690,98821,690,98998,100,98777,100,99141,100,98605,100,99211,100,98602,100,99218,100,98590,100,99277,100,98135,100,99327,100,97881,100,99560,100,,,99576,100,,,99860,100,,
2019-06-28 10:04:19.110842413,98909,100,98821,690,98996,690,98777,100,98998,100,98605,100,99141,100,98602,100,99211,100,98590,100,99218,100,98135,100,99277,100,97881,100,99327,100,,,99560,100,,,99576,100,,
2019-06-28 10:04:20.000000000,98909,590,98821,690,98996,200,98777,100,98998,100,98605,100,99141,100,98602,100,99211,100,98590,100,99218,100,98135,100,99277,100,97881,100,99327,100,,,99560,100,,,99576,100,,
2019-06-28 10:04:20.814107867,98909,590,98821,690,98946,100,98777,100,98996,100,98605,100,98998,100,98602,100,99141,100,98590,100,99211,100,98135,100,99218,100,97881,100,99277,100,,,99327,100,,,99560,100,,
2019-06-28 10:04:24.981162636,98909,590,98821,590,98946,100,98777,100,98996,100,98605,100,98998,100,98602,100,99141,100,98594,100,99211,100,98590,100,99218,100,98135,100,99277,100,97881,100,99327,100,,,99560,100,,
2019-06-28 10:04:30.000000000,98909,222,98821,222,98946,222,98777,222,98996,222,98605,222,98998,222,98602,222,99141,100,98594,100,99211,100,98590,100,99218,100,98135,100,99277,100,97881,100,99327,100,,,99560,100,,
2019-06-28 10:04:40.000000000,98909,222,98821,222,98946,222,98777,222,98996,222,98605,222,98998,222,98602,222,99141,100,98594,100,99211,100,98590,100,99218,100,98135,100,99277,100,97881,100,99327,100,,,99560,100,,
2019-06-28 10:04:50.000000000,98909,590,98821,590,98946,100,98777,100,98996,100,98605,100,98998,100,98602,100,99141,100,98594,100,99211,100,98590,100,99218,100,98135,100,99277,100,97881,100,99327,100,,,99560,100,,
2019-06-28 10:05:00.000000000,98909,590,98821,590,98946,100,98777,100,98996,100,98605,100,98998,100,98602,100,99141,100,98594,100,99211,100,98590,100,99218,100,98135,100,99277,100,97881,100,99327,100,,,99560,100,,
2019-06-28 10:05:10.000000000,98909,590,98821,590,98946,100,98777,100,98996,100,98605,100,98998,100,98602,100,99141,100,98594,100,99211,100,98590,100,99218,100,98135,100,99277,100,97881,100,99327,100,,,99560,100,,
2019-06-28 10:05:16.685062349,98909,490,98821,590,98946,100,98777,100,98996,100,98605,100,98998,100,98602,100,99141,100,98594,100,99211,100,98135,100,99218,100,97881,100,99277,100,,,99327,100,,,99560,100,,
2019-06-28 10:05:20.000000000,98946,267,98821,267,98996,262,98777,262,98998,262,98605,262,99141,100,98602,100,99211,100,98594,100,99218,100,98135,100,99277,100,97881,100,99327,100,,,99560,100,,,99576,100,,
2019-06-28 10:05:30.000000000,98946,345,98821,345,98996,345,98777,345,98998,100,98605,100,99141,100,98602,100,99211,100,98594,100,99218,100,98135,100,99277,100,97881,100,99327,100,,,99560,100,,,99576,100,,
2019-06-28 10:05:40.000000000,98946,267,98821,267,98996,262,98777,262,98998,262,98605,262,99141,100,98602,100,99211,100,98594,100,99218,100,98135,100,99277,100,97881,100,99327,100,,,99560,100,,,99576,100,,
2019-06-28 10:05:41.753366890,98946,267,98893,100,98996,262,98821,267,98998,262,98777,262,99141,100,98605,262,99211,100,98602,100,99218,100,98594,100,99277,100,98135,100,99327,100,97881,100,99560,100,,,99576,100,,
2019-06-28 10:05:43.114587760,98946,167,98893,100,98996,262,98821,167,98998,262,98777,262,99141,100,98605,262,99211,100,98602,100,99218,100,98594,100,99277,100,98135,100,99327,100,97881,100,99560,100,,,99576,100,,
2019-06-28 10:05:50.000000000,98996,590,98893,590,98998,100,98777,100,99141,100,98605,100,99211,100,98602,100,99218,100,98594,100,99277,100,98135,100,99327,100,97881,100,99560,100,,,99576,100,,,99860,100,,
2019-06-28 10:05:56.403342847,98996,590,98893,590,99141,100,98777,100,99210,100,98605,100,99211,100,98602,100,99218,100,98594,100,99277,100,98135,100,99327,100,97881,100,99560,100,,,99576,100,,,99860,100,,
2019-06-28 10:06:00.000000000,98996,198,98893,198,99141,198,98777,198,99210,198,98605,198,99211,198,98602,198,99218,198,98594,198,99277,100,98135,100,99327,100,97881,100,99560,100,,,99576,100,,,99860,100,,
2019-06-28 10:06:08.850856397,98996,198,98908,100,99141,198,98893,198,99210,198,98777,198,99211,198,98605,198,99218,198,98602,198,99277,100,98594,198,99327,100,98135,100,99560,100,97881,100,99576,100,,,99860,100,,
2019-06-28 10:06:10.000000000,98996,222,98908,222,99141,222,98893,222,99210,222,98777,222,99211,222,98605,222,99218,100,98602,100,99277,100,98594,100,99327,100,98135,100,99560,100,97881,100,99576,100,,,99860,100,,
2019-06-28 10:06:10.973748041,98996,122,98908,222,99141,222,98893,222,99210,222,98777,222,99211,222,98605,222,99218,100,98602,100,99277,100,98594,100,99327,100,98135,100,99560,100,97881,100,99576,100,,,99860,100,,
2019-06-28 10:06:20.000000000,99141,590,98908,590,99210,100,98893,100,99211,100,98777,100,99218,100,98605,100,99277,100,98602,100,99327,100,98594,100,99560,100,98135,100,99576,100,97881,100,99860,100,,,99925,100,,
2019-06-28 10:06:30.000000000,99141,345,98908,345,99210,345,98893,345,99211,100,98777,100,99218,100,98605,100,99277,100,98602,100,99327,100,98594,100,99560,100,98135,100,99576,100,97881,100,99860,100,,,99925,100,,
2019-06-28 10:06:31.705384745,98999,100,98908,345,99141,345,98893,345,99210,345,98777,100,99211,100,98605,100,99218,100,98602,100,99277,100,98594,100,99327,100,98135,100,99560,100,97881,100,99576,100,,,99860,100,,
2019-06-28 10:06:40.000000000,98999,590,98908,590,99141,100,98893,100,99210,100,98777,100,99211,100,98605,100,99218,100,98602,100,99277,100,98594,100,99327,100,98135,100,99560,100,97881,100,99576,100,,,99860,100,,
2019-06-28 10:06:50.000000000,98999,590,98908,590,99141,100,98893,100,99210,100,98777,100,99211,100,98605,100,99218,100,98602,100,99277,100,98594,100,99327,100,98135,100,99560,100,97881,100,99576,100,,,99860,100,,
2019-06-28 10:06:59.701111246,98999,590,98946,100,99141,100,98908,590,99210,100,98893,100,99211,100,98777,100,99218,100,98605,100,99277,100,98602,100,99327,100,98594,100,99560,100,98135,100,99576,100,97881,100,99860,100,,
2019-06-28 10:07:00.000000000,98999,345,98946,345,99141,345,98908,345,99210,100,98893,100,99211,100,98777,100,99218,100,98605,100,99277,100,98602,100,99327,100,98594,100,99560,100,98135,100,99576,100,97881,100,99860,100,,
2019-06-28 10:07:10.000000000,98999,345,98946,345,99141,345,98908,345,99210,100,98893,100,99211,100,98777,100,99218,100,98605,100,99277,100,98602,100,99327,100,98594,100,99560,100,98135,100,99576,100,97881,100,99860,100,,
2019-06-28 10:07:20.000000000,98999,590,98946,590,99141,100,98908,100,99210,100,98893,100,99211,100,98777,100,99218,100,98605,100,99277,100,98602,100,99327,100,98594,100,99560,100,98135,100,99576,100,97881,100,99860,100,,
2019-06-28 10:07:30.000000000,98999,345,98946,345,99141,345,98908,345,99210,100,98893,100,99211,100,98777,100,99218,100,98605,100,99277,100,98602,100,99327,100,98594,100,99560,100,98135,100,99576,100,97881,100,99860,100,,
2019-06-28 10:07:35.629066013,98999,345,98946,445,99141,345,98908,345,99210,100,98893,100,99211,100,98777,100,99218,100,98605,100,99277,100,98602,100,99327,100,98594,100,99560,100,98135,100,99576,100,97881,100,99860,100,,
2019-06-28 10:07:38.238771328,98999,345,98946,445,99141,345,98908,345,99210,100,98893,100,99211,100,98777,100,99218,100,98605,100,99277,100,98602,100,99278,100,98594,100,99327,100,98135,100,99560,100,97881,100,99576,100,,
2019-06-28 10:07:40.000000000,98999,590,98946,690,99141,100,98908,100,99210,100,98893,100,99211,100,98777,100,99218,100,98605,100,99277,100,98602,100,99278,100,98594,100,99327,100,98135,100,99560,100,97881,100,99576,100,,
2019-06-28 10:07:41.991283998,98999,590,98979,100,99141,100,98946,690,99210,100,98908,100,99211,100,98893,100,99218,100,98777,100,99277,100,98605,100,99278,100,98602,100,99327,100,98594,100,99560,100,98135,100,99576,100,97881,100
2019-06-28 10:07:50.000000000,98999,198,98979,198,99141,198,98946,298,99210,198,98908,198,99211,198,98893,198,99218,198,98777,198,99277,100,98605,100,99278,100,98602,100,99327,100,98594,100,99560,100,98135,100,99576,100,97881,100
2019-06-28 10:08:00.000000000,98999,198,98979,198,99141,198,98946,298,99210,198,98908,198,99211,198,98893,198,99218,198,98777,198,99277,100,98605,100,99278,100,98602,100,99327,100,98594,100,99560,100,98135,100,99576,100,97881,100
2019-06-28 10:08:07.967709938,98999,198,98979,198,99141,198,98946,298,99210,198,98908,198,99211,198,98893,198,99218,198,98777,198,99277,100,98605,100,99278,100,98602,100,99327,100,98594,100,99444,100,98135,100,99560,100,97881,100
2019-06-28 10:08:08.458946697,98999,198,98979,198,99141,198,98946,298,99210,198,98908,198,99211,198,98893,198,99218,198,98777,198,99277,100,98605,100,99317,100,98602,100,99327,100,98594,100,99444,100,98135,100,99560,100,97881,100
2019-06-28 10:08:10.000000000,98999,590,98979,590,99141,100,98946,200,99210,100,98908,100,99211,100,98893,100,99218,100,98777,100,99277,100,98605,100,99317,100,98602,100,99327,100,98594,100,99444,100,98135,100,99560,100,97881,100
2019-06-28 10:08:15.119943568,98999,590,98979,590,99141,100,98946,300,99210,100,98908,100,99211,100,98893,100,99218,100,98777,100,99277,100,98605,100,99317,100,98602,100,99327,100,98594,100,99444,100,98135,100,99560,100,97881,100
2019-06-28 10:08:20.000000000,98999,198,98979,198,99141,198,98946,398,99210,198,98908,198,99211,198,98893,198,99218,198,98777,198,99277,100,98605,100,99317,100,98602,100,99327,100,98594,100,99444,100,98135,100,99560,100,97881,100
2019-06-28 10:08:30.000000000,98999,345,98979,345,99141,345,98946,545,99210,100,98908,100,99211,100,98893,100,99218,100,98777,100,99277,100,98605,100,99317,100,98602,100,99327,100,98594,100,99444,100,98135,100,99560,100,97881,100
2019-06-28 10:08:34.181165305,98999,345,98979,345,99141,345,98946,645,99210,100,98908,100,99211,100,98893,100,99218,100,98777,100,99277,100,98605,100,99317,100,98602,100,99327,100,98594,100,99444,100,98135,100,99560,100,97881,100
2019-06-28 10:08:36.692841696,98999,245,98979,345,99141,345,98946,645,99210,100,98908,100,99211,100,98893,100,99218,100,98777,100,99277,100,98605,100,99317,100,98602,100,99327,100,98594,100,99444,100,98135,100,99560,100,97881,100
2019-06-28 10:08:40.000000000,99141,345,98979,345,99210,345,98946,645,99211,100,98908,100,99218,100,98893,100,99277,100,98777,100,99317,100,98605,100,99327,100,98602,100,99444,100,98594,100,99560,100,98135,100,99576,100,97881,100
2019-06-28 10:08:50.000000000,99141,590,98979,590,99210,100,98946,400,99211,100,98908,100,99218,100,98893,100,99277,100,98777,100,99317,100,98605,100,99327,100,98602,100,99444,100,98594,100,99560,100,98135,100,99576,100,97881,100
2019-06-28 10:09:00.000000000,99141,267,98979,267,99210,262,98946,562,99211,262,98908,262,99218,100,98893,100,99277,100,98777,100,99317,100,98605,100,99327,100,98602,100,99444,100,98594,100,99560,100,98135,100,99576,100,97881,100
2019-06-28 10:09:10.000000000,99141,267,98979,267,99210,262,98946,562,99211,262,98908,262,99218,100,98893,100,99277,100,98777,100,99317,100,98605,100,99327,100,98602,100,99444,100,98594,100,99560,100,98135,100,99576,100,97881,100
2019-06-28 10:09:10.623823341,99141,167,98979,267,99210,262,98946,562,99211,262,98908,262,99218,100,98893,100,99277,100,98777,100,99317,100,98605,100,99327,100,98602,100,99444,100,98594,100,99560,100,98135,100,99576,100,97881,100
2019-06-28 10:09:13.041373592,99141,167,98979,267,99210,262,98946,462,99211,262,98908,262,99218,100,98893,100,99277,100,98777,100,99317,100,98605,100,99327,100,98602,100,99444,100,98594,100,99560,100,98135,100,99576,100,97881,100
2019-06-28 10:09:15.526629612,99141,67,98979,267,99210,262,98946,462,99211,262,98908,262,99218,100,98893,100,99277,100,98777,100,99317,100,98605,100,99327,100,98602,100,99444,100,98594,100,99560,100,98135,100,99576,100,97881,100
2019-06-28 10:09:20.000000000,99210,222,98979,222,99211,222,98946,422,99218,222,98908,222,99277,222,98893,222,99317,100,98777,100,99327,100,98605,100,99444,100,98602,100,99560,100,98594,100,99576,100,98135,100,99925,100,97881,100
2019-06-28 10:09:30.000000000,99210,267,98979,267,99211,262,98946,462,99218,262,98908,262,99277,100,98893,100,99317,100,98777,100,99327,100,98605,100,99444,100,98602,100,99560,100,98594,100,99576,100,98135,100,99925,100,97881,100
2019-06-28 10:09:40.000000000,99210,198,98979,198,99211,198,98946,398,99218,198,98908,198,99277,198,98893,198,99317,198,98777,198,99327,100,98605,100,99444,100,98602,100,99560,100,98594,100,99576,100,98135,100,99925,100,97881,100
2019-06-28 10:09:50.000000000,99210,267,98979,267,99211,262,98946,462,99218,262,98908,262,99277,100,98893,100,99317,100,98777,100,99327,100,98605,100,99444,100,98602,100,99560,100,98594,100,99576,100,98135,100,99925,100,97881,100
