,ask_price_1,ask_size_1,bid_price_1,bid_size_1,ask_price_2,ask_size_2,bid_price_2,bid_size_2,ask_price_3,ask_size_3,bid_price_3,bid_size_3,ask_price_4,ask_size_4,bid_price_4,bid_size_4,ask_price_5,ask_size_5,bid_price_5,bid_size_5,ask_price_6,ask_size_6,bid_price_6,bid_size_6,ask_price_7,ask_size_7,bid_price_7,bid_size_7,ask_price_8,ask_size_8,bid_price_8,bid_size_8,ask_price_9,ask_size_9,bid_price_9,bid_size_9,ask_price_10,ask_size_10,bid_price_10,bid_size_10
2019-06-28 09:30:00.000000000,100073,100,,,100113,100,,,,,,,,,,,,,,,,,,,,,,,,,,,,,,,,,,
2019-06-28 09:30:00.000000004,100073,100,99852,100,100113,100,,,,,,,,,,,,,,,,,,,,,,,,,,,,,,,,,,
2019-06-28 09:30:00.000000005,100032,100,99894,100,100070,100,99852,100,100073,100,,,100113,100,,,,,,,,,,,,,,,,,,,,,,,,,,
2019-06-28 09:30:00.000000008,100032,100,99919,100,100070,100,99894,100,100073,100,99852,100,100113,100,,,,,,,,,,,,,,,,,,,,,,,,,,
2019-06-28 09:30:00.000000009,100032,100,99972,100,100070,100,99919,100,100073,100,99894,100,100113,100,99852,100,,,,,,,,,,,,,,,,,,,,,,,,
2019-06-28 09:30:00.000000011,100010,100,99972,100,100032,100,99919,100,100070,100,99902,100,100073,100,99897,100,100113,100,99894,100,,,99852,100,,,,,,,,,,,,,,,,
2019-06-28 09:30:00.000000015,100010,100,99972,100,100032,100,99919,100,100070,100,99902,100,100073,100,99897,100,100111,100,99894,100,100113,100,99852,100,,,,,,,,,,,,,,,,
2019-06-28 09:30:00.000000016,100010,100,99972,100,100032,100,99919,100,100070,100,99916,100,100073,100,99902,100,100111,100,99897,100,100113,100,99894,100,,,99852,100,,,,,,,,,,,,
2019-06-28 09:30:00.000000021,100010,100,99919,100,100032,100,99916,100,100070,100,99911,100,100073,100,99902,100,100111,100,99897,100,100113,100,99894,100,,,99852,100,,,,,,,,,,,,
2019-06-28 09:30:00.000000023,99965,100,99919,100,100010,100,99916,100,100032,100,99911,100,100070,100,99902,100,100073,100,99897,100,100111,100,99894,100,100113,100,99852,100,,,,,,,,,,,,
2019-06-28 09:30:00.000000025,100010,100,99919,100,100032,200,99916,100,100070,100,99911,100,100073,100,99902,100,100111,100,99897,100,100113,100,99894,100,,,99852,100,,,,,,,,,,,,
2019-06-28 09:30:00.000000028,100010,100,99919,100,100032,200,99916,100,100070,100,99911,100,100073,100,99902,100,100111,100,99897,100,100113,100,99894,100,100120,100,99852,100,100136,100,,,,,,,,,,
2019-06-28 09:30:00.000000030,100010,100,99965,100,100032,200,99919,100,100070,100,99916,100,100073,100,99911,100,100111,100,99902,100,100113,100,99897,100,100120,100,99894,100,100136,100,99852,100,,,,,,,,
2019-06-28 09:30:00.000000031,100010,100,99965,100,100032,200,99919,100,100070,100,99916,100,100073,100,99911,100,100111,100,99902,100,100113,100,99897,100,100119,100,99894,100,100120,100,99852,100,100136,100,,,,,,
2019-06-28 09:30:00.000000033,99973,100,99965,100,100010,100,99919,100,100032,200,99916,100,100070,100,99911,100,100073,100,99902,100,100111,100,99897,100,100113,100,99894,100,100119,100,99852,100,100120,100,,,100136,100,,
2019-06-28 09:30:00.000000034,99973,100,99965,100,100010,100,99950,100,100032,200,99919,100,100070,100,99916,100,100073,100,99911,100,100111,100,99902,100,100113,100,99897,100,100119,100,99894,100,100120,100,99852,100,100136,100,,
2019-06-28 09:30:00.000000040,99973,100,99965,100,100010,100,99950,100,100032,200,99919,100,100070,100,99916,100,100073,100,99911,100,100111,200,99902,100,100113,100,99897,100,100119,100,99894,100,100120,100,99852,100,100136,100,,
2019-06-28 09:30:00.000000043,100010,100,99966,100,100032,200,99965,100,100070,100,99950,100,100073,100,99919,100,100111,200,99916,100,100113,100,99911,100,100119,100,99902,100,100120,100,99897,100,100136,100,99894,100,100139,100,99852,100
2019-06-28 09:30:00.000000044,100000,100,99966,100,100010,100,99965,100,100032,200,99950,100,100070,100,99919,100,100073,100,99916,100,100111,200,99911,100,100113,100,99902,100,100119,100,99897,100,100120,100,99894,100,100136,100,99852,100
2019-06-28 09:30:00.000000046,100000,100,99966,100,100010,100,99965,100,100032,200,99950,100,100058,100,99919,100,100070,100,99916,100,100073,100,99911,100,100089,100,99902,100,100111,200,99897,100,100113,100,99894,100,100119,100,99883,100
2019-06-28 09:30:00.000000049,100000,100,99966,100,100010,100,99965,100,100032,200,99950,100,100058,100,99919,100,100070,100,99916,100,100073,100,99911,100,100089,100,99902,100,100111,200,99897,100,100113,100,99895,100,100119,100,99894,100
2019-06-28 09:30:00.000000052,100000,100,99966,100,100010,100,99965,100,100032,200,99952,100,100058,100,99950,100,100070,100,99919,100,100073,100,99916,100,100089,100,99911,100,100111,200,99902,100,100113,100,99897,100,100119,100,99895,100
2019-06-28 09:30:00.000000053,100000,100,99966,100,100010,100,99965,100,100032,200,99952,100,100058,100,99950,100,100070,100,99919,100,100073,100,99916,100,100089,100,99911,100,100111,200,99902,100,100113,100,99897,100,100119,100,99895,100
2019-06-28 09:30:00.000000054,100000,100,99966,100,100004,100,99965,100,100010,100,99952,100,100032,200,99950,100,100058,100,99919,100,100070,100,99916,100,100073,100,99911,100,100089,100,99902,100,100111,200,99897,100,100113,100,99895,100
2019-06-28 09:30:00.000000055,99973,100,99966,200,100000,100,99965,100,100004,100,99952,100,100010,100,99950,100,100032,200,99919,100,100055,100,99916,100,100058,100,99911,100,100070,100,99902,100,100073,100,99897,100,100089,100,99895,100
2019-06-28 09:30:00.000000062,99973,100,99966,200,100000,100,99965,100,100004,100,99952,100,100010,100,99950,100,100030,100,99919,100,100032,200,99916,100,100055,100,99911,100,100058,100,99902,100,100070,100,99897,100,100073,100,99895,100
2019-06-28 09:30:00.000000063,100000,100,99966,200,100004,100,99965,100,100010,100,99952,100,100030,100,99950,100,100032,200,99919,100,100055,100,99916,100,100058,100,99911,100,100070,100,99902,100,100073,100,99897,100,100089,100,99895,100
2019-06-28 09:30:00.000000071,100000,100,99973,100,100004,100,99966,200,100010,100,99965,100,100030,100,99952,100,100032,200,99950,100,100055,100,99919,100,100058,100,99916,100,100070,100,99911,100,100073,100,99902,100,100089,100,99897,100
2019-06-28 09:30:00.000000075,100000,100,99973,100,100004,100,99966,200,100010,100,99965,100,100030,100,99952,100,100032,200,99950,100,100055,100,99932,100,100058,100,99919,100,100070,100,99916,100,100073,100,99911,100,100089,100,99902,100
2019-06-28 09:30:00.000000078,99998,100,99973,100,100000,100,99966,200,100004,100,99965,100,100010,100,99952,100,100030,100,99950,100,100032,200,99932,100,100055,100,99919,100,100058,100,99916,100,100070,100,99911,100,100073,200,99902,100
2019-06-28 09:30:00.000000080,99998,100,99973,100,100000,100,99966,200,100004,100,99965,100,100010,100,99952,100,100030,100,99950,100,100032,200,99932,100,100055,100,99928,100,100058,100,99919,100,100070,100,99916,100,100073,200,99911,100
2019-06-28 09:30:00.000000083,99998,100,99973,100,100000,100,99966,200,100004,100,99965,100,100010,100,99952,100,100025,100,99950,100,100030,100,99932,100,100032,200,99928,100,100055,100,99919,100,100058,100,99916,100,100070,100,99911,100
2019-06-28 09:30:00.000000084,99998,100,99997,100,100000,100,99966,200,100004,100,99965,100,100010,100,99952,100,100025,100,99950,100,100030,100,99932,100,100032,200,99928,100,100055,100,99919,100,100058,100,99916,100,100070,100,99911,100
2019-06-28 09:30:00.000000085,100000,100,99997,100,100004,100,99966,200,100010,100,99965,100,100025,100,99962,100,100030,100,99952,100,100032,200,99950,100,100055,100,99932,100,100058,100,99928,100,100070,100,99919,100,100073,200,99916,100
2019-06-28 09:30:00.000000086,100000,100,99997,100,100004,100,99966,200,100010,100,99965,100,100025,100,99962,100,100030,100,99952,100,100032,200,99950,100,100055,100,99932,100,100058,100,99928,100,100070,100,99919,100,100073,200,99916,100
2019-06-28 09:30:00.000000088,100000,100,99997,100,100004,100,99973,100,100010,100,99966,200,100025,100,99965,100,100030,100,99962,100,100032,200,99952,100,100055,100,99950,100,100058,100,99932,100,100070,100,99928,100,100073,200,99919,100
2019-06-28 09:30:00.000000089,100000,100,99997,100,100004,100,99973,100,100010,100,99966,200,100025,100,99965,100,100030,100,99962,100,100032,200,99952,100,100055,100,99950,100,100058,100,99932,100,100063,100,99928,100,100070,100,99919,100
2019-06-28 09:30:00.000000090,100000,100,99997,100,100004,100,99973,100,100009,100,99966,200,100010,100,99965,100,100025,100,99962,100,100030,100,99952,100,100032,200,99950,100,100055,100,99932,100,100058,100,99928,100,100063,100,99919,100
2019-06-28 09:30:00.000000092,100004,100,99997,100,100009,100,99973,100,100010,100,99966,200,100025,100,99965,100,100030,100,99962,100,100032,200,99952,100,100055,100,99950,100,100058,100,99932,100,100063,100,99928,100,100070,100,99919,100
2019-06-28 09:30:00.000000094,100004,100,99973,100,100009,100,99966,200,100010,100,99965,100,100025,100,99962,100,100030,100,99952,100,100032,200,99950,100,100055,100,99932,100,100058,100,99928,100,100063,100,99919,100,100070,100,99916,100
2019-06-28 09:30:00.000000097,100004,100,99973,100,100009,100,99966,200,100010,100,99965,100,100025,100,99962,100,100030,100,99952,100,100032,200,99950,100,100042,100,99932,100,100055,100,99928,100,100058,100,99919,100,100063,100,99916,100
2019-06-28 09:30:10.000000000,100004,395,99973,395,100009,100,99966,200,100010,100,99965,100,100025,100,99962,100,100030,100,99952,100,100032,200,99950,100,100042,100,99932,100,100055,100,99928,100,100058,100,99919,100,100063,100,99916,100
2019-06-28 09:30:10.596163839,100004,395,99973,395,100009,100,99966,200,100010,100,99965,100,100025,100,99962,100,100030,100,99952,100,100032,200,99950,100,100042,100,99932,100,100055,100,99928,100,100058,100,99919,100,100063,100,99916,100
2019-06-28 09:30:20.000000000,100004,174,99973,174,100009,174,99966,274,100010,174,99965,174,100025,174,99962,174,100030,100,99952,100,100032,200,99950,100,100042,100,99932,100,100055,100,99928,100,100058,100,99919,100,100063,100,99916,100
2019-06-28 09:30:20.249205604,100004,174,99973,174,100009,174,99966,274,100010,174,99965,174,100025,174,99962,174,100030,100,99952,100,100032,200,99950,100,100042,100,99932,100,100055,100,99928,100,100058,100,99919,100,100063,100,99916,100
2019-06-28 09:30:30.000000000,100004,174,99973,174,100009,174,99966,274,100010,174,99965,174,100025,174,99962,174,100030,100,99952,100,100032,200,99950,100,100042,100,99932,100,100055,100,99928,100,100058,100,99919,100,100063,100,99916,100
2019-06-28 09:30:40.000000000,100004,200,99973,200,100009,197,99966,297,100010,197,99965,197,100025,100,99962,100,100030,100,99952,100,100032,200,99950,100,100042,100,99932,100,100055,100,99928,100,100058,100,99919,100,100063,100,99916,100
2019-06-28 09:30:50.000000000,100004,200,99973,200,100009,197,99966,297,100010,197,99965,197,100025,100,99962,100,100030,100,99952,100,100032,200,99950,100,100042,100,99932,100,100055,100,99928,100,100058,100,99919,100,100063,100,99916,100
2019-06-28 09:31:00.000000000,100004,174,99973,174,100009,174,99966,274,100010,174,99965,174,100025,174,99962,174,100030,100,99952,100,100032,200,99950,100,100042,100,99932,100,100055,100,99928,100,100058,100,99919,100,100063,100,99916,100
2019-06-28 09:31:06.260491736,100004,174,99973,174,100009,174,99966,274,100010,174,99965,174,100025,174,99962,174,100030,100,99952,100,100032,200,99950,100,100042,100,99932,100,100055,100,99928,100,100058,100,99919,100,100063,100,99916,100
2019-06-28 09:31:10.000000000,100004,159,99973,159,100009,159,99966,259,100010,159,99965,159,100025,159,99962,159,100030,159,99952,159,100032,200,99950,100,100042,100,99932,100,100055,100,99928,100,100058,100,99919,100,100063,100,99916,100
2019-06-28 09:31:20.000000000,100004,174,99973,174,100009,174,99966,274,100010,174,99965,174,100025,174,99962,174,100030,100,99952,100,100032,200,99950,100,100042,100,99932,100,100055,100,99928,100,100058,100,99919,100,100063,100,99916,100
2019-06-28 09:31:30.000000000,100004,395,99973,395,100009,100,99966,200,100010,100,99965,100,100025,100,99962,100,100030,100,99952,100,100032,200,99950,100,100042,100,99932,100,100055,100,99928,100,100058,100,99919,100,100063,100,99916,100
2019-06-28 09:31:34.025124631,100004,395,99973,395,100009,100,99966,200,100010,100,99965,100,100025,100,99962,100,100030,100,99952,100,100032,200,99950,100,100042,100,99932,100,100055,100,99928,100,100058,100,99919,100,100063,100,99916,100
2019-06-28 09:31:38.647506183,100004,395,99973,395,100010,100,99966,200,100025,100,99965,100,100030,100,99962,100,100032,200,99952,100,100042,100,99950,100,100055,100,99932,100,100058,100,99928,100,100063,100,99925,100,100070,100,99919,100
2019-06-28 09:31:40.000000000,100004,174,99973,174,100010,174,99966,274,100025,174,99965,174,100030,174,99962,174,100032,200,99952,100,100042,100,99950,100,100055,100,99932,100,100058,100,99928,100,100063,100,99925,100,100070,100,99919,100
2019-06-28 09:31:47.673522646,100004,174,99973,174,100010,174,99966,274,100025,174,99965,174,100030,74,99962,174,100032,200,99952,100,100042,100,99950,100,100055,100,99932,100,100058,100,99928,100,100063,100,99925,100,100070,100,99919,100
2019-06-28 09:31:50.000000000,100004,159,99973,159,100010,159,99966,259,100025,159,99965,159,100032,259,99962,159,100042,159,99952,159,100055,100,99950,100,100058,100,99932,100,100063,100,99928,100,100070,100,99925,100,100073,200,99919,100
2019-06-28 09:31:52.826175675,100004,159,99973,159,100010,159,99966,259,100025,159,99965,159,100032,259,99962,159,100042,159,99952,159,100055,100,99950,100,100058,100,99932,100,100063,100,99928,100,100070,100,99925,100,100073,200,99919,100
2019-06-28 09:32:00.000000000,100004,395,99973,395,100010,100,99966,200,100025,100,99965,100,100032,200,99962,100,100042,100,99952,100,100055,100,99950,100,100058,100,99932,100,100063,100,99928,100,100070,100,99925,100,100073,200,99919,100
2019-06-28 09:32:07.871924207,100004,395,99973,395,100010,100,99966,200,100025,100,99965,100,100032,200,99962,100,100042,100,99952,100,100055,100,99950,100,100058,100,99932,100,100063,100,99928,100,100070,100,99925,100,100073,200,99919,100
2019-06-28 09:32:10.000000000,100004,174,99973,174,100010,174,99966,274,100025,174,99965,174,100032,274,99962,174,100042,100,99952,100,100055,100,99950,100,100058,100,99932,100,100063,100,99928,100,100070,100,99925,100,100073,200,99919,100
2019-06-28 09:32:10.219888886,100004,74,99973,174,100010,174,99966,274,100025,174,99965,174,100032,274,99962,174,100042,100,99952,100,100055,100,99950,100,100058,100,99932,100,100063,100,99928,100,100070,100,99925,100,100073,200,99919,100
2019-06-28 09:32:20.000000000,100010,248,99973,248,100025,248,99966,348,100032,200,99965,100,100042,100,99962,100,100055,100,99952,100,100058,100,99950,100,100063,100,99932,100,100070,100,99928,100,100073,200,99925,100,100089,100,99919,100
2019-06-28 09:32:27.102937063,100010,248,99997,100,100025,248,99973,248,100032,200,99966,348,100042,100,99965,100,100055,100,99962,100,100058,100,99952,100,100063,100,99950,100,100070,100,99932,100,100073,200,99928,100,100089,100,99925,100
2019-06-28 09:32:28.849543720,100010,248,99997,100,100025,248,99973,248,100032,200,99966,348,100042,100,99965,100,100055,100,99962,100,100058,100,99952,100,100063,100,99950,100,100070,100,99932,100,100073,200,99928,100,100089,100,99925,100
2019-06-28 09:32:30.000000000,100010,395,99997,395,100025,100,99973,100,100032,200,99966,200,100042,100,99965,100,100055,100,99962,100,100058,100,99952,100,100063,100,99950,100,100070,100,99932,100,100073,200,99928,100,100089,100,99925,100
2019-06-28 09:32:40.000000000,100010,248,99997,248,100025,248,99973,248,100032,200,99966,200,100042,100,99965,100,100055,100,99962,100,100058,100,99952,100,100063,100,99950,100,100070,100,99932,100,100073,200,99928,100,100089,100,99925,100
2019-06-28 09:32:50.000000000,100010,159,99997,159,100025,159,99973,159,100032,259,99966,259,100042,159,99965,159,100055,159,99962,159,100058,100,99952,100,100063,100,99950,100,100070,100,99932,100,100073,200,99928,100,100089,100,99925,100
2019-06-28 09:32:52.225732629,100010,159,99997,159,100025,159,99973,159,100032,259,99966,259,100042,59,99965,159,100055,159,99962,159,100058,100,99952,100,100063,100,99950,100,100070,100,99932,100,100073,200,99928,100,100089,100,99925,100
2019-06-28 09:33:00.000000000,100010,200,99997,200,100025,197,99973,197,100032,297,99966,297,100055,100,99965,100,100058,100,99962,100,100063,100,99952,100,100070,100,99950,100,100073,200,99932,100,100089,100,99928,100,100091,100,99925,100
2019-06-28 09:33:10.000000000,100010,200,99997,200,100025,197,99973,197,100032,297,99966,297,100055,100,99965,100,100058,100,99962,100,100063,100,99952,100,100070,100,99950,100,100073,200,99932,100,100089,100,99928,100,100091,100,99925,100
2019-06-28 09:33:20.000000000,100010,248,99997,248,100025,248,99973,248,100032,200,99966,200,100055,100,99965,100,100058,100,99962,100,100063,100,99952,100,100070,100,99950,100,100073,200,99932,100,100089,100,99928,100,100091,100,99925,100
2019-06-28 09:33:30.000000000,100010,395,99997,395,100025,100,99973,100,100032,200,99966,200,100055,100,99965,100,100058,100,99962,100,100063,100,99952,100,100070,100,99950,100,100073,200,99932,100,100089,100,99928,100,100091,100,99925,100
2019-06-28 09:33:30.636223590,100010,395,99997,495,100025,100,99973,100,100032,200,99966,100,100055,100,99965,100,100058,100,99962,100,100063,100,99952,100,100070,100,99950,100,100073,200,99932,100,100089,100,99928,100,100091,100,99925,100
2019-06-28 09:33:38.175792761,100010,295,99997,495,100025,100,99973,100,100032,200,99966,100,100055,100,99965,100,100058,100,99962,100,100063,100,99952,100,100070,100,99950,100,100073,200,99932,100,100089,100,99928,100,100091,100,99925,100
2019-06-28 09:33:40.000000000,100025,200,99997,300,100032,297,99973,197,100055,197,99966,197,100058,100,99965,100,100063,100,99962,100,100070,100,99952,100,100073,200,99950,100,100089,100,99932,100,100091,100,99928,100,100111,200,99925,100
2019-06-28 09:33:50.000000000,100025,200,99997,300,100032,297,99973,197,100055,197,99966,197,100058,100,99965,100,100063,100,99962,100,100070,100,99952,100,100073,200,99950,100,100089,100,99932,100,100091,100,99928,100,100111,200,99925,100
2019-06-28 09:33:52.920507192,100025,100,99997,300,100032,297,99973,197,100055,197,99966,197,100058,100,99965,100,100063,100,99962,100,100070,100,99952,100,100073,200,99950,100,100089,100,99932,100,100091,100,99928,100,100111,200,99925,100
2019-06-28 09:34:00.000000000,100032,259,99997,259,100055,159,99973,159,100058,159,99966,159,100063,159,99965,159,100070,159,99962,159,100073,200,99952,100,100089,100,99950,100,100091,100,99932,100,100111,200,99928,100,100113,100,99925,100
2019-06-28 09:34:10.000000000,100032,348,99997,348,100055,248,99973,248,100058,100,99966,100,100063,100,99965,100,100070,100,99962,100,100073,200,99952,100,100089,100,99950,100,100091,100,99932,100,100111,200,99928,100,100113,100,99925,100
2019-06-28 09:34:19.649356107,100032,348,99997,348,100055,248,99973,248,100058,100,99966,100,100063,100,99965,100,100070,100,99962,100,100073,200,99952,100,100089,100,99950,100,100111,200,99932,100,100113,100,99928,100,100119,100,99925,100
2019-06-28 09:34:20.000000000,100032,274,99997,274,100055,174,99973,174,100058,174,99966,174,100063,174,99965,174,100070,100,99962,100,100073,200,99952,100,100089,100,99950,100,100111,200,99932,100,100113,100,99928,100,100119,100,99925,100
2019-06-28 09:34:30.000000000,100032,274,99997,274,100055,174,99973,174,100058,174,99966,174,100063,174,99965,174,100070,100,99962,100,100073,200,99952,100,100089,100,99950,100,100111,200,99932,100,100113,100,99928,100,100119,100,99925,100
2019-06-28 09:34:40.000000000,100032,348,99997,348,100055,248,99973,248,100058,100,99966,100,100063,100,99965,100,100070,100,99962,100,100073,200,99952,100,100089,100,99950,100,100111,200,99932,100,100113,100,99928,100,100119,100,99925,100
2019-06-28 09:34:48.137845144,100032,348,100010,100,100055,248,99997,348,100058,100,99973,248,100063,100,99966,100,100070,100,99965,100,100073,200,99962,100,100089,100,99952,100,100111,200,99950,100,100119,100,99932,100,100120,100,99928,100
2019-06-28 09:34:50.000000000,100032,274,100010,174,100055,174,99997,274,100058,174,99973,174,100063,174,99966,174,100070,100,99965,100,100073,200,99962,100,100089,100,99952,100,100111,200,99950,100,100119,100,99932,100,100120,100,99928,100
2019-06-28 09:35:00.000000000,100032,274,100010,174,100055,174,99997,274,100058,174,99973,174,100063,174,99966,174,100070,100,99965,100,100073,200,99962,100,100089,100,99952,100,100111,200,99950,100,100119,100,99932,100,100120,100,99928,100
2019-06-28 09:35:10.000000000,100032,300,100010,200,100055,197,99997,297,100058,197,99973,197,100063,100,99966,100,100070,100,99965,100,100073,200,99962,100,100089,100,99952,100,100111,200,99950,100,100119,100,99932,100,100120,100,99928,100
2019-06-28 09:35:20.000000000,100032,274,100010,174,100055,174,99997,274,100058,174,99973,174,100063,174,99966,174,100070,100,99965,100,100073,200,99962,100,100089,100,99952,100,100111,200,99950,100,100119,100,99932,100,100120,100,99928,100
2019-06-28 09:35:28.285236767,100032,174,100010,174,100055,174,99997,274,100058,174,99973,174,100063,174,99966,174,100073,200,99965,100,100089,100,99962,100,100111,200,99952,100,100119,100,99950,100,100120,100,99932,100,100128,100,99928,100
2019-06-28 09:35:30.000000000,100032,200,100010,200,100055,197,99997,297,100058,197,99973,197,100063,100,99966,100,100073,200,99965,100,100089,100,99962,100,100111,200,99952,100,100119,100,99950,100,100120,100,99932,100,100128,100,99928,100
2019-06-28 09:35:34.610699116,100032,200,100010,200,100055,197,99997,297,100058,197,99973,197,100073,200,99966,100,100089,100,99965,100,100111,200,99962,100,100119,100,99952,100,100120,100,99950,100,100128,100,99932,100,100136,100,99928,100
2019-06-28 09:35:40.000000000,100032,159,100010,159,100055,159,99997,259,100058,159,99973,159,100073,259,99966,159,100089,159,99965,159,100111,200,99962,100,100119,100,99952,100,100120,100,99950,100,100128,100,99932,100,100136,100,99928,100
2019-06-28 09:35:50.000000000,100032,200,100010,200,100055,197,99997,297,100058,197,99973,197,100073,200,99966,100,100089,100,99965,100,100111,200,99962,100,100119,100,99952,100,100120,100,99950,100,100128,100,99932,100,100136,100,99928,100
2019-06-28 09:35:50.890548578,100032,200,100010,200,100055,197,99997,297,100058,197,99973,197,100069,100,99966,100,100073,200,99965,100,100089,100,99962,100,100111,200,99952,100,100119,100,99950,100,100120,100,99932,100,100128,100,99928,100
2019-06-28 09:36:00.000000000,100032,174,100010,174,100055,174,99997,274,100058,174,99973,174,100069,174,99966,174,100073,200,99965,100,100089,100,99962,100,100111,200,99952,100,100119,100,99950,100,100120,100,99932,100,100128,100,99928,100
2019-06-28 09:36:10.000000000,100032,248,100010,248,100055,248,99997,348,100058,100,99973,100,100069,100,99966,100,100073,200,99965,100,100089,100,99962,100,100111,200,99952,100,100119,100,99950,100,100120,100,99932,100,100128,100,99928,100
2019-06-28 09:36:10.786577508,100032,248,100010,248,100055,248,99997,348,100058,100,99973,100,100069,100,99966,100,100073,200,99965,100,100089,100,99962,100,100111,200,99952,100,100119,100,99950,100,100120,100,99932,100,100128,100,99928,100
2019-06-28 09:36:11.644179018,100024,100,100010,248,100032,248,99997,348,100055,248,99973,100,100058,100,99966,100,100069,100,99965,100,100073,200,99962,100,100089,100,99952,100,100111,200,99950,100,100119,100,99932,100,100120,100,99928,100
2019-06-28 09:36:12.613605372,100024,100,100010,248,100032,248,99997,348,100055,248,99977,100,100058,100,99973,100,100069,100,99966,100,100073,200,99965,100,100089,100,99962,100,100111,200,99952,100,100119,100,99950,100,100120,100,99932,100
2019-06-28 09:36:14.323367811,100024,100,100010,248,100032,248,99997,348,100055,248,99977,100,100058,100,99973,100,100069,100,99966,100,100073,200,99965,100,100089,100,99962,100,100111,200,99952,100,100119,100,99950,100,100120,100,99932,100
2019-06-28 09:36:20.000000000,100024,174,100010,174,100032,174,99997,274,100055,174,99977,174,100058,174,99973,174,100069,100,99966,100,100073,200,99965,100,100089,100,99962,100,100111,200,99952,100,100119,100,99950,100,100120,100,99932,100
2019-06-28 09:36:28.915511227,100024,174,100010,174,100032,174,99997,274,100055,174,99977,174,100058,174,99973,174,100069,100,99966,100,100073,200,99965,100,100089,100,99962,100,100111,200,99952,100,100119,100,99950,100,100120,100,99932,100
2019-06-28 09:36:30.000000000,100024,159,100010,159,100032,159,99997,259,100055,159,99977,159,100058,159,99973,159,100069,159,99966,159,100073,200,99965,100,100089,100,99962,100,100111,200,99952,100,100119,100,99950,100,100120,100,99932,100
2019-06-28 09:36:30.710399398,100024,59,100010,159,100032,159,99997,259,100055,159,99977,159,100058,159,99973,159,100069,159,99966,159,100073,200,99965,100,100089,100,99962,100,100111,200,99952,100,100119,100,99950,100,100120,100,99932,100
2019-06-28 09:36:40.000000000,100032,159,100010,159,100055,159,99997,259,100058,159,99977,159,100069,159,99973,159,100073,259,99966,159,100089,100,99965,100,100111,200,99962,100,100119,100,99952,100,100120,100,99950,100,100136,100,99932,100
2019-06-28 09:36:44.783191053,100032,159,100010,59,100055,159,99997,259,100058,159,99977,159,100069,159,99973,159,100073,259,99966,159,100089,100,99965,100,100111,200,99962,100,100119,100,99952,100,100120,100,99950,100,100136,100,99932,100
2019-06-28 09:36:50.000000000,100032,248,99997,348,100055,248,99977,248,100058,100,99973,100,100069,100,99966,100,100073,200,99965,100,100089,100,99962,100,100111,200,99952,100,100119,100,99950,100,100120,100,99932,100,100136,100,99925,100
2019-06-28 09:37:00.000000000,100032,174,99997,274,100055,174,99977,174,100058,174,99973,174,100069,174,99966,174,100073,200,99965,100,100089,100,99962,100,100111,200,99952,100,100119,100,99950,100,100120,100,99932,100,100136,100,99925,100
2019-06-28 09:37:01.163362723,100032,174,99997,274,100055,174,99977,174,100058,174,99973,174,100069,174,99966,174,100073,200,99965,100,100089,100,99962,100,100111,200,99952,100,100119,100,99950,100,100120,100,99932,100,100136,100,99925,100
2019-06-28 09:37:10.000000000,100032,159,99997,259,100055,159,99977,159,100058,159,99973,159,100069,159,99966,159,100073,259,99965,159,100089,100,99962,100,100111,200,99952,100,100119,100,99950,100,100120,100,99932,100,100136,100,99925,100
2019-06-28 09:37:20.000000000,100032,159,99997,259,100055,159,99977,159,100058,159,99973,159,100069,159,99966,159,100073,259,99965,159,100089,100,99962,100,100111,200,99952,100,100119,100,99950,100,100120,100,99932,100,100136,100,99925,100
2019-06-28 09:37:30.000000000,100032,248,99997,348,100055,248,99977,248,100058,100,99973,100,100069,100,99966,100,100073,200,99965,100,100089,100,99962,100,100111,200,99952,100,100119,100,99950,100,100120,100,99932,100,100136,100,99925,100
2019-06-28 09:37:33.959206231,100032,248,99997,348,100055,248,99977,248,100069,100,99973,100,100073,200,99966,100,100089,100,99965,100,100111,200,99962,100,100119,100,99952,100,100120,100,99950,100,100136,100,99932,100,100225,100,99925,100
2019-06-28 09:37:34.230826776,100032,248,99997,348,100055,248,99977,248,100069,100,99973,100,100073,200,99966,100,100089,100,99965,100,100111,200,99962,100,100117,100,99950,100,100119,100,99932,100,100120,100,99925,100,100136,100,99916,100
2019-06-28 09:37:40.000000000,100032,248,99997,348,100055,248,99977,248,100069,100,99973,100,100073,200,99966,100,100089,100,99965,100,100111,200,99962,100,100117,100,99950,100,100119,100,99932,100,100120,100,99925,100,100136,100,99916,100
2019-06-28 09:37:41.438115510,100032,248,99997,248,100055,248,99977,248,100069,100,99973,100,100073,200,99966,100,100089,100,99965,100,100111,200,99962,100,100117,100,99950,100,100119,100,99932,100,100120,100,99925,100,100136,100,99916,100
2019-06-28 09:37:43.028445846,100032,248,99997,248,100055,248,99977,148,100069,100,99973,100,100073,200,99966,100,100089,100,99965,100,100111,200,99962,100,100117,100,99950,100,100119,100,99932,100,100120,100,99925,100,100136,100,99916,100
2019-06-28 09:37:50.000000000,100032,248,99997,248,100055,248,99973,248,100069,100,99966,100,100073,200,99965,100,100089,100,99962,100,100111,200,99950,100,100117,100,99932,100,100119,100,99925,100,100120,100,99916,100,100136,100,99911,100
2019-06-28 09:37:57.623350009,100032,248,100011,100,100055,248,99997,248,100069,100,99973,248,100073,200,99966,100,100089,100,99965,100,100111,200,99962,100,100117,100,99950,100,100119,100,99932,100,100120,100,99925,100,100136,100,99916,100
2019-06-28 09:38:00.000000000,100032,395,100011,395,100055,100,99997,100,100069,100,99973,100,100073,200,99966,100,100089,100,99965,100,100111,200,99962,100,100117,100,99950,100,100119,100,99932,100,100120,100,99925,100,100136,100,99916,100
2019-06-28 09:38:03.169466236,100023,100,100011,395,100032,395,99997,100,100055,100,99973,100,100069,100,99966,100,100073,200,99965,100,100089,100,99962,100,100111,200,99950,100,100117,100,99932,100,100119,100,99925,100,100120,100,99916,100
2019-06-28 09:38:10.000000000,100023,248,100011,248,100032,248,99997,248,100055,100,99973,100,100069,100,99966,100,100073,200,99965,100,100089,100,99962,100,100111,200,99950,100,100117,100,99932,100,100119,100,99925,100,100120,100,99916,100
2019-06-28 09:38:15.930736333,100023,248,100011,248,100032,148,99997,248,100055,100,99973,100,100069,100,99966,100,100073,200,99965,100,100089,100,99962,100,100111,200,99950,100,100117,100,99934,100,100119,100,99932,100,100120,100,99925,100
2019-06-28 09:38:20.000000000,100023,395,100011,395,100055,100,99997,100,100069,100,99973,100,100073,200,99966,100,100089,100,99965,100,100111,200,99962,100,100117,100,99950,100,100119,100,99934,100,100120,100,99932,100,100136,100,99925,100
2019-06-28 09:38:30.000000000,100023,200,100011,200,100055,197,99997,197,100069,197,99973,197,100073,200,99966,100,100089,100,99965,100,100111,200,99962,100,100117,100,99950,100,100119,100,99934,100,100120,100,99932,100,100136,100,99925,100
2019-06-28 09:38:30.642452709,100023,200,100011,200,100055,197,99997,197,100069,197,99973,197,100073,200,99966,100,100089,100,99962,100,100111,200,99950,100,100117,100,99934,100,100119,100,99932,100,100120,100,99925,100,100136,100,99916,100
2019-06-28 09:38:40.000000000,100023,200,100011,200,100055,197,99997,197,100069,197,99973,197,100073,200,99966,100,100089,100,99962,100,100111,200,99950,100,100117,100,99934,100,100119,100,99932,100,100120,100,99925,100,100136,100,99916,100
2019-06-28 09:38:50.000000000,100023,159,100011,159,100055,159,99997,159,100069,159,99973,159,100073,259,99966,159,100089,159,99962,159,100111,200,99950,100,100117,100,99934,100,100119,100,99932,100,100120,100,99925,100,100136,100,99916,100
2019-06-28 09:39:00.000000000,100023,395,100011,395,100055,100,99997,100,100069,100,99973,100,100073,200,99966,100,100089,100,99962,100,100111,200,99950,100,100117,100,99934,100,100119,100,99932,100,100120,100,99925,100,100136,100,99916,100
2019-06-28 09:39:10.000000000,100023,395,100011,395,100055,100,99997,100,100069,100,99973,100,100073,200,99966,100,100089,100,99962,100,100111,200,99950,100,100117,100,99934,100,100119,100,99932,100,100120,100,99925,100,100136,100,99916,100
2019-06-28 09:39:20.000000000,100023,248,100011,248,100055,248,99997,248,100069,100,99973,100,100073,200,99966,100,100089,100,99962,100,100111,200,99950,100,100117,100,99934,100,100119,100,99932,100,100120,100,99925,100,100136,100,99916,100
2019-06-28 09:39:21.711588354,100023,248,100011,248,100055,248,99997,248,100069,100,99973,100,100073,200,99966,100,100089,100,99962,100,100098,100,99950,100,100111,200,99934,100,100117,100,99932,100,100119,100,99925,100,100120,100,99916,100
2019-06-28 09:39:22.955398501,100023,248,100011,248,100055,248,99997,248,100069,100,99973,100,100073,200,99966,100,100089,100,99962,100,100098,100,99950,100,100111,200,99934,100,100117,100,99932,100,100119,100,99925,100,100120,100,99916,100
2019-06-28 09:39:27.186196117,100023,248,100011,148,100055,248,99997,248,100069,100,99973,100,100073,200,99966,100,100089,100,99962,100,100098,100,99950,100,100111,200,99934,100,100117,100,99932,100,100119,100,99916,100,100120,100,99911,100
2019-06-28 09:39:30.000000000,100023,174,99997,174,100055,174,99973,174,100069,174,99966,174,100073,274,99962,174,100089,100,99950,100,100098,100,99934,100,100111,200,99932,100,100117,100,99916,100,100119,100,99911,100,100120,100,99900,100
2019-06-28 09:39:33.058363570,100023,174,99997,174,100045,100,99973,174,100055,174,99966,174,100069,174,99962,174,100073,274,99950,100,100089,100,99934,100,100098,100,99932,100,100111,200,99916,100,100117,100,99911,100,100119,100,99900,100
2019-06-28 09:39:40.000000000,100023,395,99997,395,100045,100,99973,100,100055,100,99966,100,100069,100,99962,100,100073,200,99950,100,100089,100,99934,100,100098,100,99932,100,100111,200,99916,100,100117,100,99911,100,100119,100,99900,100
2019-06-28 09:39:42.577049302,100023,395,99997,295,100045,100,99973,100,100055,100,99966,100,100069,100,99962,100,100073,200,99950,100,100089,100,99934,100,100098,100,99932,100,100111,200,99916,100,100117,100,99911,100,100119,100,99900,100
2019-06-28 09:39:50.000000000,100023,159,99973,159,100045,159,99966,159,100055,159,99962,159,100069,159,99950,159,100073,259,99934,159,100089,100,99932,100,100098,100,99916,100,100111,200,99911,100,100117,100,99900,100,100119,100,99895,100
2019-06-28 09:39:51.498897957,100023,159,99973,59,100045,159,99966,159,100055,159,99962,159,100069,159,99950,159,100073,259,99934,159,100089,100,99932,100,100098,100,99916,100,100111,200,99911,100,100117,100,99900,100,100119,100,99895,100
2019-06-28 09:40:00.000000000,100023,174,99966,174,100045,174,99962,174,100055,174,99950,174,100069,174,99934,174,100073,200,99932,100,100089,100,99916,100,100098,100,99911,100,100111,200,99900,100,100117,100,99895,100,100119,100,99875,100
2019-06-28 09:40:10.000000000,100023,395,99966,395,100045,100,99962,100,100055,100,99950,100,100069,100,99934,100,100073,200,99932,100,100089,100,99916,100,100098,100,99911,100,100111,200,99900,100,100117,100,99895,100,100119,100,99875,100
2019-06-28 09:40:15.873156279,100023,395,99966,395,100045,100,99962,100,100055,100,99950,100,100069,100,99934,100,100073,200,99932,100,100089,100,99916,100,100098,100,99911,100,100111,200,99900,100,100117,100,99895,100,100119,100,99875,100
2019-06-28 09:40:20.000000000,100023,174,99966,174,100045,174,99962,174,100055,174,99950,174,100069,174,99934,174,100073,200,99932,100,100089,100,99916,100,100098,100,99911,100,100111,200,99900,100,100117,100,99895,100,100119,100,99875,100
2019-06-28 09:40:20.364644752,100023,174,99966,174,100045,174,99962,174,100055,174,99950,174,100069,174,99934,174,100073,200,99932,100,100089,100,99916,100,100098,100,99911,100,100111,200,99900,100,100117,100,99895,100,100119,100,99875,100
2019-06-28 09:40:24.813000336,100023,174,99966,74,100045,174,99962,174,100055,174,99950,174,100069,174,99934,174,100073,200,99932,100,100089,100,99916,100,100098,100,99911,100,100111,200,99900,100,100117,100,99895,100,100119,100,99875,100
2019-06-28 09:40:30.000000000,100023,200,99962,200,100045,197,99950,197,100055,197,99934,197,100069,100,99932,100,100073,200,99916,100,100089,100,99911,100,100098,100,99900,100,100111,200,99895,100,100117,100,99875,100,100119,100,99814,100
2019-06-28 09:40:40.000000000,100023,200,99962,200,100045,197,99950,197,100055,197,99934,197,100069,100,99932,100,100073,200,99916,100,100089,100,99911,100,100098,100,99900,100,100111,200,99895,100,100117,100,99875,100,100119,100,99814,100
2019-06-28 09:40:50.000000000,100023,248,99962,248,100045,248,99950,248,100055,100,99934,100,100069,100,99932,100,100073,200,99916,100,100089,100,99911,100,100098,100,99900,100,100111,200,99895,100,100117,100,99875,100,100119,100,99814,100
2019-06-28 09:40:56.347746272,99973,100,99962,248,100023,248,99950,248,100045,248,99934,100,100055,100,99932,100,100069,100,99916,100,100073,200,99911,100,100089,100,99900,100,100098,100,99895,100,100111,200,99875,100,100117,100,99814,100
2019-06-28 09:41:00.000000000,99973,174,99962,174,100023,174,99950,174,100045,174,99934,174,100055,174,99932,174,100069,100,99916,100,100073,200,99911,100,100089,100,99900,100,100098,100,99895,100,100111,200,99875,100,100117,100,99814,100
2019-06-28 09:41:10.000000000,99973,174,99962,174,100023,174,99950,174,100045,174,99934,174,100055,174,99932,174,100069,100,99916,100,100073,200,99911,100,100089,100,99900,100,100098,100,99895,100,100111,200,99875,100,100117,100,99814,100
2019-06-28 09:41:15.286711776,99973,274,99962,174,100023,174,99950,174,100045,174,99934,174,100055,174,99932,174,100069,100,99916,100,100073,200,99911,100,100089,100,99900,100,100098,100,99895,100,100111,200,99875,100,100117,100,99814,100
2019-06-28 09:41:20.000000000,99973,300,99962,200,100023,197,99950,197,100045,197,99934,197,100055,100,99932,100,100069,100,99916,100,100073,200,99911,100,100089,100,99900,100,100098,100,99895,100,100111,200,99875,100,100117,100,99814,100
2019-06-28 09:41:22.510183260,99973,300,99962,100,100023,197,99950,197,100045,197,99934,197,100055,100,99932,100,100069,100,99916,100,100073,200,99911,100,100089,100,99900,100,100098,100,99895,100,100111,200,99875,100,100117,100,99814,100
2019-06-28 09:41:23.352222133,99973,400,99962,100,100023,197,99950,197,100045,197,99934,197,100055,100,99932,100,100069,100,99916,100,100073,200,99911,100,100089,100,99900,100,100098,100,99895,100,100111,200,99875,100,100117,100,99814,100
2019-06-28 09:41:30.000000000,99973,400,99950,200,100023,197,99934,197,100045,197,99932,197,100055,100,99916,100,100069,100,99911,100,100073,200,99900,100,100089,100,99895,100,100098,100,99875,100,100111,200,99814,100,100117,100,99757,100
2019-06-28 09:41:40.000000000,99973,595,99950,395,100023,100,99934,100,100045,100,99932,100,100055,100,99916,100,100069,100,99911,100,100073,200,99900,100,100089,100,99895,100,100098,100,99875,100,100111,200,99814,100,100117,100,99757,100
2019-06-28 09:41:50.000000000,99973,359,99950,159,100023,159,99934,159,100045,159,99932,159,100055,159,99916,159,100069,159,99911,159,100073,200,99900,100,100089,100,99895,100,100098,100,99875,100,100111,200,99814,100,100117,100,99757,100
2019-06-28 09:41:55.374775830,99973,259,99950,159,100023,159,99934,159,100045,159,99932,159,100055,159,99916,159,100069,59,99911,159,100073,200,99900,100,100089,100,99895,100,100098,100,99875,100,100111,200,99814,100,100117,100,99757,100
2019-06-28 09:42:00.000000000,99973,274,99950,174,100023,174,99934,174,100045,174,99932,174,100055,174,99916,174,100073,200,99911,100,100089,100,99900,100,100098,100,99895,100,100111,200,99875,100,100117,100,99814,100,100119,100,99757,100
2019-06-28 09:42:04.613366074,99973,274,99950,174,100023,174,99934,174,100045,174,99932,174,100055,174,99916,174,100073,200,99911,100,100089,100,99900,100,100098,100,99895,100,100111,200,99875,100,100117,100,99814,100,100119,100,99757,100
2019-06-28 09:42:10.000000000,99973,495,99950,395,100023,100,99934,100,100045,100,99932,100,100055,100,99916,100,100073,200,99911,100,100089,100,99900,100,100098,100,99895,100,100111,200,99875,100,100117,100,99814,100,100119,100,99757,100
2019-06-28 09:42:20.000000000,99973,274,99950,174,100023,174,99934,174,100045,174,99932,174,100055,174,99916,174,100073,200,99911,100,100089,100,99900,100,100098,100,99895,100,100111,200,99875,100,100117,100,99814,100,100119,100,99757,100
2019-06-28 09:42:30.000000000,99973,348,99950,248,100023,248,99934,248,100045,100,99932,100,100055,100,99916,100,100073,200,99911,100,100089,100,99900,100,100098,100,99895,100,100111,200,99875,100,100117,100,99814,100,100119,100,99757,100
2019-06-28 09:42:31.509773034,99973,248,99950,248,100023,248,99934,248,100045,100,99932,100,100055,100,99916,100,100073,200,99911,100,100089,100,99900,100,100098,100,99895,100,100111,200,99875,100,100117,100,99814,100,100119,100,99757,100
2019-06-28 09:42:37.896058746,99973,248,99950,248,100017,100,99934,248,100023,248,99932,100,100045,100,99916,100,100055,100,99911,100,100073,200,99900,100,100089,100,99895,100,100098,100,99875,100,100111,200,99814,100,100117,100,99757,100
2019-06-28 09:42:40.000000000,99973,395,99950,395,100017,100,99934,100,100023,100,99932,100,100045,100,99916,100,100055,100,99911,100,100073,200,99900,100,100089,100,99895,100,100098,100,99875,100,100111,200,99814,100,100117,100,99757,100
2019-06-28 09:42:40.195433762,99973,395,99950,395,100017,100,99934,100,100023,100,99932,100,100045,100,99916,100,100055,100,99911,100,100073,200,99900,100,100089,100,99895,100,100098,100,99875,100,100111,200,99814,100,100117,100,99804,100
2019-06-28 09:42:50.000000000,99973,159,99950,159,100017,159,99934,159,100023,159,99932,159,100045,159,99916,159,100055,159,99911,159,100073,200,99900,100,100089,100,99895,100,100098,100,99875,100,100111,200,99814,100,100117,100,99804,100
2019-06-28 09:43:00.000000000,99973,159,99950,159,100017,159,99934,159,100023,159,99932,159,100045,159,99916,159,100055,159,99911,159,100073,200,99900,100,100089,100,99895,100,100098,100,99875,100,100111,200,99814,100,100117,100,99804,100
2019-06-28 09:43:02.610378359,99973,159,99950,59,100017,159,99934,159,100023,159,99932,159,100045,159,99916,159,100055,59,99911,159,100073,200,99900,100,100089,100,99895,100,100098,100,99875,100,100111,200,99814,100,100117,100,99804,100
2019-06-28 09:43:09.877528852,99973,159,99951,100,100017,159,99950,59,100023,159,99934,159,100045,159,99932,159,100055,59,99916,159,100073,200,99911,159,100089,100,99900,100,100098,100,99895,100,100111,200,99875,100,100117,100,99814,100
2019-06-28 09:43:10.000000000,99973,248,99951,248,100017,248,99934,248,100023,100,99932,100,100045,100,99916,100,100073,200,99911,100,100089,100,99900,100,100098,100,99895,100,100111,200,99875,100,100117,100,99814,100,100119,100,99804,100
2019-06-28 09:43:18.513739600,99973,248,99951,148,100017,248,99934,248,100023,100,99932,100,100045,100,99916,100,100073,200,99911,100,100089,100,99895,100,100098,100,99875,100,100111,200,99814,100,100117,100,99804,100,100119,100,99757,100
2019-06-28 09:43:20.000000000,99973,174,99934,174,100017,174,99932,174,100023,174,99916,174,100045,174,99911,174,100073,200,99895,100,100089,100,99875,100,100098,100,99814,100,100111,200,99804,100,100117,100,99757,100,100119,100,99747,100
2019-06-28 09:43:30.000000000,99973,159,99934,159,100017,159,99932,159,100023,159,99916,159,100045,159,99911,159,100073,259,99895,159,100089,100,99875,100,100098,100,99814,100,100111,200,99804,100,100117,100,99757,100,100119,100,99747,100
2019-06-28 09:43:37.427327792,99973,159,99934,159,100017,159,99932,159,100023,159,99916,159,100045,159,99911,159,100073,259,99895,159,100089,100,99875,100,100098,100,99814,100,100111,200,99804,100,100117,100,99757,100,100119,100,99747,100
2019-06-28 09:43:37.783730934,99973,59,99934,159,100017,159,99932,159,100023,159,99916,159,100045,159,99911,159,100073,159,99895,159,100089,100,99875,100,100098,100,99814,100,100111,200,99804,100,100117,100,99757,100,100119,100,99747,100
2019-06-28 09:43:38.965370566,100017,159,99973,41,100023,159,99934,159,100045,159,99932,159,100073,159,99916,159,100089,100,99911,159,100098,100,99895,159,100111,200,99875,100,100117,100,99814,100,100119,100,99804,100,100120,100,99757,100
2019-06-28 09:43:40.000000000,100017,248,99973,189,100023,248,99934,248,100045,100,99932,100,100073,100,99916,100,100089,100,99911,100,100098,100,99895,100,100111,200,99875,100,100117,100,99814,100,100119,100,99804,100,100120,100,99757,100
2019-06-28 09:43:41.189275026,100017,248,99973,189,100023,248,99934,248,100045,100,99932,100,100073,100,99916,100,100089,100,99911,100,100098,100,99895,100,100111,200,99875,100,100117,100,99814,100,100119,100,99804,100,100120,100,99757,100
2019-06-28 09:43:50.000000000,100017,159,99973,100,100023,159,99934,159,100045,159,99932,159,100073,159,99916,159,100089,159,99911,159,100098,100,99895,100,100111,200,99875,100,100117,100,99814,100,100119,100,99804,100,100120,100,99757,100
2019-06-28 09:44:00.000000000,100017,248,99973,189,100023,248,99934,248,100045,100,99932,100,100073,100,99916,100,100089,100,99911,100,100098,100,99895,100,100111,200,99875,100,100117,100,99814,100,100119,100,99804,100,100120,100,99757,100
2019-06-28 09:44:10.000000000,100017,159,99973,100,100023,159,99934,159,100045,159,99932,159,100073,159,99916,159,100089,159,99911,159,100098,100,99895,100,100111,200,99875,100,100117,100,99814,100,100119,100,99804,100,100120,100,99757,100
2019-06-28 09:44:20.000000000,100017,248,99973,189,100023,248,99934,248,100045,100,99932,100,100073,100,99916,100,100089,100,99911,100,100098,100,99895,100,100111,200,99875,100,100117,100,99814,100,100119,100,99804,100,100120,100,99757,100
2019-06-28 09:44:24.217314318,100017,248,99973,289,100023,248,99934,248,100045,100,99932,100,100073,100,99916,100,100089,100,99911,100,100098,100,99895,100,100111,200,99875,100,100117,100,99814,100,100119,100,99804,100,100120,100,99757,100
2019-06-28 09:44:30.000000000,100017,159,99973,200,100023,159,99934,159,100045,159,99932,159,100073,159,99916,159,100089,159,99911,159,100098,100,99895,100,100111,200,99875,100,100117,100,99814,100,100119,100,99804,100,100120,100,99757,100
2019-06-28 09:44:31.979909504,100017,159,99973,159,100023,159,99934,159,100045,159,99932,159,100073,159,99916,159,100089,159,99911,159,100098,100,99895,100,100111,200,99875,100,100117,100,99814,100,100119,100,99804,100,100120,100,99757,100
2019-06-28 09:44:40.000000000,100017,395,99973,395,100023,100,99934,100,100045,100,99932,100,100073,100,99916,100,100089,100,99911,100,100098,100,99895,100,100111,200,99875,100,100117,100,99814,100,100119,100,99804,100,100120,100,99757,100
2019-06-28 09:44:43.248830193,100017,395,99973,495,100023,100,99934,100,100045,100,99932,100,100073,100,99916,100,100089,100,99911,100,100098,100,99895,100,100111,200,99875,100,100117,100,99814,100,100119,100,99804,100,100120,100,99757,100
2019-06-28 09:44:50.000000000,100017,395,99973,495,100023,100,99934,100,100045,100,99932,100,100073,100,99916,100,100089,100,99911,100,100098,100,99895,100,100111,200,99875,100,100117,100,99814,100,100119,100,99804,100,100120,100,99757,100
2019-06-28 09:44:58.729872196,100017,395,99973,495,100023,100,99934,100,100045,100,99932,100,100073,100,99916,100,100089,100,99911,100,100098,100,99895,100,100111,200,99875,100,100117,100,99814,100,100119,100,99804,100,100120,100,99757,100
2019-06-28 09:45:00.000000000,100017,159,99973,259,100023,159,99934,159,100045,159,99932,159,100073,159,99916,159,100089,159,99911,159,100098,100,99895,100,100111,200,99875,100,100117,100,99814,100,100119,100,99804,100,100120,100,99757,100
2019-06-28 09:45:10.000000000,100017,248,99973,348,100023,248,99934,248,100045,100,99932,100,100073,100,99916,100,100089,100,99911,100,100098,100,99895,100,100111,200,99875,100,100117,100,99814,100,100119,100,99804,100,100120,100,99757,100
2019-06-28 09:45:19.007708714,100017,248,99973,348,100023,248,99934,248,100045,100,99932,100,100073,100,99916,100,100089,100,99911,100,100098,100,99895,100,100111,200,99875,100,100117,100,99814,100,100119,100,99804,100,100120,100,99757,100
2019-06-28 09:45:20.000000000,100017,248,99973,348,100023,248,99934,248,100045,100,99932,100,100073,100,99916,100,100089,100,99911,100,100098,100,99895,100,100111,200,99875,100,100117,100,99814,100,100119,100,99804,100,100120,100,99757,100
2019-06-28 09:45:30.000000000,100017,174,99973,274,100023,174,99934,174,100045,174,99932,174,100073,174,99916,174,100089,100,99911,100,100098,100,99895,100,100111,200,99875,100,100117,100,99814,100,100119,100,99804,100,100120,100,99757,100
2019-06-28 09:45:40.000000000,100017,248,99973,348,100023,248,99934,248,100045,100,99932,100,100073,100,99916,100,100089,100,99911,100,100098,100,99895,100,100111,200,99875,100,100117,100,99814,100,100119,100,99804,100,100120,100,99757,100
2019-06-28 09:45:40.061432595,100017,248,99973,348,100023,248,99934,248,100045,100,99932,100,100073,100,99916,100,100089,100,99911,100,100098,100,99895,100,100111,100,99875,100,100117,100,99814,100,100119,100,99804,100,100120,100,99757,100
2019-06-28 09:45:50.000000000,100017,174,99973,274,100023,174,99934,174,100045,174,99932,174,100073,174,99916,174,100089,100,99911,100,100098,100,99895,100,100111,100,99875,100,100117,100,99814,100,100119,100,99804,100,100120,100,99757,100
2019-06-28 09:45:53.601983691,100017,174,99973,374,100023,174,99934,174,100045,174,99932,174,100073,174,99916,174,100089,100,99911,100,100098,100,99895,100,100111,100,99875,100,100117,100,99814,100,100119,100,99804,100,100120,100,99757,100
2019-06-28 09:46:00.000000000,100017,159,99973,359,100023,159,99934,159,100045,159,99932,159,100073,159,99916,159,100089,159,99911,159,100098,100,99895,100,100111,100,99875,100,100117,100,99814,100,100119,100,99804,100,100120,100,99757,100
2019-06-28 09:46:00.306836763,100017,59,99973,359,100023,159,99934,159,100045,159,99932,159,100073,159,99916,159,100089,159,99911,159,100098,100,99895,100,100111,100,99875,100,100117,100,99814,100,100119,100,99804,100,100120,100,99757,100
2019-06-28 09:46:02.517928598,100023,159,100017,41,100045,159,99973,359,100073,159,99934,159,100089,159,99932,159,100098,100,99916,159,100111,100,99911,159,100117,100,99895,100,100119,100,99875,100,100120,100,99814,100,100136,100,99804,100
2019-06-28 09:46:05.130883105,100023,59,100017,41,100045,159,99973,359,100073,159,99934,159,100089,159,99932,159,100098,100,99916,59,100111,100,99911,159,100117,100,99895,100,100119,100,99875,100,100120,100,99814,100,100136,100,99804,100
2019-06-28 09:46:10.000000000,100045,174,100017,115,100073,174,99973,374,100089,174,99934,174,100098,174,99932,174,100111,100,99911,100,100117,100,99895,100,100119,100,99875,100,100120,100,99814,100,100136,100,99804,100,100161,100,99757,100
2019-06-28 09:46:20.000000000,100045,248,100017,189,100073,248,99973,448,100089,100,99934,100,100098,100,99932,100,100111,100,99911,100,100117,100,99895,100,100119,100,99875,100,100120,100,99814,100,100136,100,99804,100,100161,100,99757,100
2019-06-28 09:46:22.005018751,100045,148,100017,189,100073,248,99973,448,100089,100,99934,100,100098,100,99932,100,100111,100,99911,100,100117,100,99895,100,100119,100,99875,100,100120,100,99814,100,100136,100,99804,100,100161,100,99757,100
2019-06-28 09:46:23.445160471,100045,48,100017,189,100073,248,99973,448,100089,100,99934,100,100098,100,99932,100,100111,100,99911,100,100117,100,99895,100,100119,100,99875,100,100120,100,99814,100,100136,100,99804,100,100161,100,99757,100
2019-06-28 09:46:30.000000000,100073,395,100017,336,100089,100,99973,300,100098,100,99934,100,100111,100,99932,100,100117,100,99911,100,100119,100,99895,100,100120,100,99875,100,100136,100,99814,100,100161,100,99804,100,100226,100,99757,100
2019-06-28 09:46:40.000000000,100073,395,100017,336,100089,100,99973,300,100098,100,99934,100,100111,100,99932,100,100117,100,99911,100,100119,100,99895,100,100120,100,99875,100,100136,100,99814,100,100161,100,99804,100,100226,100,99757,100
2019-06-28 09:46:43.353450775,100073,295,100017,336,100098,100,99973,300,100111,100,99934,100,100117,100,99932,100,100119,100,99911,100,100120,100,99895,100,100136,100,99875,100,100161,100,99814,100,100226,100,99804,100,100251,100,99757,100
2019-06-28 09:46:45.648934655,100073,295,100017,336,100098,100,99973,300,100111,100,99934,100,100117,100,99932,100,100119,100,99911,100,100120,100,99895,100,100136,100,99875,100,100161,100,99814,100,100226,100,99804,100,100251,100,99757,100
2019-06-28 09:46:47.934371610,100073,295,100045,100,100098,100,100017,336,100111,100,99973,200,100117,100,99934,100,100119,100,99932,100,100120,100,99911,100,100136,100,99895,100,100161,100,99875,100,100226,100,99814,100,100251,100,99804,100
2019-06-28 09:46:48.707882659,100073,295,100045,100,100098,100,100017,336,100111,100,99973,200,100117,100,99934,100,100119,100,99932,100,100120,100,99911,100,100136,100,99895,100,100161,100,99875,100,100226,100,99814,100,100251,100,99804,100
2019-06-28 09:46:48.864299265,100073,295,100017,336,100098,100,99973,200,100111,100,99934,100,100117,100,99932,100,100119,100,99911,100,100120,100,99895,100,100136,100,99875,100,100161,100,99814,100,100226,100,99804,100,100251,100,99757,100
2019-06-28 09:46:50.000000000,100098,200,100017,141,100111,197,99973,297,100117,197,99934,197,100119,100,99932,100,100120,100,99911,100,100136,100,99895,100,100161,100,99875,100,100226,100,99814,100,100251,100,99804,100,100295,100,99757,100
2019-06-28 09:47:00.000000000,100098,200,100017,141,100111,197,99973,297,100117,197,99934,197,100119,100,99932,100,100120,100,99911,100,100136,100,99895,100,100161,100,99875,100,100226,100,99814,100,100251,100,99804,100,100295,100,99757,100
2019-06-28 09:47:00.228570635,100098,100,100017,141,100111,197,99973,297,100117,197,99934,197,100119,100,99932,100,100136,100,99911,100,100161,100,99895,100,100226,100,99875,100,100251,100,99814,100,100295,100,99804,100,100379,100,99757,100
2019-06-28 09:47:00.334441511,100111,197,100017,141,100117,197,99973,297,100119,100,99934,197,100136,100,99932,100,100161,100,99911,100,100226,100,99895,100,100251,100,99875,100,100295,100,99814,100,100379,100,99804,100,100497,100,99757,100
2019-06-28 09:47:00.352231644,100111,97,100017,141,100117,197,99973,297,100119,100,99934,197,100136,100,99932,100,100161,100,99911,100,100226,100,99895,100,100251,100,99875,100,100295,100,99814,100,100379,100,99804,100,100497,100,99757,100
2019-06-28 09:47:03.040281090,100111,97,100098,100,100117,197,100017,141,100119,100,99973,297,100136,100,99934,197,100161,100,99932,100,100226,100,99911,100,100251,100,99895,100,100295,100,99875,100,100379,100,99814,100,100497,100,99804,100
2019-06-28 09:47:07.193311237,100111,97,100098,100,100117,197,100017,141,100119,100,99973,297,100136,100,99934,197,100161,100,99932,100,100226,100,99911,100,100251,100,99895,100,100379,100,99875,100,100497,100,99814,100,100614,100,99804,100
2019-06-28 09:47:10.000000000,100117,174,100098,174,100119,174,100017,115,100136,174,99973,274,100161,174,99934,174,100226,100,99932,100,100251,100,99911,100,100379,100,99895,100,100497,100,99875,100,100614,100,99814,100,100618,100,99804,100
2019-06-28 09:47:20.000000000,100117,174,100098,174,100119,174,100017,115,100136,174,99973,274,100161,174,99934,174,100226,100,99932,100,100251,100,99911,100,100379,100,99895,100,100497,100,99875,100,100614,100,99814,100,100618,100,99804,100
2019-06-28 09:47:30.000000000,100117,159,100098,159,100119,159,100017,100,100136,159,99973,259,100161,159,99934,159,100226,159,99932,159,100251,100,99911,100,100379,100,99895,100,100497,100,99875,100,100614,100,99814,100,100618,100,99804,100
2019-06-28 09:47:33.565431486,100117,159,100098,159,100119,159,100017,100,100136,159,99973,259,100161,159,99934,159,100226,159,99932,159,100251,100,99911,100,100379,100,99895,100,100497,100,99875,100,100614,100,99814,100,100618,100,99804,100
2019-06-28 09:47:40.000000000,100117,159,100098,159,100119,159,100017,100,100136,159,99973,259,100161,159,99934,159,100226,159,99932,159,100251,100,99911,100,100379,100,99895,100,100497,100,99875,100,100614,100,99814,100,100618,100,99804,100
2019-06-28 09:47:50.000000000,100117,174,100098,174,100119,174,100017,115,100136,174,99973,274,100161,174,99934,174,100226,100,99932,100,100251,100,99911,100,100379,100,99895,100,100497,100,99875,100,100614,100,99814,100,100618,100,99804,100
2019-06-28 09:48:00.000000000,100117,159,100098,159,100119,159,100017,100,100136,159,99973,259,100161,159,99934,159,100226,159,99932,159,100251,100,99911,100,100379,100,99895,100,100497,100,99875,100,100614,100,99814,100,100618,100,99804,100
2019-06-28 09:48:02.478720932,100117,159,100098,159,100119,159,100017,100,100136,159,99973,259,100161,159,99934,159,100226,159,99932,159,100251,100,99911,100,100379,100,99895,100,100497,100,99875,100,100614,100,99814,100,100618,100,99804,100
2019-06-28 09:48:10.000000000,100117,174,100098,174,100119,174,100017,115,100136,174,99973,274,100161,174,99934,174,100226,100,99932,100,100251,100,99911,100,100379,100,99895,100,100497,100,99875,100,100614,100,99814,100,100618,100,99804,100
2019-06-28 09:48:20.000000000,100117,159,100098,159,100119,159,100017,100,100136,159,99973,259,100161,159,99934,159,100226,159,99932,159,100251,100,99911,100,100379,100,99895,100,100497,100,99875,100,100614,100,99814,100,100618,100,99804,100
2019-06-28 09:48:20.818250625,100117,159,100098,159,100119,159,100017,100,100136,159,99973,259,100161,159,99934,159,100226,159,99932,159,100251,100,99911,100,100379,100,99895,100,100497,100,99875,100,100614,100,99814,100,100618,100,99804,100
2019-06-28 09:48:30.000000000,100117,248,100098,248,100119,248,100017,189,100136,100,99973,200,100161,100,99934,100,100226,100,99932,100,100251,100,99911,100,100379,100,99895,100,100497,100,99875,100,100614,100,99814,100,100618,100,99804,100
2019-06-28 09:48:37.026220805,100117,248,100098,348,100119,248,100017,189,100136,100,99973,200,100161,100,99934,100,100226,100,99932,100,100251,100,99911,100,100379,100,99895,100,100497,100,99875,100,100614,100,99814,100,100618,100,99804,100
2019-06-28 09:48:40.000000000,100117,395,100098,495,100119,100,100017,41,100136,100,99973,200,100161,100,99934,100,100226,100,99932,100,100251,100,99911,100,100379,100,99895,100,100497,100,99875,100,100614,100,99814,100,100618,100,99804,100
2019-06-28 09:48:50.000000000,100117,159,100098,259,100119,159,100017,100,100136,159,99973,259,100161,159,99934,159,100226,159,99932,159,100251,100,99911,100,100379,100,99895,100,100497,100,99875,100,100614,100,99814,100,100618,100,99804,100
2019-06-28 09:49:00.000000000,100117,159,100098,259,100119,159,100017,100,100136,159,99973,259,100161,159,99934,159,100226,159,99932,159,100251,100,99911,100,100379,100,99895,100,100497,100,99875,100,100614,100,99814,100,100618,100,99804,100
2019-06-28 09:49:02.034332932,100117,59,100098,259,100119,159,100017,59,100136,159,99973,259,100161,159,99934,159,100226,159,99932,159,100251,100,99911,100,100379,100,99895,100,100497,100,99875,100,100614,100,99814,100,100618,100,99804,100
2019-06-28 09:49:10.000000000,100119,200,100098,300,100136,197,99973,297,100161,197,99934,197,100226,100,99932,100,100251,100,99911,100,100379,100,99895,100,100497,100,99875,100,100614,100,99814,100,100618,100,99804,100,100658,100,99757,100
2019-06-28 09:49:11.206050997,100119,100,100098,300,100136,197,99973,297,100161,197,99934,197,100226,100,99932,100,100251,100,99911,100,100379,100,99895,100,100497,100,99875,100,100614,100,99814,100,100618,100,99804,100,100658,100,99757,100
2019-06-28 09:49:12.393929259,100136,197,100098,300,100161,197,99973,297,100226,100,99934,197,100251,100,99932,100,100379,100,99911,100,100497,100,99895,100,100618,100,99875,100,100658,100,99814,100,100698,100,99804,100,100770,100,99757,100
2019-06-28 09:49:20.000000000,100136,248,100098,348,100161,248,99973,348,100226,100,99934,100,100251,100,99932,100,100379,100,99911,100,100497,100,99895,100,100618,100,99875,100,100658,100,99814,100,100698,100,99804,100,100770,100,99757,100
2019-06-28 09:49:27.441444320,100136,148,100098,348,100161,248,99973,348,100226,100,99934,100,100251,100,99932,100,100379,100,99911,100,100497,100,99895,100,100618,100,99875,100,100658,100,99814,100,100698,100,99804,100,100770,100,99757,100
2019-06-28 09:49:30.000000000,100161,159,100098,259,100226,159,99973,259,100251,159,99934,159,100379,159,99932,159,100497,159,99911,159,100618,100,99895,100,100658,100,99875,100,100698,100,99814,100,100770,100,99804,100,100860,100,99757,100
2019-06-28 09:49:36.011343660,100161,159,100098,259,100226,159,99973,259,100251,159,99934,159,100379,159,99932,159,100497,159,99911,159,100618,100,99895,100,100658,100,99875,100,100698,100,99814,100,100770,100,99804,100,100860,100,99757,100
2019-06-28 09:49:40.000000000,100161,159,100098,259,100226,159,99973,259,100251,159,99934,159,100379,159,99932,159,100497,159,99911,159,100618,100,99895,100,100658,100,99875,100,100698,100,99814,100,100770,100,99804,100,100860,100,99757,100
2019-06-28 09:49:43.420764448,100161,59,100098,259,100226,159,99973,259,100251,159,99934,59,100379,159,99932,159,100497,159,99911,159,100618,100,99895,100,100658,100,99875,100,100698,100,99814,100,100770,100,99804,100,100860,100,99757,100
2019-06-28 09:49:50.000000000,100226,200,100098,300,100251,197,99973,297,100379,197,99932,197,100497,100,99911,100,100618,100,99895,100,100658,100,99875,100,100698,100,99814,100,100770,100,99804,100,100860,100,99757,100,100972,100,99747,100
2019-06-28 09:50:00.000000000,100226,248,100098,348,100251,248,99973,348,100379,100,99932,100,100497,100,99911,100,100618,100,99895,100,100658,100,99875,100,100698,100,99814,100,100770,100,99804,100,100860,100,99757,100,100972,100,99747,100
2019-06-28 09:50:10.000000000,100226,159,100098,259,100251,159,99973,259,100379,159,99932,159,100497,159,99911,159,100618,159,99895,159,100658,100,99875,100,100698,100,99814,100,100770,100,99804,100,100860,100,99757,100,100972,100,99747,100
2019-06-28 09:50:20.000000000,100226,248,100098,348,100251,248,99973,348,100379,100,99932,100,100497,100,99911,100,100618,100,99895,100,100658,100,99875,100,100698,100,99814,100,100770,100,99804,100,100860,100,99757,100,100972,100,99747,100
2019-06-28 09:50:23.253468879,100226,148,100098,348,100251,248,99973,348,100379,100,99932,100,100497,100,99911,100,100618,100,99895,100,100658,100,99875,100,100698,100,99814,100,100770,100,99804,100,100860,100,99757,100,100972,100,99747,100
2019-06-28 09:50:28.902039766,100226,148,100098,348,100251,248,99973,348,100379,100,99932,100,100497,100,99911,100,100618,100,99895,100,100658,100,99875,100,100698,100,99814,100,100770,100,99804,100,100860,100,99747,100,100972,100,99484,100
2019-06-28 09:50:30.000000000,100251,159,100098,259,100379,159,99973,259,100497,159,99932,159,100618,159,99911,159,100658,159,99895,159,100698,100,99875,100,100770,100,99814,100,100860,100,99804,100,100972,100,99747,100,101015,100,99484,100
2019-06-28 09:50:40.000000000,100251,395,100098,495,100379,100,99973,200,100497,100,99932,100,100618,100,99911,100,100658,100,99895,100,100698,100,99875,100,100770,100,99814,100,100860,100,99804,100,100972,100,99747,100,101015,100,99484,100
2019-06-28 09:50:50.000000000,100251,159,100098,259,100379,159,99973,259,100497,159,99932,159,100618,159,99911,159,100658,159,99895,159,100698,100,99875,100,100770,100,99814,100,100860,100,99804,100,100972,100,99747,100,101015,100,99484,100
2019-06-28 09:50:53.703418183,100251,159,100098,259,100379,159,99973,259,100497,159,99932,159,100618,159,99911,159,100658,159,99895,159,100698,100,99875,100,100770,100,99814,100,100860,100,99804,100,100910,100,99747,100,100972,100,99484,100
2019-06-28 09:50:55.471929501,100251,159,100161,100,100379,159,100098,259,100497,159,99973,259,100618,159,99932,159,100658,159,99911,159,100698,100,99895,159,100770,100,99875,100,100860,100,99814,100,100910,100,99804,100,100972,100,99747,100
2019-06-28 09:51:00.000000000,100251,248,100161,248,100379,248,100098,348,100497,100,99973,200,100618,100,99932,100,100658,100,99911,100,100698,100,99895,100,100770,100,99875,100,100860,100,99814,100,100910,100,99804,100,100972,100,99747,100
2019-06-28 09:51:10.000000000,100251,200,100161,200,100379,197,100098,297,100497,197,99973,297,100618,100,99932,100,100658,100,99911,100,100698,100,99895,100,100770,100,99875,100,100860,100,99814,100,100910,100,99804,100,100972,100,99747,100
2019-06-28 09:51:12.258659757,100251,200,100161,200,100379,197,100098,297,100497,197,99973,297,100577,100,99932,100,100618,100,99911,100,100658,100,99895,100,100698,100,99875,100,100770,100,99814,100,100860,100,99804,100,100910,100,99747,100
2019-06-28 09:51:20.000000000,100251,248,100161,248,100379,248,100098,348,100497,100,99973,200,100577,100,99932,100,100618,100,99911,100,100658,100,99895,100,100698,100,99875,100,100770,100,99814,100,100860,100,99804,100,100910,100,99747,100
2019-06-28 09:51:29.879790998,100251,248,100161,248,100379,248,100098,348,100497,100,99973,200,100577,100,99932,100,100618,100,99911,100,100658,100,99895,100,100698,100,99875,100,100720,100,99814,100,100770,100,99804,100,100860,100,99747,100
2019-06-28 09:51:30.000000000,100251,248,100161,248,100379,248,100098,348,100497,100,99973,200,100577,100,99932,100,100618,100,99911,100,100658,100,99895,100,100698,100,99875,100,100720,100,99814,100,100770,100,99804,100,100860,100,99747,100
2019-06-28 09:51:34.158457680,100251,148,100161,248,100379,248,100098,348,100497,100,99973,200,100577,100,99932,100,100618,100,99911,100,100658,100,99895,100,100698,100,99875,100,100720,100,99814,100,100770,100,99804,100,100860,100,99747,100
2019-06-28 09:51:36.065090437,100251,148,100226,100,100379,248,100161,148,100497,100,100098,348,100577,100,99973,200,100618,100,99932,100,100658,100,99911,100,100698,100,99895,100,100720,100,99875,100,100770,100,99814,100,100860,100,99804,100
2019-06-28 09:51:40.000000000,100379,395,100226,395,100497,100,100098,200,100577,100,99973,200,100618,100,99932,100,100658,100,99911,100,100698,100,99895,100,100720,100,99875,100,100770,100,99814,100,100860,100,99804,100,100910,100,99747,100
2019-06-28 09:51:50.000000000,100379,395,100226,395,100497,100,100098,200,100577,100,99973,200,100618,100,99932,100,100658,100,99911,100,100698,100,99895,100,100720,100,99875,100,100770,100,99814,100,100860,100,99804,100,100910,100,99747,100
2019-06-28 09:51:54.565180602,100379,395,100226,395,100497,100,100098,200,100577,100,99973,200,100618,100,99932,100,100658,100,99911,100,100698,100,99895,100,100720,100,99875,100,100770,100,99804,100,100831,100,99747,100,100860,100,99484,100
2019-06-28 09:52:00.000000000,100379,395,100226,395,100497,100,100098,200,100577,100,99973,200,100618,100,99932,100,100658,100,99911,100,100698,100,99895,100,100720,100,99875,100,100770,100,99804,100,100831,100,99747,100,100860,100,99484,100
2019-06-28 09:52:04.620047798,100379,395,100226,495,100497,100,100098,200,100577,100,99973,200,100618,100,99932,100,100658,100,99911,100,100698,100,99895,100,100720,100,99875,100,100770,100,99804,100,100831,100,99747,100,100860,100,99484,100
2019-06-28 09:52:10.000000000,100379,174,100226,274,100497,174,100098,274,100577,174,99973,274,100618,174,99932,174,100658,100,99911,100,100698,100,99895,100,100720,100,99875,100,100770,100,99804,100,100831,100,99747,100,100860,100,99484,100
2019-06-28 09:52:20.000000000,100379,200,100226,300,100497,197,100098,297,100577,197,99973,297,100618,100,99932,100,100658,100,99911,100,100698,100,99895,100,100720,100,99875,100,100770,100,99804,100,100831,100,99747,100,100860,100,99484,100
2019-06-28 09:52:28.424813568,100379,200,100226,400,100497,197,100098,297,100577,197,99973,297,100618,100,99932,100,100658,100,99911,100,100698,100,99895,100,100720,100,99875,100,100770,100,99804,100,100831,100,99747,100,100860,100,99484,100
2019-06-28 09:52:30.000000000,100379,200,100226,400,100497,197,100098,297,100577,197,99973,297,100618,100,99932,100,100658,100,99911,100,100698,100,99895,100,100720,100,99875,100,100770,100,99804,100,100831,100,99747,100,100860,100,99484,100
2019-06-28 09:52:37.502485044,100379,100,100226,400,100497,197,100098,297,100577,197,99973,297,100618,100,99932,100,100658,100,99911,100,100698,100,99895,100,100720,100,99875,100,100770,100,99804,100,100831,100,99747,100,100860,100,99484,100
2019-06-28 09:52:40.000000000,100497,248,100226,448,100577,248,100098,348,100618,100,99973,200,100658,100,99932,100,100698,100,99911,100,100720,100,99895,100,100770,100,99875,100,100831,100,99804,100,100860,100,99747,100,100910,100,99484,100
2019-06-28 09:52:43.917579048,100497,148,100226,448,100577,248,100098,348,100618,100,99973,200,100658,100,99932,100,100698,100,99911,100,100720,100,99895,100,100770,100,99875,100,100831,100,99804,100,100860,100,99747,100,100910,100,99484,100
2019-06-28 09:52:44.256678700,100497,48,100226,448,100577,248,100098,348,100618,100,99973,200,100658,100,99932,100,100698,100,99911,100,100720,100,99895,100,100770,100,99875,100,100831,100,99804,100,100860,100,99747,100,100910,100,99484,100
2019-06-28 09:52:49.843637308,100577,248,100497,52,100618,100,100226,448,100658,100,100098,348,100698,100,99973,200,100720,100,99932,100,100770,100,99911,100,100831,100,99895,100,100860,100,99875,100,100910,100,99804,100,100972,100,99747,100
2019-06-28 09:52:50.000000000,100577,248,100497,200,100618,248,100226,448,100658,100,100098,200,100698,100,99973,200,100720,100,99932,100,100770,100,99911,100,100831,100,99895,100,100860,100,99875,100,100910,100,99804,100,100972,100,99747,100
2019-06-28 09:52:51.563112734,100577,248,100497,200,100618,248,100226,348,100658,100,100098,200,100698,100,99973,200,100720,100,99932,100,100770,100,99911,100,100831,100,99895,100,100860,100,99875,100,100910,100,99804,100,100972,100,99747,100
2019-06-28 09:53:00.000000000,100577,200,100497,152,100618,197,100226,297,100658,197,100098,297,100698,100,99973,200,100720,100,99932,100,100770,100,99911,100,100831,100,99895,100,100860,100,99875,100,100910,100,99804,100,100972,100,99747,100
2019-06-28 09:53:10.000000000,100577,174,100497,126,100618,174,100226,274,100658,174,100098,274,100698,174,99973,274,100720,100,99932,100,100770,100,99911,100,100831,100,99895,100,100860,100,99875,100,100910,100,99804,100,100972,100,99747,100
2019-06-28 09:53:20.000000000,100577,174,100497,126,100618,174,100226,274,100658,174,100098,274,100698,174,99973,274,100720,100,99932,100,100770,100,99911,100,100831,100,99895,100,100860,100,99875,100,100910,100,99804,100,100972,100,99747,100
2019-06-28 09:53:30.000000000,100577,159,100497,111,100618,159,100226,259,100658,159,100098,259,100698,159,99973,259,100720,159,99932,159,100770,100,99911,100,100831,100,99895,100,100860,100,99875,100,100910,100,99804,100,100972,100,99747,100
2019-06-28 09:53:38.038504074,100577,159,100497,111,100618,159,100226,259,100658,159,100098,259,100698,159,99973,259,100720,159,99932,159,100770,100,99911,100,100831,100,99895,100,100860,100,99875,100,100910,100,99804,100,100972,100,99747,100
2019-06-28 09:53:40.000000000,100577,248,100497,200,100618,248,100226,348,100658,100,100098,200,100698,100,99973,200,100720,100,99932,100,100770,100,99911,100,100831,100,99895,100,100860,100,99875,100,100910,100,99804,100,100972,100,99747,100
2019-06-28 09:53:50.000000000,100577,174,100497,126,100618,174,100226,274,100658,174,100098,274,100698,174,99973,274,100720,100,99932,100,100770,100,99911,100,100831,100,99895,100,100860,100,99875,100,100910,100,99804,100,100972,100,99747,100
2019-06-28 09:53:57.970394954,100577,174,100497,126,100618,174,100226,274,100658,174,100098,274,100698,174,99973,274,100720,100,99932,100,100770,100,99911,100,100831,100,99895,100,100860,100,99875,100,100910,100,99804,100,100972,100,99747,100
2019-06-28 09:54:00.000000000,100577,395,100497,347,100618,100,100226,200,100658,100,100098,200,100698,100,99973,200,100720,100,99932,100,100770,100,99911,100,100831,100,99895,100,100860,100,99875,100,100910,100,99804,100,100972,100,99747,100
2019-06-28 09:54:10.000000000,100577,200,100497,152,100618,197,100226,297,100658,197,100098,297,100698,100,99973,200,100720,100,99932,100,100770,100,99911,100,100831,100,99895,100,100860,100,99875,100,100910,100,99804,100,100972,100,99747,100
2019-06-28 09:54:20.000000000,100577,174,100497,126,100618,174,100226,274,100658,174,100098,274,100698,174,99973,274,100720,100,99932,100,100770,100,99911,100,100831,100,99895,100,100860,100,99875,100,100910,100,99804,100,100972,100,99747,100
2019-06-28 09:54:30.000000000,100577,159,100497,111,100618,159,100226,259,100658,159,100098,259,100698,159,99973,259,100720,159,99932,159,100770,100,99911,100,100831,100,99895,100,100860,100,99875,100,100910,100,99804,100,100972,100,99747,100
2019-06-28 09:54:40.000000000,100577,159,100497,111,100618,159,100226,259,100658,159,100098,259,100698,159,99973,259,100720,159,99932,159,100770,100,99911,100,100831,100,99895,100,100860,100,99875,100,100910,100,99804,100,100972,100,99747,100
2019-06-28 09:54:50.000000000,100577,174,100497,126,100618,174,100226,274,100658,174,100098,274,100698,174,99973,274,100720,100,99932,100,100770,100,99911,100,100831,100,99895,100,100860,100,99875,100,100910,100,99804,100,100972,100,99747,100
2019-06-28 09:55:00.000000000,100577,248,100497,200,100618,248,100226,348,100658,100,100098,200,100698,100,99973,200,100720,100,99932,100,100770,100,99911,100,100831,100,99895,100,100860,100,99875,100,100910,100,99804,100,100972,100,99747,100
2019-06-28 09:55:07.207132045,100577,248,100497,200,100618,248,100226,348,100658,100,100098,200,100698,100,99973,200,100720,100,99932,100,100770,100,99911,100,100831,100,99895,100,100860,100,99875,100,100910,100,99804,100,100972,100,99747,100
2019-06-28 09:55:10.000000000,100577,174,100497,126,100618,174,100226,274,100658,174,100098,274,100698,174,99973,274,100720,100,99932,100,100770,100,99911,100,100831,100,99895,100,100860,100,99875,100,100910,100,99804,100,100972,100,99747,100
2019-06-28 09:55:20.000000000,100577,395,100497,347,100618,100,100226,200,100658,100,100098,200,100698,100,99973,200,100720,100,99932,100,100770,100,99911,100,100831,100,99895,100,100860,100,99875,100,100910,100,99804,100,100972,100,99747,100
2019-06-28 09:55:30.000000000,100577,200,100497,152,100618,197,100226,297,100658,197,100098,297,100698,100,99973,200,100720,100,99932,100,100770,100,99911,100,100831,100,99895,100,100860,100,99875,100,100910,100,99804,100,100972,100,99747,100
2019-06-28 09:55:40.000000000,100577,395,100497,347,100618,100,100226,200,100658,100,100098,200,100698,100,99973,200,100720,100,99932,100,100770,100,99911,100,100831,100,99895,100,100860,100,99875,100,100910,100,99804,100,100972,100,99747,100
2019-06-28 09:55:40.522931246,100577,295,100497,347,100618,100,100226,200,100658,100,100098,200,100698,100,99973,200,100720,100,99932,100,100770,100,99911,100,100831,100,99895,100,100860,100,99875,100,100910,100,99804,100,100972,100,99747,100
2019-06-28 09:55:50.000000000,100618,200,100497,152,100658,197,100226,297,100698,197,100098,297,100720,100,99973,200,100770,100,99932,100,100831,100,99911,100,100860,100,99895,100,100910,100,99875,100,100972,100,99804,100,101015,100,99747,100
2019-06-28 09:56:00.000000000,100618,174,100497,126,100658,174,100226,274,100698,174,100098,274,100720,174,99973,274,100770,100,99932,100,100831,100,99911,100,100860,100,99895,100,100910,100,99875,100,100972,100,99804,100,101015,100,99747,100
2019-06-28 09:56:07.270027356,100658,174,100618,26,100698,174,100497,126,100720,174,100226,274,100770,100,100098,274,100831,100,99973,274,100860,100,99932,100,100910,100,99911,100,100972,100,99895,100,101015,100,99875,100,101294,100,99804,100
2019-06-28 09:56:08.833427410,100658,174,100618,26,100698,174,100577,100,100720,174,100497,126,100770,100,100226,274,100831,100,100098,274,100860,100,99973,274,100910,100,99932,100,100972,100,99911,100,101015,100,99895,100,101294,100,99875,100
2019-06-28 09:56:10.000000000,100658,174,100618,100,100698,174,100577,174,100720,174,100497,126,100770,174,100226,274,100831,100,100098,200,100860,100,99973,200,100910,100,99932,100,100972,100,99911,100,101015,100,99895,100,101294,100,99875,100
2019-06-28 09:56:18.369076590,100658,74,100618,100,100698,174,100577,174,100720,174,100497,126,100770,174,100226,274,100831,100,100098,200,100860,100,99973,200,100910,100,99932,100,100972,100,99911,100,101015,100,99895,100,101294,100,99875,100
2019-06-28 09:56:20.000000000,100698,395,100618,321,100720,100,100577,100,100770,100,100497,52,100831,100,100226,200,100860,100,100098,200,100910,100,99973,200,100972,100,99932,100,101015,100,99911,100,101294,100,99895,100,101510,100,99875,100
2019-06-28 09:56:24.761733729,100698,395,100619,100,100720,100,100618,321,100770,100,100577,100,100831,100,100497,52,100860,100,100226,200,100910,100,100098,200,100972,100,99973,200,101015,100,99932,100,101294,100,99911,100,101510,100,99895,100
2019-06-28 09:56:30.000000000,100698,200,100619,200,100720,197,100618,123,100770,197,100577,197,100831,100,100497,52,100860,100,100226,200,100910,100,100098,200,100972,100,99973,200,101015,100,99932,100,101294,100,99911,100,101510,100,99895,100
2019-06-28 09:56:35.348498049,100698,100,100619,200,100720,197,100618,123,100770,197,100577,197,100831,100,100497,52,100910,100,100226,200,100972,100,100098,200,101015,100,99973,200,101294,100,99932,100,101510,100,99911,100,101586,100,99895,100
2019-06-28 09:56:38.832518748,100698,100,100658,100,100720,197,100619,200,100770,197,100618,123,100831,100,100577,197,100910,100,100497,52,100972,100,100226,200,101015,100,100098,200,101294,100,99973,200,101510,100,99932,100,101586,100,99911,100
2019-06-28 09:56:40.000000000,100720,248,100658,248,100770,248,100619,248,100831,100,100618,26,100910,100,100577,100,100972,100,100497,52,101015,100,100226,200,101294,100,100098,200,101510,100,99973,200,101586,100,99932,100,101703,100,99911,100
2019-06-28 09:56:46.995869143,100720,248,100712,100,100770,248,100658,248,100831,100,100619,248,100910,100,100618,26,100972,100,100577,100,101015,100,100497,52,101294,100,100226,200,101510,100,100098,200,101586,100,99973,200,101703,100,99932,100
2019-06-28 09:56:50.000000000,100720,395,100712,395,100770,100,100658,100,100831,100,100619,100,100910,100,100618,26,100972,100,100577,100,101015,100,100497,52,101294,100,100226,200,101510,100,100098,200,101586,100,99973,200,101703,100,99932,100
2019-06-28 09:56:53.446979763,100720,295,100712,395,100770,100,100658,100,100831,100,100619,100,100910,100,100618,26,100972,100,100577,100,101015,100,100497,52,101294,100,100226,200,101510,100,100098,200,101586,100,99973,200,101703,100,99932,100
2019-06-28 09:57:00.000000000,100770,200,100712,200,100831,197,100658,197,100910,197,100619,197,100972,100,100618,26,101015,100,100577,100,101294,100,100497,52,101510,100,100226,200,101586,100,100098,200,101703,100,99973,200,,,99932,100
2019-06-28 09:57:10.000000000,100770,200,100712,200,100831,197,100658,197,100910,197,100619,197,100972,100,100618,26,101015,100,100577,100,101294,100,100497,52,101510,100,100226,200,101586,100,100098,200,101703,100,99973,200,,,99932,100
2019-06-28 09:57:14.643429039,100770,100,100712,200,100831,197,100658,197,100910,197,100619,197,100972,100,100618,26,101015,100,100577,100,101294,100,100497,52,101510,100,100226,200,101586,100,100098,200,101703,100,99973,200,,,99932,100
2019-06-28 09:57:20.000000000,100831,174,100712,174,100910,174,100658,174,100972,174,100619,174,101015,174,100618,100,101294,100,100577,100,101510,100,100497,52,101586,100,100226,200,101703,100,100098,200,,,99973,200,,,99932,100
2019-06-28 09:57:24.940998492,100831,174,100712,174,100910,174,100658,174,100972,174,100619,174,101015,174,100618,74,101086,100,100577,100,101294,100,100497,52,101510,100,100226,200,101586,100,100098,200,101703,100,99973,200,,,99932,100
2019-06-28 09:57:25.706790006,100831,174,100720,100,100910,174,100712,174,100972,174,100658,174,101015,174,100619,174,101086,100,100618,74,101294,100,100577,100,101510,100,100497,52,101586,100,100226,200,101703,100,100098,200,,,99973,200
2019-06-28 09:57:30.000000000,100831,159,100720,159,100910,159,100712,159,100972,159,100658,159,101015,159,100619,159,101086,159,100577,159,101294,100,100497,52,101510,100,100226,200,101586,100,100098,200,101703,100,99973,200,,,99932,100
2019-06-28 09:57:38.765744551,100831,159,100720,259,100910,159,100712,159,100972,159,100658,159,101015,159,100619,159,101086,159,100577,159,101294,100,100497,52,101510,100,100226,200,101586,100,100098,200,101703,100,99973,100,,,99932,100
2019-06-28 09:57:40.000000000,100831,248,100720,348,100910,248,100712,248,100972,100,100658,100,101015,100,100619,100,101086,100,100577,100,101294,100,100497,52,101510,100,100226,200,101586,100,100098,200,101703,100,99973,100,,,99932,100
2019-06-28 09:57:50.000000000,100831,395,100720,495,100910,100,100712,100,100972,100,100658,100,101015,100,100619,100,101086,100,100577,100,101294,100,100497,52,101510,100,100226,200,101586,100,100098,200,101703,100,99973,100,,,99932,100
2019-06-28 09:58:00.000000000,100831,174,100720,274,100910,174,100712,174,100972,174,100658,174,101015,174,100619,174,101086,100,100577,100,101294,100,100497,52,101510,100,100226,200,101586,100,100098,200,101703,100,99973,100,,,99932,100
2019-06-28 09:58:02.502280760,100831,174,100720,174,100910,174,100712,174,100972,174,100658,174,101015,174,100619,174,101086,100,100577,100,101294,100,100497,52,101510,100,100226,200,101586,100,100098,200,101703,100,99973,100,,,99932,100
2019-06-28 09:58:10.000000000,100831,200,100720,200,100910,197,100712,197,100972,197,100658,197,101015,100,100619,100,101086,100,100577,100,101294,100,100497,52,101510,100,100226,200,101586,100,100098,200,101703,100,99973,100,,,99932,100
2019-06-28 09:58:18.056842648,100739,100,100720,200,100831,200,100712,197,100910,197,100658,197,100972,197,100619,100,101015,100,100577,100,101086,100,100497,52,101294,100,100226,200,101510,100,100098,200,101586,100,99973,100,101703,100,99932,100
2019-06-28 09:58:20.000000000,100739,395,100720,395,100831,100,100712,100,100910,100,100658,100,100972,100,100619,100,101015,100,100577,100,101086,100,100497,52,101294,100,100226,200,101510,100,100098,200,101586,100,99973,100,101703,100,99932,100
2019-06-28 09:58:29.162681963,100739,295,100720,395,100831,100,100712,100,100910,100,100658,100,100972,100,100619,100,101015,100,100577,100,101086,100,100497,52,101294,100,100226,200,101510,100,100098,200,101586,100,99973,100,101703,100,99932,100
2019-06-28 09:58:30.000000000,100831,174,100720,174,100910,174,100712,174,100972,174,100658,174,101015,174,100619,174,101086,100,100577,100,101294,100,100497,52,101510,100,100226,200,101586,100,100098,200,101703,100,99973,100,,,99932,100
2019-06-28 09:58:40.000000000,100831,395,100720,395,100910,100,100712,100,100972,100,100658,100,101015,100,100619,100,101086,100,100577,100,101294,100,100497,52,101510,100,100226,200,101586,100,100098,200,101703,100,99973,100,,,99932,100
2019-06-28 09:58:50.000000000,100831,395,100720,395,100910,100,100712,100,100972,100,100658,100,101015,100,100619,100,101086,100,100577,100,101294,100,100497,52,101510,100,100226,200,101586,100,100098,200,101703,100,99973,100,,,99932,100
2019-06-28 09:59:00.000000000,100831,159,100720,159,100910,159,100712,159,100972,159,100658,159,101015,159,100619,159,101086,159,100577,159,101294,100,100497,52,101510,100,100226,200,101586,100,100098,200,101703,100,99973,100,,,99932,100
2019-06-28 09:59:10.000000000,100831,159,100720,159,100910,159,100712,159,100972,159,100658,159,101015,159,100619,159,101086,159,100577,159,101294,100,100497,52,101510,100,100226,200,101586,100,100098,200,101703,100,99973,100,,,99932,100
2019-06-28 09:59:14.841011616,100831,159,100739,100,100910,159,100720,159,100972,159,100712,159,101015,159,100658,159,101086,159,100619,159,101294,100,100577,159,101510,100,100497,52,101586,100,100226,200,101703,100,100098,200,,,99973,100
2019-06-28 09:59:20.000000000,100831,174,100739,174,100910,174,100720,174,100972,174,100712,174,101015,174,100658,174,101086,100,100619,100,101294,100,100577,100,101510,100,100497,52,101586,100,100226,200,101703,100,100098,200,,,99973,100
2019-06-28 09:59:30.000000000,100831,159,100739,159,100910,159,100720,159,100972,159,100712,159,101015,159,100658,159,101086,159,100619,159,101294,100,100577,100,101510,100,100497,52,101586,100,100226,200,101703,100,100098,200,,,99973,100
2019-06-28 09:59:38.527762775,100831,59,100739,159,100910,159,100720,159,100972,159,100712,159,101015,159,100658,159,101086,159,100619,159,101294,100,100577,100,101510,100,100497,52,101586,100,100226,200,101703,100,100098,200,,,99973,100
2019-06-28 09:59:40.000000000,100910,174,100739,174,100972,174,100720,174,101015,174,100712,174,101086,174,100658,174,101294,100,100619,100,101510,100,100577,100,101586,100,100497,52,101703,100,100226,200,,,100098,200,,,99973,100
2019-06-28 09:59:50.000000000,100910,174,100739,174,100972,174,100720,174,101015,174,100712,174,101086,174,100658,174,101294,100,100619,100,101510,100,100577,100,101586,100,100497,52,101703,100,100226,200,,,100098,200,,,99973,100
2019-06-28 10:00:00.000000000,100910,395,100739,395,100972,100,100720,100,101015,100,100712,100,101086,100,100658,100,101294,100,100619,100,101510,100,100577,100,101586,100,100497,52,101703,100,100226,200,,,100098,200,,,99973,100
2019-06-28 10:00:09.983185744,100910,395,100740,100,100972,100,100739,395,101015,100,100720,100,101086,100,100712,100,101294,100,100658,100,101510,100,100577,100,101586,100,100497,52,101703,100,100226,200,,,100098,200,,,99973,100
2019-06-28 10:00:10.000000000,100910,174,100740,174,100972,174,100739,174,101015,174,100720,174,101086,174,100712,174,101294,100,100658,100,101510,100,100577,100,101586,100,100497,52,101703,100,100226,200,,,100098,200,,,99973,100
2019-06-28 10:00:20.000000000,100910,159,100740,159,100972,159,100739,159,101015,159,100720,159,101086,159,100712,159,101294,159,100658,159,101510,100,100577,100,101586,100,100497,52,101703,100,100226,200,,,100098,200,,,99973,100
2019-06-28 10:00:28.128572558,100910,59,100740,159,100972,159,100739,159,101015,159,100720,159,101086,59,100712,159,101294,159,100658,159,101510,100,100577,100,101586,100,100497,52,101703,100,100226,200,,,100098,200,,,99973,100
2019-06-28 10:00:30.000000000,100972,174,100740,174,101015,174,100739,174,101294,174,100720,174,101510,174,100712,174,101586,100,100658,100,101703,100,100577,100,,,100497,52,,,100226,200,,,100098,200,,,99973,100
2019-06-28 10:00:40.000000000,100972,159,100740,159,101015,159,100739,159,101294,159,100720,159,101510,159,100712,159,101586,159,100658,159,101703,100,100577,100,,,100497,52,,,100226,200,,,100098,200,,,99973,100
2019-06-28 10:00:50.000000000,100972,395,100740,395,101015,100,100739,100,101294,100,100720,100,101510,100,100712,100,101586,100,100658,100,101703,100,100577,100,,,100497,52,,,100226,200,,,100098,200,,,99973,100
2019-06-28 10:00:58.737284480,100972,395,100740,395,101015,100,100739,100,101294,100,100720,100,101510,100,100712,100,101586,100,100658,100,101688,100,100577,100,101703,100,100497,52,,,100226,200,,,100098,200,,,99973,100
2019-06-28 10:01:00.000000000,100972,159,100740,159,101015,159,100739,159,101294,159,100720,159,101510,159,100712,159,101586,159,100658,159,101688,100,100577,100,101703,100,100497,52,,,100226,200,,,100098,200,,,99973,100
2019-06-28 10:01:00.549009907,100972,59,100740,159,101015,159,100739,159,101294,159,100720,159,101510,159,100712,159,101586,159,100658,159,101688,100,100577,100,101703,100,100497,52,,,100226,200,,,100098,200,,,99973,100
2019-06-28 10:01:10.000000000,101015,248,100740,248,101294,248,100739,248,101510,100,100720,100,101586,100,100712,100,101688,100,100658,100,101703,100,100577,100,,,100497,52,,,100226,200,,,100098,200,,,99973,100
2019-06-28 10:01:20.000000000,101015,159,100740,159,101294,159,100739,159,101510,159,100720,159,101586,159,100712,159,101688,159,100658,159,101703,100,100577,100,,,100497,52,,,100226,200,,,100098,200,,,99973,100
2019-06-28 10:01:30.000000000,101015,395,100740,395,101294,100,100739,100,101510,100,100720,100,101586,100,100712,100,101688,100,100658,100,101703,100,100577,100,,,100497,52,,,100226,200,,,100098,200,,,99973,100
2019-06-28 10:01:35.999188839,101015,395,100835,100,101294,100,100740,395,101510,100,100739,100,101586,100,100720,100,101688,100,100712,100,101703,100,100658,100,,,100577,100,,,100497,52,,,100226,200,,,100098,200
2019-06-28 10:01:38.306451262,101015,395,100835,100,101108,100,100740,395,101294,100,100739,100,101510,100,100720,100,101586,100,100712,100,101688,100,100658,100,101703,100,100577,100,,,100497,52,,,100226,200,,,100098,200
2019-06-28 10:01:40.000000000,101015,159,100835,159,101108,159,100740,159,101294,159,100739,159,101510,159,100720,159,101586,159,100712,159,101688,100,100658,100,101703,100,100577,100,,,100497,52,,,100226,200,,,100098,200
2019-06-28 10:01:50.000000000,101015,159,100835,159,101108,159,100740,159,101294,159,100739,159,101510,159,100720,159,101586,159,100712,159,101688,100,100658,100,101703,100,100577,100,,,100497,52,,,100226,200,,,100098,200
2019-06-28 10:02:00.000000000,101015,248,100835,248,101108,248,100740,248,101294,100,100739,100,101510,100,100720,100,101586,100,100712,100,101688,100,100658,100,101703,100,100577,100,,,100497,52,,,100226,200,,,100098,200
2019-06-28 10:02:10.000000000,101015,174,100835,174,101108,174,100740,174,101294,174,100739,174,101510,174,100720,174,101586,100,100712,100,101688,100,100658,100,101703,100,100577,100,,,100497,52,,,100226,200,,,100098,200
2019-06-28 10:02:20.000000000,101015,159,100835,159,101108,159,100740,159,101294,159,100739,159,101510,159,100720,159,101586,159,100712,159,101688,100,100658,100,101703,100,100577,100,,,100497,52,,,100226,200,,,100098,200
2019-06-28 10:02:30.000000000,101015,200,100835,200,101108,197,100740,197,101294,197,100739,197,101510,100,100720,100,101586,100,100712,100,101688,100,100658,100,101703,100,100577,100,,,100497,52,,,100226,200,,,100098,200
2019-06-28 10:02:40.000000000,101015,174,100835,174,101108,174,100740,174,101294,174,100739,174,101510,174,100720,174,101586,100,100712,100,101688,100,100658,100,101703,100,100577,100,,,100497,52,,,100226,200,,,100098,200
2019-06-28 10:02:50.000000000,101015,159,100835,159,101108,159,100740,159,101294,159,100739,159,101510,159,100720,159,101586,159,100712,159,101688,100,100658,100,101703,100,100577,100,,,100497,52,,,100226,200,,,100098,200
2019-06-28 10:03:00.000000000,101015,174,100835,174,101108,174,100740,174,101294,174,100739,174,101510,174,100720,174,101586,100,100712,100,101688,100,100658,100,101703,100,100577,100,,,100497,52,,,100226,200,,,100098,200
2019-06-28 10:03:10.000000000,101015,248,100835,248,101108,248,100740,248,101294,100,100739,100,101510,100,100720,100,101586,100,100712,100,101688,100,100658,100,101703,100,100577,100,,,100497,52,,,100226,200,,,100098,200
2019-06-28 10:03:20.000000000,101015,174,100835,174,101108,174,100740,174,101294,174,100739,174,101510,174,100720,174,101586,100,100712,100,101688,100,100658,100,101703,100,100577,100,,,100497,52,,,100226,200,,,100098,200
2019-06-28 10:03:30.000000000,101015,248,100835,248,101108,248,100740,248,101294,100,100739,100,101510,100,100720,100,101586,100,100712,100,101688,100,100658,100,101703,100,100577,100,,,100497,52,,,100226,200,,,100098,200
2019-06-28 10:03:40.000000000,101015,159,100835,159,101108,159,100740,159,101294,159,100739,159,101510,159,100720,159,101586,159,100712,159,101688,100,100658,100,101703,100,100577,100,,,100497,52,,,100226,200,,,100098,200
2019-06-28 10:03:50.000000000,101015,159,100835,159,101108,159,100740,159,101294,159,100739,159,101510,159,100720,159,101586,159,100712,159,101688,100,100658,100,101703,100,100577,100,,,100497,52,,,100226,200,,,100098,200
2019-06-28 10:03:50.701658828,100909,100,100835,159,101015,159,100740,159,101108,159,100739,159,101294,159,100720,159,101510,159,100712,159,101586,159,100658,100,101688,100,100577,100,101703,100,100497,52,,,100226,200,,,100098,200
2019-06-28 10:04:00.000000000,100909,159,100835,159,101015,159,100740,159,101108,159,100739,159,101294,159,100720,159,101510,159,100712,159,101586,100,100658,100,101688,100,100577,100,101703,100,100497,52,,,100226,200,,,100098,200
2019-06-28 10:04:08.987551788,100909,159,100835,159,101015,159,100740,159,101108,159,100739,159,101294,159,100720,159,101510,159,100712,159,101586,100,100658,100,101688,100,100577,100,101703,100,100497,52,,,100226,200,,,100098,200
2019-06-28 10:04:10.000000000,100909,200,100835,200,101015,197,100740,197,101108,197,100739,197,101294,100,100720,100,101510,100,100712,100,101586,100,100658,100,101688,100,100577,100,101703,100,100497,52,,,100226,200,,,100098,200
2019-06-28 10:04:18.113483574,100909,200,100835,200,101015,197,100740,197,101108,197,100739,197,101294,100,100720,100,101510,100,100712,100,101586,100,100658,100,101688,100,100577,100,101703,100,100497,52,,,100226,200,,,100191,100
2019-06-28 10:04:20.000000000,100909,395,100835,395,101015,100,100740,100,101108,100,100739,100,101294,100,100720,100,101510,100,100712,100,101586,100,100658,100,101688,100,100577,100,101703,100,100497,52,,,100226,200,,,100191,100
2019-06-28 10:04:30.000000000,100909,159,100835,159,101015,159,100740,159,101108,159,100739,159,101294,159,100720,159,101510,159,100712,159,101586,100,100658,100,101688,100,100577,100,101703,100,100497,52,,,100226,200,,,100191,100
2019-06-28 10:04:40.000000000,100909,248,100835,248,101015,248,100740,248,101108,100,100739,100,101294,100,100720,100,101510,100,100712,100,101586,100,100658,100,101688,100,100577,100,101703,100,100497,52,,,100226,200,,,100191,100
2019-06-28 10:04:41.439192208,100909,148,100835,248,101015,248,100740,248,101108,100,100739,100,101294,100,100720,100,101586,100,100712,100,101688,100,100658,100,101703,100,100577,100,,,100497,52,,,100226,200,,,100191,100
2019-06-28 10:04:50.000000000,101015,395,100835,395,101108,100,100740,100,101294,100,100739,100,101586,100,100720,100,101688,100,100712,100,101703,100,100658,100,,,100577,100,,,100497,52,,,100226,200,,,100191,100
2019-06-28 10:05:00.000000000,101015,248,100835,248,101108,248,100740,248,101294,100,100739,100,101586,100,100720,100,101688,100,100712,100,101703,100,100658,100,,,100577,100,,,100497,52,,,100226,200,,,100191,100
2019-06-28 10:05:10.000000000,101015,200,100835,200,101108,197,100740,197,101294,197,100739,197,101586,100,100720,100,101688,100,100712,100,101703,100,100658,100,,,100577,100,,,100497,52,,,100226,200,,,100191,100
2019-06-28 10:05:20.000000000,101015,395,100835,395,101108,100,100740,100,101294,100,100739,100,101586,100,100720,100,101688,100,100712,100,101703,100,100658,100,,,100577,100,,,100497,52,,,100226,200,,,100191,100
2019-06-28 10:05:30.000000000,101015,174,100835,174,101108,174,100740,174,101294,174,100739,174,101586,174,100720,174,101688,100,100712,100,101703,100,100658,100,,,100577,100,,,100497,52,,,100226,200,,,100191,100
2019-06-28 10:05:40.000000000,101015,174,100835,174,101108,174,100740,174,101294,174,100739,174,101586,174,100720,174,101688,100,100712,100,101703,100,100658,100,,,100577,100,,,100497,52,,,100226,200,,,100191,100
2019-06-28 10:05:50.000000000,101015,174,100835,174,101108,174,100740,174,101294,174,100739,174,101586,174,100720,174,101688,100,100712,100,101703,100,100658,100,,,100577,100,,,100497,52,,,100226,200,,,100191,100
2019-06-28 10:06:00.000000000,101015,395,100835,395,101108,100,100740,100,101294,100,100739,100,101586,100,100720,100,101688,100,100712,100,101703,100,100658,100,,,100577,100,,,100497,52,,,100226,200,,,100191,100
2019-06-28 10:06:07.852026326,101015,395,100875,100,101108,100,100835,395,101294,100,100740,100,101586,100,100739,100,101688,100,100720,100,101703,100,100712,100,,,100658,100,,,100577,100,,,100497,52,,,100226,200
2019-06-28 10:06:10.000000000,101015,200,100875,200,101108,197,100835,197,101294,197,100740,197,101586,100,100739,100,101688,100,100720,100,101703,100,100712,100,,,100658,100,,,100577,100,,,100497,52,,,100226,200
2019-06-28 10:06:20.000000000,101015,248,100875,248,101108,248,100835,248,101294,100,100740,100,101586,100,100739,100,101688,100,100720,100,101703,100,100712,100,,,100658,100,,,100577,100,,,100497,52,,,100226,200
2019-06-28 10:06:24.436469679,101015,248,100927,100,101108,248,100875,248,101294,100,100835,248,101586,100,100740,100,101688,100,100739,100,101703,100,100720,100,,,100712,100,,,100658,100,,,100577,100,,,100497,52
2019-06-28 10:06:30.000000000,101015,395,100927,395,101108,100,100875,100,101294,100,100835,100,101586,100,100740,100,101688,100,100739,100,101703,100,100720,100,,,100712,100,,,100658,100,,,100577,100,,,100497,52
2019-06-28 10:06:40.000000000,101015,174,100927,174,101108,174,100875,174,101294,174,100835,174,101586,174,100740,174,101688,100,100739,100,101703,100,100720,100,,,100712,100,,,100658,100,,,100577,100,,,100497,52
2019-06-28 10:06:50.000000000,101015,248,100927,248,101108,248,100875,248,101294,100,100835,100,101586,100,100740,100,101688,100,100739,100,101703,100,100720,100,,,100712,100,,,100658,100,,,100577,100,,,100497,52
2019-06-28 10:06:54.544761361,101015,248,100927,248,101108,248,100919,100,101294,100,100875,248,101586,100,100835,100,101688,100,100740,100,101703,100,100739,100,,,100720,100,,,100712,100,,,100658,100,,,100577,100
2019-06-28 10:07:00.000000000,101015,395,100927,395,101108,100,100919,100,101294,100,100875,100,101586,100,100835,100,101688,100,100740,100,101703,100,100739,100,,,100720,100,,,100712,100,,,100658,100,,,100577,100
2019-06-28 10:07:03.823829467,100939,100,100927,395,101015,395,100919,100,101108,100,100875,100,101294,100,100835,100,101586,100,100740,100,101688,100,100739,100,101703,100,100720,100,,,100712,100,,,100658,100,,,100577,100
2019-06-28 10:07:10.000000000,100939,174,100927,174,101015,174,100919,174,101108,174,100875,174,101294,174,100835,174,101586,100,100740,100,101688,100,100739,100,101703,100,100720,100,,,100712,100,,,100658,100,,,100577,100
2019-06-28 10:07:18.815928642,100939,74,100927,174,101015,174,100919,174,101108,174,100875,174,101294,174,100835,174,101586,100,100740,100,101688,100,100739,100,101703,100,100720,100,,,100712,100,,,100658,100,,,100577,100
2019-06-28 10:07:20.000000000,101015,159,100927,159,101108,159,100919,159,101294,159,100875,159,101586,159,100835,159,101688,159,100740,159,101703,100,100739,100,,,100720,100,,,100712,100,,,100658,100,,,100577,100
2019-06-28 10:07:25.778975492,101015,159,100927,159,101108,159,100919,159,101294,159,100875,159,101426,100,100835,159,101586,159,100740,159,101688,159,100739,100,101703,100,100720,100,,,100712,100,,,100658,100,,,100577,100
2019-06-28 10:07:27.465538339,101108,159,101015,41,101294,159,100927,159,101426,100,100919,159,101586,159,100875,159,101688,159,100835,159,101703,100,100740,159,,,100739,100,,,100720,100,,,100712,100,,,100658,100
2019-06-28 10:07:30.000000000,101108,200,101015,141,101294,197,100927,197,101426,197,100919,197,101586,100,100875,100,101688,100,100835,100,101703,100,100740,100,,,100739,100,,,100720,100,,,100712,100,,,100658,100
2019-06-28 10:07:40.000000000,101108,200,101015,141,101294,197,100927,197,101426,197,100919,197,101586,100,100875,100,101688,100,100835,100,101703,100,100740,100,,,100739,100,,,100720,100,,,100712,100,,,100658,100
2019-06-28 10:07:48.444456281,101108,100,101015,141,101294,197,100927,197,101426,197,100919,197,101586,100,100875,100,101688,100,100835,100,101703,100,100740,100,,,100739,100,,,100720,100,,,100712,100,,,100658,100
2019-06-28 10:07:50.000000000,101294,159,101015,100,101426,159,100927,159,101586,159,100919,159,101688,159,100875,159,101703,159,100835,159,,,100740,100,,,100739,100,,,100720,100,,,100712,100,,,100658,100
2019-06-28 10:08:00.000000000,101294,395,101015,336,101426,100,100927,100,101586,100,100919,100,101688,100,100875,100,101703,100,100835,100,,,100740,100,,,100739,100,,,100720,100,,,100712,100,,,100658,100
2019-06-28 10:08:09.185511861,101107,100,101015,336,101294,395,100927,100,101426,100,100919,100,101586,100,100875,100,101688,100,100835,100,101703,100,100740,100,,,100739,100,,,100720,100,,,100712,100,,,100658,100
2019-06-28 10:08:10.000000000,101107,159,101015,100,101294,159,100927,159,101426,159,100919,159,101586,159,100875,159,101688,159,100835,159,101703,100,100740,100,,,100739,100,,,100720,100,,,100712,100,,,100658,100
2019-06-28 10:08:20.000000000,101107,395,101015,336,101294,100,100927,100,101426,100,100919,100,101586,100,100875,100,101688,100,100835,100,101703,100,100740,100,,,100739,100,,,100720,100,,,100712,100,,,100658,100
2019-06-28 10:08:30.000000000,101107,159,101015,100,101294,159,100927,159,101426,159,100919,159,101586,159,100875,159,101688,159,100835,159,101703,100,100740,100,,,100739,100,,,100720,100,,,100712,100,,,100658,100
2019-06-28 10:08:40.000000000,101107,248,101015,189,101294,248,100927,248,101426,100,100919,100,101586,100,100875,100,101688,100,100835,100,101703,100,100740,100,,,100739,100,,,100720,100,,,100712,100,,,100658,100
2019-06-28 10:08:49.654296706,101107,248,101015,189,101294,248,100927,248,101426,100,100919,100,101586,100,100875,100,101688,100,100755,100,101703,100,100740,100,,,100739,100,,,100720,100,,,100712,100,,,100658,100
2019-06-28 10:08:50.000000000,101107,174,101015,115,101294,174,100927,174,101426,174,100919,174,101586,174,100875,174,101688,100,100755,100,101703,100,100740,100,,,100739,100,,,100720,100,,,100712,100,,,100658,100
2019-06-28 10:09:00.000000000,101107,248,101015,189,101294,248,100927,248,101426,100,100919,100,101586,100,100875,100,101688,100,100755,100,101703,100,100740,100,,,100739,100,,,100720,100,,,100712,100,,,100658,100
