,ask_price_1,ask_size_1,bid_price_1,bid_size_1,ask_price_2,ask_size_2,bid_price_2,bid_size_2,ask_price_3,ask_size_3,bid_price_3,bid_size_3,ask_price_4,ask_size_4,bid_price_4,bid_size_4,ask_price_5,ask_size_5,bid_price_5,bid_size_5,ask_price_6,ask_size_6,bid_price_6,bid_size_6,ask_price_7,ask_size_7,bid_price_7,bid_size_7,ask_price_8,ask_size_8,bid_price_8,bid_size_8,ask_price_9,ask_size_9,bid_price_9,bid_size_9,ask_price_10,ask_size_10,bid_price_10,bid_size_10
2019-06-28 09:30:00.000000000,100046,100,,,,,,,,,,,,,,,,,,,,,,,,,,,,,,,,,,,,,,
2019-06-28 09:30:00.000000001,100046,100,99965,100,,,,,,,,,,,,,,,,,,,,,,,,,,,,,,,,,,,,
2019-06-28 09:30:00.000000007,100046,100,99965,100,100055,100,99876,100,,,,,,,,,,,,,,,,,,,,,,,,,,,,,,,,
2019-06-28 09:30:00.000000008,100046,100,99965,100,100055,100,99876,100,,,99865,100,,,,,,,,,,,,,,,,,,,,,,,,,,,,
2019-06-28 09:30:00.000000011,99987,100,99965,100,100027,100,99876,100,100046,100,99865,100,100055,100,,,,,,,,,,,,,,,,,,,,,,,,,,
2019-06-28 09:30:00.000000015,99987,100,99965,100,100027,100,99876,100,100031,100,99865,100,100046,100,,,100055,100,,,,,,,,,,,,,,,,,,,,,,
2019-06-28 09:30:00.000000016,100019,100,99965,100,100027,100,99876,100,100031,100,99865,100,100046,100,,,100055,100,,,,,,,,,,,,,,,,,,,,,,
2019-06-28 09:30:00.000000020,100019,100,99965,100,100021,100,99876,100,100027,100,99865,100,100031,100,,,100046,100,,,100055,100,,,100266,100,,,,,,,,,,,,,,
2019-06-28 09:30:00.000000021,100019,100,99965,100,100021,100,99892,100,100027,100,99876,100,100031,100,99865,100,100046,100,,,100055,100,,,100266,100,,,,,,,,,,,,,,
2019-06-28 09:30:00.000000023,100019,100,99965,100,100021,100,99892,100,100027,100,99876,100,100031,100,99865,100,100046,100,,,100055,100,,,100156,100,,,100266,100,,,,,,,,,,
2019-06-28 09:30:00.000000024,100019,100,99892,100,100021,100,99876,100,100027,100,99865,100,100031,100,99828,100,100040,100,,,100046,100,,,100055,100,,,100156,100,,,100266,100,,,,,,
2019-06-28 09:30:00.000000026,100019,100,99980,100,100021,100,99892,100,100027,100,99876,100,100031,100,99865,100,100040,100,99828,100,100046,100,,,100055,100,,,100156,100,,,100266,100,,,,,,
2019-06-28 09:30:00.000000028,100008,100,99980,100,100019,100,99892,100,100021,100,99876,100,100027,100,99865,100,100031,100,99828,100,100040,100,,,100046,100,,,100055,100,,,100156,100,,,100266,100,,
2019-06-28 09:30:00.000000030,100008,100,99980,100,100019,100,99965,100,100021,100,99892,100,100027,100,99876,100,100031,100,99865,100,100040,100,99828,100,100046,100,,,100055,100,,,100156,100,,,100266,100,,
2019-06-28 09:30:00.000000031,99987,100,99980,100,100008,100,99965,200,100019,100,99892,100,100021,100,99876,100,100027,100,99865,100,100031,100,99828,100,100040,100,,,100046,100,,,100055,100,,,100156,100,,
2019-06-28 09:30:00.000000032,99987,100,99980,100,100008,100,99965,200,100019,100,99892,100,100021,100,99876,100,100027,100,99865,100,100031,100,99828,100,100040,100,,,100046,100,,,100055,100,,,100099,100,,
2019-06-28 09:30:00.000000033,99987,100,99980,100,100008,100,99965,200,100019,100,99897,100,100021,100,99892,100,100027,100,99876,100,100031,100,99865,100,100040,100,99851,100,100046,100,99828,100,100055,100,,,100099,100,,
2019-06-28 09:30:00.000000034,99987,100,99980,100,100008,200,99965,200,100019,100,99897,100,100021,100,99892,100,100027,100,99876,100,100031,100,99865,100,100040,100,99851,100,100046,100,99828,100,100055,100,,,100075,100,,
2019-06-28 09:30:00.000000037,99987,100,99980,100,100008,200,99965,200,100019,100,99921,100,100021,100,99897,100,100027,100,99892,100,100031,100,99876,100,100040,100,99865,100,100046,100,99851,100,100055,100,99828,100,100075,100,,
2019-06-28 09:30:00.000000040,99987,100,99980,100,100008,200,99965,200,100019,100,99921,100,100021,100,99897,100,100027,100,99892,100,100031,100,99876,100,100040,100,99865,100,100046,100,99851,100,100055,100,99828,100,100075,100,,
2019-06-28 09:30:00.000000041,99987,200,99980,100,100008,200,99965,200,100019,100,99921,100,100021,100,99897,100,100027,100,99892,100,100031,100,99876,100,100040,100,99865,100,100046,100,99851,100,100055,100,99828,100,100075,100,,
2019-06-28 09:30:00.000000042,99987,200,99980,100,100008,200,99969,100,100019,100,99965,200,100021,100,99921,100,100027,100,99897,100,100031,100,99892,100,100040,100,99876,100,100046,100,99865,100,100055,100,99851,100,100075,100,99828,100
2019-06-28 09:30:00.000000046,99987,200,99980,100,100008,200,99969,100,100019,100,99965,200,100021,100,99921,100,100027,100,99897,100,100031,100,99892,100,100040,100,99876,100,100046,100,99865,100,100055,100,99851,100,100057,100,99828,100
2019-06-28 09:30:00.000000047,99987,200,99980,100,100008,200,99969,100,100019,100,99965,300,100021,100,99921,100,100027,100,99897,100,100031,100,99892,100,100040,100,99876,100,100046,100,99865,100,100055,100,99851,100,100057,100,99828,100
2019-06-28 09:30:00.000000051,99987,200,99980,100,100008,200,99969,100,100019,100,99965,400,100021,100,99921,100,100027,100,99897,100,100031,100,99892,100,100040,100,99876,100,100046,100,99865,100,100055,100,99851,100,100057,100,99828,100
2019-06-28 09:30:00.000000056,99987,200,99969,100,100008,200,99965,400,100019,100,99921,100,100021,100,99897,100,100027,100,99892,100,100031,100,99876,100,100040,100,99865,100,100046,100,99851,100,100055,100,99828,100,100057,100,,
2019-06-28 09:30:00.000000057,99980,100,99969,100,99987,200,99965,400,100008,200,99921,100,100019,100,99897,100,100021,100,99892,100,100027,100,99876,100,100031,100,99865,100,100040,100,99851,100,100046,100,99828,100,100055,100,,
2019-06-28 09:30:00.000000058,99980,200,99969,100,99987,200,99965,400,100008,200,99943,100,100019,100,99921,100,100021,100,99897,100,100027,100,99892,100,100031,100,99876,100,100040,100,99865,100,100046,100,99851,100,100055,100,99828,100
2019-06-28 09:30:00.000000059,99980,100,99969,100,99987,200,99965,400,100008,200,99943,100,100019,100,99921,100,100021,100,99897,100,100027,100,99892,100,100031,100,99876,100,100040,100,99865,100,100046,100,99851,100,100055,100,99828,100
2019-06-28 09:30:00.000000063,99980,100,99969,100,99987,200,99965,400,100008,200,99943,100,100019,100,99921,100,100021,100,99897,100,100027,100,99892,100,100031,100,99876,100,100040,100,99865,100,100046,100,99851,100,100055,100,99846,100
2019-06-28 09:30:00.000000064,99980,100,99969,100,99987,200,99965,400,99991,100,99943,100,100008,200,99921,100,100019,100,99897,100,100021,100,99892,100,100027,100,99883,100,100031,100,99876,100,100040,100,99865,100,100046,100,99851,100
2019-06-28 09:30:00.000000066,99987,200,99969,100,99991,100,99965,400,100008,200,99943,100,100014,100,99921,100,100019,100,99897,100,100021,100,99892,100,100027,100,99883,100,100031,100,99876,100,100040,100,99865,100,100046,100,99851,100
2019-06-28 09:30:00.000000068,99987,200,99980,100,99991,100,99969,100,100008,200,99965,400,100014,100,99943,100,100019,100,99921,100,100021,100,99897,100,100027,100,99892,100,100031,100,99883,100,100040,100,99876,100,100046,100,99865,100
2019-06-28 09:30:00.000000069,99987,200,99980,100,99991,100,99969,100,100008,200,99965,400,100014,100,99943,100,100019,100,99921,100,100021,100,99897,100,100027,100,99892,100,100031,100,99883,100,100040,100,99876,100,100046,100,99865,100
2019-06-28 09:30:00.000000071,99987,200,99980,100,99991,100,99969,100,100008,200,99965,400,100014,200,99943,100,100019,100,99921,100,100021,100,99897,100,100027,100,99892,100,100031,100,99883,100,100040,100,99876,100,100046,100,99865,100
2019-06-28 09:30:00.000000074,99987,200,99980,100,99991,100,99969,100,100008,200,99965,400,100014,200,99943,100,100019,100,99931,100,100021,100,99921,100,100027,100,99897,100,100031,100,99892,100,100040,100,99883,100,100046,100,99876,100
2019-06-28 09:30:00.000000079,99987,200,99980,100,99991,100,99969,100,100008,200,99965,400,100014,200,99943,100,100019,100,99937,100,100021,100,99931,100,100027,100,99921,100,100031,100,99897,100,100040,100,99892,100,100046,100,99883,100
2019-06-28 09:30:00.000000080,99987,200,99969,100,99991,100,99965,400,100008,200,99943,100,100014,200,99937,100,100019,100,99931,100,100021,100,99921,100,100027,100,99897,100,100031,100,99892,100,100040,100,99883,100,100046,100,99876,100
2019-06-28 09:30:00.000000081,99987,200,99969,100,99991,100,99965,400,100008,200,99943,100,100014,200,99937,100,100019,100,99931,100,100021,100,99921,100,100027,100,99897,100,100031,100,99892,100,100040,100,99883,100,100046,100,99876,100
2019-06-28 09:30:00.000000084,99987,100,99969,100,99991,100,99965,400,100008,200,99958,100,100014,200,99943,100,100019,100,99937,100,100021,100,99931,100,100027,100,99921,100,100031,100,99897,100,100040,100,99892,100,100046,100,99883,100
2019-06-28 09:30:00.000000086,99987,200,99980,100,99991,100,99969,100,100008,200,99965,400,100014,200,99958,100,100019,100,99943,100,100021,100,99937,100,100027,100,99931,100,100031,100,99921,100,100040,100,99897,100,100046,100,99892,100
2019-06-28 09:30:00.000000087,99987,200,99980,100,99991,100,99969,100,100005,100,99965,400,100008,200,99958,100,100014,200,99943,100,100019,100,99937,100,100021,100,99931,100,100027,100,99921,100,100031,100,99897,100,100040,100,99892,100
2019-06-28 09:30:00.000000090,99987,200,99980,100,99991,100,99969,100,100005,100,99965,400,100008,200,99958,100,100014,200,99943,100,100019,100,99937,100,100021,100,99931,100,100027,100,99921,100,100031,100,99897,100,100040,100,99892,100
2019-06-28 09:30:00.000000091,99987,200,99980,100,99991,100,99969,100,100005,100,99965,400,100008,200,99958,100,100014,200,99943,100,100019,100,99937,100,100021,100,99931,100,100027,100,99921,100,100029,100,99897,100,100031,100,99892,100
2019-06-28 09:30:00.000000092,99987,200,99985,100,99991,100,99980,100,100005,100,99969,100,100008,200,99965,400,100014,200,99958,100,100019,100,99943,100,100021,100,99937,100,100027,100,99931,100,100029,100,99921,100,100031,100,99897,100
2019-06-28 09:30:00.000000093,99987,100,99985,100,99991,100,99980,100,100005,100,99969,100,100008,200,99965,400,100014,200,99958,100,100019,100,99943,100,100021,100,99937,100,100027,100,99931,100,100029,100,99921,100,100031,100,99897,100
2019-06-28 09:30:00.000000094,99987,100,99980,100,99991,100,99969,100,100005,100,99965,400,100008,200,99958,100,100014,200,99943,100,100019,100,99942,100,100021,100,99937,100,100027,100,99931,100,100029,100,99921,100,100031,100,99897,100
2019-06-28 09:30:00.000000098,99987,100,99980,100,99991,100,99969,100,100005,100,99965,400,100008,200,99958,100,100014,200,99943,100,100019,100,99942,100,100021,100,99937,100,100027,100,99931,100,100029,100,99921,100,100031,100,99897,100
2019-06-28 09:30:10.000000000,99987,263,99980,263,99991,258,99969,258,100005,258,99965,558,100008,200,99958,100,100014,200,99943,100,100019,100,99942,100,100021,100,99937,100,100027,100,99931,100,100029,100,99921,100,100031,100,99897,100
2019-06-28 09:30:16.050630998,99987,263,99980,263,99991,258,99969,258,100005,258,99965,558,100008,200,99958,100,100014,200,99943,100,100019,100,99942,100,100021,100,99937,100,100027,100,99931,100,100029,100,99921,100,100031,100,99897,100
2019-06-28 09:30:20.000000000,99987,196,99980,196,99991,196,99969,196,100005,196,99965,496,100008,296,99958,196,100014,296,99943,196,100019,100,99942,100,100021,100,99937,100,100027,100,99931,100,100029,100,99921,100,100031,100,99897,100
2019-06-28 09:30:30.000000000,99987,340,99980,340,99991,340,99969,340,100005,100,99965,400,100008,200,99958,100,100014,200,99943,100,100019,100,99942,100,100021,100,99937,100,100027,100,99931,100,100029,100,99921,100,100031,100,99897,100
2019-06-28 09:30:40.000000000,99987,263,99980,263,99991,258,99969,258,100005,258,99965,558,100008,200,99958,100,100014,200,99943,100,100019,100,99942,100,100021,100,99937,100,100027,100,99931,100,100029,100,99921,100,100031,100,99897,100
2019-06-28 09:30:50.000000000,99987,263,99980,263,99991,258,99969,258,100005,258,99965,558,100008,200,99958,100,100014,200,99943,100,100019,100,99942,100,100021,100,99937,100,100027,100,99931,100,100029,100,99921,100,100031,100,99897,100
2019-06-28 09:31:00.000000000,99987,263,99980,263,99991,258,99969,258,100005,258,99965,558,100008,200,99958,100,100014,200,99943,100,100019,100,99942,100,100021,100,99937,100,100027,100,99931,100,100029,100,99921,100,100031,100,99897,100
2019-06-28 09:31:10.000000000,99987,196,99980,196,99991,196,99969,196,100005,196,99965,496,100008,296,99958,196,100014,296,99943,196,100019,100,99942,100,100021,100,99937,100,100027,100,99931,100,100029,100,99921,100,100031,100,99897,100
2019-06-28 09:31:14.304418664,99987,196,99980,96,99991,196,99969,196,100005,196,99965,496,100008,196,99958,196,100014,296,99943,196,100019,100,99942,100,100021,100,99937,100,100027,100,99931,100,100029,100,99921,100,100031,100,99897,100
2019-06-28 09:31:20.000000000,99987,340,99969,340,99991,340,99965,640,100005,100,99958,100,100008,100,99943,100,100014,200,99942,100,100019,100,99937,100,100021,100,99931,100,100027,100,99921,100,100029,100,99897,100,100031,100,99892,100
2019-06-28 09:31:22.974636538,99987,340,99969,240,99991,340,99965,640,100005,100,99958,100,100008,100,99943,100,100014,200,99942,100,100019,100,99937,100,100021,100,99931,100,100027,100,99921,100,100029,100,99897,100,100031,100,99892,100
2019-06-28 09:31:30.000000000,99987,340,99965,640,99991,340,99958,340,100005,100,99943,100,100008,100,99942,100,100014,200,99937,100,100019,100,99931,100,100021,100,99921,100,100027,100,99897,100,100029,100,99892,100,100031,100,99883,100
2019-06-28 09:31:40.000000000,99987,196,99965,496,99991,196,99958,196,100005,196,99943,196,100008,196,99942,196,100014,296,99937,196,100019,100,99931,100,100021,100,99921,100,100027,100,99897,100,100029,100,99892,100,100031,100,99883,100
2019-06-28 09:31:50.000000000,99987,580,99965,880,99991,100,99958,100,100005,100,99943,100,100008,100,99942,100,100014,200,99937,100,100019,100,99931,100,100021,100,99921,100,100027,100,99897,100,100029,100,99892,100,100031,100,99883,100
2019-06-28 09:31:58.296947636,99987,580,99965,880,99991,100,99958,100,100005,100,99943,100,100008,100,99942,100,100014,200,99937,100,100019,100,99931,100,100021,100,99897,100,100027,100,99892,100,100029,100,99883,100,100031,100,99876,100
2019-06-28 09:32:00.000000000,99987,340,99965,640,99991,340,99958,340,100005,100,99943,100,100008,100,99942,100,100014,200,99937,100,100019,100,99931,100,100021,100,99897,100,100027,100,99892,100,100029,100,99883,100,100031,100,99876,100
2019-06-28 09:32:10.000000000,99987,220,99965,520,99991,220,99958,220,100005,220,99943,220,100008,220,99942,220,100014,200,99937,100,100019,100,99931,100,100021,100,99897,100,100027,100,99892,100,100029,100,99883,100,100031,100,99876,100
2019-06-28 09:32:20.000000000,99987,263,99965,563,99991,258,99958,258,100005,258,99943,258,100008,100,99942,100,100014,200,99937,100,100019,100,99931,100,100021,100,99897,100,100027,100,99892,100,100029,100,99883,100,100031,100,99876,100
2019-06-28 09:32:27.137426783,99987,263,99965,563,99991,258,99958,258,100005,258,99943,258,100008,100,99942,100,100014,200,99937,100,100019,100,99931,100,100021,100,99897,100,100027,100,99892,100,100029,100,99883,100,100031,100,99876,100
2019-06-28 09:32:30.000000000,99987,196,99965,496,99991,196,99958,196,100005,196,99943,196,100008,196,99942,196,100014,296,99937,196,100019,100,99931,100,100021,100,99897,100,100027,100,99892,100,100029,100,99883,100,100031,100,99876,100
2019-06-28 09:32:40.000000000,99987,340,99965,640,99991,340,99958,340,100005,100,99943,100,100008,100,99942,100,100014,200,99937,100,100019,100,99931,100,100021,100,99897,100,100027,100,99892,100,100029,100,99883,100,100031,100,99876,100
2019-06-28 09:32:46.662955333,99987,240,99965,640,99991,340,99958,340,100005,100,99943,100,100008,100,99942,100,100014,200,99937,100,100019,100,99931,100,100021,100,99897,100,100027,100,99892,100,100029,100,99883,100,100031,100,99876,100
2019-06-28 09:32:50.000000000,99991,220,99965,520,100005,220,99958,220,100008,220,99943,220,100014,320,99942,220,100019,100,99937,100,100021,100,99931,100,100027,100,99897,100,100029,100,99892,100,100031,100,99883,100,100040,100,99876,100
2019-06-28 09:33:00.000000000,99991,263,99965,563,100005,258,99958,258,100008,258,99943,258,100014,200,99942,100,100019,100,99937,100,100021,100,99931,100,100027,100,99897,100,100029,100,99892,100,100031,100,99883,100,100040,100,99876,100
2019-06-28 09:33:02.020308395,99991,263,99965,463,100005,258,99958,258,100008,258,99943,258,100014,200,99942,100,100019,100,99937,100,100021,100,99931,100,100027,100,99897,100,100029,100,99892,100,100031,100,99883,100,100040,100,99876,100
2019-06-28 09:33:10.000000000,99991,196,99965,396,100005,196,99958,196,100008,196,99943,196,100014,296,99942,196,100019,196,99937,196,100021,100,99931,100,100027,100,99897,100,100029,100,99892,100,100031,100,99883,100,100040,100,99876,100
2019-06-28 09:33:15.940602093,99991,196,99965,396,100005,196,99958,196,100008,196,99943,196,100014,296,99942,196,100019,196,99937,196,100021,100,99931,100,100027,100,99897,100,100029,100,99892,100,100031,100,99883,100,100040,100,99876,100
2019-06-28 09:33:20.000000000,99991,340,99965,540,100005,340,99958,340,100008,100,99943,100,100014,200,99942,100,100019,100,99937,100,100021,100,99931,100,100027,100,99897,100,100029,100,99892,100,100031,100,99883,100,100040,100,99876,100
2019-06-28 09:33:21.406962441,99986,100,99965,540,99991,340,99958,340,100005,340,99943,100,100008,100,99942,100,100014,200,99937,100,100019,100,99931,100,100021,100,99897,100,100027,100,99892,100,100029,100,99883,100,100031,100,99876,100
2019-06-28 09:33:30.000000000,99986,580,99965,780,99991,100,99958,100,100005,100,99943,100,100008,100,99942,100,100014,200,99937,100,100019,100,99931,100,100021,100,99897,100,100027,100,99892,100,100029,100,99883,100,100031,100,99876,100
2019-06-28 09:33:40.000000000,99986,220,99965,420,99991,220,99958,220,100005,220,99943,220,100008,220,99942,220,100014,200,99937,100,100019,100,99931,100,100021,100,99897,100,100027,100,99892,100,100029,100,99883,100,100031,100,99876,100
2019-06-28 09:33:50.000000000,99986,580,99965,780,99991,100,99958,100,100005,100,99943,100,100008,100,99942,100,100014,200,99937,100,100019,100,99931,100,100021,100,99897,100,100027,100,99892,100,100029,100,99883,100,100031,100,99876,100
2019-06-28 09:34:00.000000000,99986,196,99965,396,99991,196,99958,196,100005,196,99943,196,100008,196,99942,196,100014,296,99937,196,100019,100,99931,100,100021,100,99897,100,100027,100,99892,100,100029,100,99883,100,100031,100,99876,100
2019-06-28 09:34:10.000000000,99986,196,99965,396,99991,196,99958,196,100005,196,99943,196,100008,196,99942,196,100014,296,99937,196,100019,100,99931,100,100021,100,99897,100,100027,100,99892,100,100029,100,99883,100,100031,100,99876,100
2019-06-28 09:34:20.000000000,99986,580,99965,780,99991,100,99958,100,100005,100,99943,100,100008,100,99942,100,100014,200,99937,100,100019,100,99931,100,100021,100,99897,100,100027,100,99892,100,100029,100,99883,100,100031,100,99876,100
2019-06-28 09:34:23.458565446,99986,580,99965,780,99991,100,99958,100,100005,100,99943,100,100008,100,99942,100,100014,200,99937,100,100019,100,99897,100,100021,100,99892,100,100027,100,99883,100,100029,100,99876,100,100031,100,99865,100
2019-06-28 09:34:30.000000000,99986,340,99965,540,99991,340,99958,340,100005,100,99943,100,100008,100,99942,100,100014,200,99937,100,100019,100,99897,100,100021,100,99892,100,100027,100,99883,100,100029,100,99876,100,100031,100,99865,100
2019-06-28 09:34:33.596419189,99986,240,99965,540,99991,340,99958,340,100005,100,99943,100,100008,100,99942,100,100014,200,99937,100,100019,100,99897,100,100021,100,99892,100,100027,100,99883,100,100029,100,99876,100,100031,100,99865,100
2019-06-28 09:34:38.954494394,99986,240,99966,100,99991,340,99965,540,100005,100,99958,340,100008,100,99943,100,100014,200,99942,100,100019,100,99937,100,100021,100,99897,100,100027,100,99892,100,100029,100,99883,100,100031,100,99876,100
2019-06-28 09:34:40.000000000,99991,340,99966,340,100005,340,99965,540,100008,100,99958,100,100014,200,99943,100,100019,100,99942,100,100021,100,99937,100,100027,100,99897,100,100029,100,99892,100,100031,100,99883,100,100040,100,99876,100
2019-06-28 09:34:50.000000000,99991,340,99966,340,100005,340,99965,540,100008,100,99958,100,100014,200,99943,100,100019,100,99942,100,100021,100,99937,100,100027,100,99897,100,100029,100,99892,100,100031,100,99883,100,100040,100,99876,100
2019-06-28 09:35:00.000000000,99991,196,99966,196,100005,196,99965,396,100008,196,99958,196,100014,296,99943,196,100019,196,99942,196,100021,100,99937,100,100027,100,99897,100,100029,100,99892,100,100031,100,99883,100,100040,100,99876,100
2019-06-28 09:35:07.819853465,99985,100,99966,196,99991,196,99965,396,100005,196,99958,196,100008,196,99943,196,100014,296,99942,196,100019,196,99937,100,100021,100,99897,100,100027,100,99892,100,100029,100,99883,100,100031,100,99876,100
2019-06-28 09:35:10.000000000,99985,340,99966,340,99991,340,99965,540,100005,100,99958,100,100008,100,99943,100,100014,200,99942,100,100019,100,99937,100,100021,100,99897,100,100027,100,99892,100,100029,100,99883,100,100031,100,99876,100
2019-06-28 09:35:14.735620641,99985,340,99966,340,99991,340,99965,540,100005,100,99958,100,100014,200,99943,100,100019,100,99942,100,100021,100,99937,100,100027,100,99897,100,100029,100,99892,100,100031,100,99883,100,100040,100,99876,100
2019-06-28 09:35:20.000000000,99985,580,99966,580,99991,100,99965,300,100005,100,99958,100,100014,200,99943,100,100019,100,99942,100,100021,100,99937,100,100027,100,99897,100,100029,100,99892,100,100031,100,99883,100,100040,100,99876,100
2019-06-28 09:35:23.217287398,99985,580,99966,480,99991,100,99965,300,100005,100,99958,100,100014,200,99943,100,100019,100,99942,100,100021,100,99937,100,100027,100,99897,100,100029,100,99892,100,100031,100,99883,100,100040,100,99876,100
2019-06-28 09:35:30.000000000,99985,196,99965,396,99991,196,99958,196,100005,196,99943,196,100014,296,99942,196,100019,196,99937,196,100021,100,99897,100,100027,100,99892,100,100029,100,99883,100,100031,100,99876,100,100040,100,99865,100
2019-06-28 09:35:40.000000000,99985,220,99965,420,99991,220,99958,220,100005,220,99943,220,100014,320,99942,220,100019,100,99937,100,100021,100,99897,100,100027,100,99892,100,100029,100,99883,100,100031,100,99876,100,100040,100,99865,100
2019-06-28 09:35:50.000000000,99985,196,99965,396,99991,196,99958,196,100005,196,99943,196,100014,296,99942,196,100019,196,99937,196,100021,100,99897,100,100027,100,99892,100,100029,100,99883,100,100031,100,99876,100,100040,100,99865,100
2019-06-28 09:36:00.000000000,99985,340,99965,540,99991,340,99958,340,100005,100,99943,100,100014,200,99942,100,100019,100,99937,100,100021,100,99897,100,100027,100,99892,100,100029,100,99883,100,100031,100,99876,100,100040,100,99865,100
2019-06-28 09:36:04.826073583,99985,340,99965,540,99991,240,99958,340,100005,100,99943,100,100014,200,99942,100,100019,100,99937,100,100021,100,99897,100,100027,100,99892,100,100029,100,99883,100,100031,100,99876,100,100040,100,99865,100
2019-06-28 09:36:10.000000000,99985,220,99965,420,100005,220,99958,220,100014,320,99943,220,100019,220,99942,220,100021,100,99937,100,100027,100,99897,100,100029,100,99892,100,100031,100,99883,100,100040,100,99876,100,100055,100,99865,100
2019-06-28 09:36:16.896178170,99985,220,99965,320,100005,220,99958,220,100014,320,99943,220,100019,220,99942,220,100021,100,99937,100,100027,100,99897,100,100029,100,99892,100,100040,100,99883,100,100055,100,99876,100,100056,100,99865,100
2019-06-28 09:36:20.000000000,99985,340,99965,440,100005,340,99958,340,100014,200,99943,100,100019,100,99942,100,100021,100,99937,100,100027,100,99897,100,100029,100,99892,100,100040,100,99883,100,100055,100,99876,100,100056,100,99865,100
2019-06-28 09:36:28.850385586,99985,340,99965,340,100005,340,99958,340,100014,200,99943,100,100019,100,99942,100,100021,100,99937,100,100027,100,99897,100,100029,100,99892,100,100040,100,99883,100,100055,100,99876,100,100056,100,99865,100
2019-06-28 09:36:30.000000000,99985,220,99965,220,100005,220,99958,220,100014,320,99943,220,100019,220,99942,220,100021,100,99937,100,100027,100,99897,100,100029,100,99892,100,100040,100,99883,100,100055,100,99876,100,100056,100,99865,100
2019-06-28 09:36:40.000000000,99985,196,99965,196,100005,196,99958,196,100014,296,99943,196,100019,196,99942,196,100021,196,99937,196,100027,100,99897,100,100029,100,99892,100,100040,100,99883,100,100055,100,99876,100,100056,100,99865,100
2019-06-28 09:36:50.000000000,99985,196,99965,196,100005,196,99958,196,100014,296,99943,196,100019,196,99942,196,100021,196,99937,196,100027,100,99897,100,100029,100,99892,100,100040,100,99883,100,100055,100,99876,100,100056,100,99865,100
2019-06-28 09:36:50.847345580,99985,196,99965,96,100005,196,99958,196,100014,296,99943,196,100019,196,99942,196,100021,196,99937,196,100027,100,99897,100,100029,100,99892,100,100040,100,99883,100,100055,100,99876,100,100056,100,99865,100
2019-06-28 09:36:56.063843960,99985,196,99965,96,100005,196,99958,196,100014,196,99943,196,100019,196,99942,196,100021,196,99937,196,100027,100,99897,100,100029,100,99892,100,100040,100,99883,100,100055,100,99876,100,100056,100,99865,100
2019-06-28 09:37:00.000000000,99985,580,99958,580,100005,100,99943,100,100014,100,99942,100,100019,100,99937,100,100021,100,99897,100,100027,100,99892,100,100029,100,99883,100,100040,100,99876,100,100055,100,99865,100,100056,100,99859,100
2019-06-28 09:37:02.563074658,99985,580,99958,580,100005,100,99943,100,100014,100,99942,100,100019,100,99937,100,100021,100,99897,100,100027,100,99892,100,100029,100,99883,100,100040,100,99876,100,100055,100,99865,100,100056,100,99859,100
2019-06-28 09:37:06.424199147,99985,580,99958,480,100005,100,99943,100,100014,100,99942,100,100019,100,99937,100,100021,100,99897,100,100027,100,99892,100,100029,100,99883,100,100040,100,99876,100,100055,100,99865,100,100056,100,99851,100
2019-06-28 09:37:07.589115171,99985,580,99958,380,100005,100,99943,100,100014,100,99942,100,100019,100,99937,100,100021,100,99897,100,100027,100,99892,100,100029,100,99883,100,100040,100,99876,100,100055,100,99865,100,100056,100,99851,100
2019-06-28 09:37:09.749166951,99985,580,99958,280,100005,100,99943,100,100014,100,99942,100,100019,100,99937,100,100021,100,99897,100,100027,100,99892,100,100029,100,99883,100,100040,100,99876,100,100055,100,99865,100,100056,100,99851,100
2019-06-28 09:37:10.000000000,99985,196,99943,196,100005,196,99942,196,100014,196,99937,196,100019,196,99897,196,100021,196,99892,196,100027,100,99883,100,100029,100,99876,100,100040,100,99865,100,100055,100,99851,100,100056,100,99846,100
2019-06-28 09:37:16.521885075,99985,196,99943,96,100005,196,99942,96,100014,196,99937,196,100019,196,99897,196,100021,196,99892,196,100027,100,99883,100,100029,100,99876,100,100040,100,99865,100,100055,100,99851,100,100056,100,99846,100
2019-06-28 09:37:20.000000000,99985,220,99937,220,100005,220,99897,220,100014,220,99892,220,100019,220,99883,220,100021,100,99876,100,100027,100,99865,100,100029,100,99851,100,100040,100,99846,100,100055,100,99828,100,100056,100,99813,100
2019-06-28 09:37:30.000000000,99985,580,99937,580,100005,100,99897,100,100014,100,99892,100,100019,100,99883,100,100021,100,99876,100,100027,100,99865,100,100029,100,99851,100,100040,100,99846,100,100055,100,99828,100,100056,100,99813,100
2019-06-28 09:37:40.000000000,99985,263,99937,263,100005,258,99897,258,100014,258,99892,258,100019,100,99883,100,100021,100,99876,100,100027,100,99865,100,100029,100,99851,100,100040,100,99846,100,100055,100,99828,100,100056,100,99813,100
2019-06-28 09:37:43.478168365,99985,263,99937,163,100005,258,99897,258,100014,258,99892,258,100019,100,99883,100,100021,100,99876,100,100027,100,99865,100,100029,100,99851,100,100040,100,99846,100,100055,100,99828,100,100056,100,99813,100
2019-06-28 09:37:50.000000000,99985,580,99897,580,100005,100,99892,100,100014,100,99883,100,100019,100,99876,100,100021,100,99865,100,100027,100,99851,100,100029,100,99846,100,100040,100,99828,100,100055,100,99813,100,100056,100,99351,100
2019-06-28 09:37:53.924649178,99985,580,99897,480,100005,100,99892,100,100014,100,99883,100,100019,100,99876,100,100021,100,99865,100,100027,100,99851,100,100029,100,99846,100,100040,100,99828,100,100055,100,99813,100,100056,100,99277,100
2019-06-28 09:38:00.000000000,99985,263,99892,263,100005,258,99883,258,100014,258,99876,258,100019,100,99865,100,100021,100,99851,100,100027,100,99846,100,100029,100,99828,100,100040,100,99813,100,100055,100,99277,100,100056,100,99236,100
2019-06-28 09:38:04.000166117,99985,263,99892,263,100005,258,99883,258,100014,258,99876,258,100019,100,99865,100,100021,100,99851,100,100027,100,99846,100,100029,100,99828,100,100040,100,99813,100,100055,100,99779,100,100056,100,99277,100
2019-06-28 09:38:10.000000000,99985,220,99892,220,100005,220,99883,220,100014,220,99876,220,100019,220,99865,220,100021,100,99851,100,100027,100,99846,100,100029,100,99828,100,100040,100,99813,100,100055,100,99779,100,100056,100,99277,100
2019-06-28 09:38:20.000000000,99985,220,99892,220,100005,220,99883,220,100014,220,99876,220,100019,220,99865,220,100021,100,99851,100,100027,100,99846,100,100029,100,99828,100,100040,100,99813,100,100055,100,99779,100,100056,100,99277,100
2019-06-28 09:38:28.510575587,99985,220,99892,220,100005,220,99883,220,100014,220,99876,220,100019,220,99865,220,100021,100,99851,100,100027,100,99846,100,100029,100,99828,100,100040,100,99813,100,100055,100,99789,100,100056,100,99277,100
2019-06-28 09:38:30.000000000,99985,196,99892,196,100005,196,99883,196,100014,196,99876,196,100019,196,99865,196,100021,196,99851,196,100027,100,99846,100,100029,100,99828,100,100040,100,99813,100,100055,100,99789,100,100056,100,99277,100
2019-06-28 09:38:32.537315572,99985,196,99892,196,100005,196,99883,196,100014,196,99876,196,100019,196,99865,196,100021,196,99851,196,100027,100,99846,100,100029,100,99828,100,100040,100,99813,100,100055,100,99789,100,100056,100,99277,100
2019-06-28 09:38:40.000000000,99985,196,99892,196,100005,196,99883,196,100014,196,99876,196,100019,196,99865,196,100021,196,99851,196,100027,100,99846,100,100029,100,99828,100,100040,100,99813,100,100055,100,99789,100,100056,100,99277,100
2019-06-28 09:38:50.000000000,99985,263,99892,263,100005,258,99883,258,100014,258,99876,258,100019,100,99865,100,100021,100,99851,100,100027,100,99846,100,100029,100,99828,100,100040,100,99813,100,100055,100,99789,100,100056,100,99277,100
2019-06-28 09:39:00.000000000,99985,263,99892,263,100005,258,99883,258,100014,258,99876,258,100019,100,99865,100,100021,100,99851,100,100027,100,99846,100,100029,100,99828,100,100040,100,99813,100,100055,100,99789,100,100056,100,99277,100
2019-06-28 09:39:10.000000000,99985,340,99892,340,100005,340,99883,340,100014,100,99876,100,100019,100,99865,100,100021,100,99851,100,100027,100,99846,100,100029,100,99828,100,100040,100,99813,100,100055,100,99789,100,100056,100,99277,100
2019-06-28 09:39:20.000000000,99985,340,99892,340,100005,340,99883,340,100014,100,99876,100,100019,100,99865,100,100021,100,99851,100,100027,100,99846,100,100029,100,99828,100,100040,100,99813,100,100055,100,99789,100,100056,100,99277,100
2019-06-28 09:39:30.000000000,99985,196,99892,196,100005,196,99883,196,100014,196,99876,196,100019,196,99865,196,100021,196,99851,196,100027,100,99846,100,100029,100,99828,100,100040,100,99813,100,100055,100,99789,100,100056,100,99277,100
2019-06-28 09:39:32.931148759,99985,96,99892,196,100005,196,99883,196,100014,196,99876,196,100019,196,99865,196,100021,196,99851,196,100027,100,99846,100,100029,100,99828,100,100040,100,99813,100,100055,100,99789,100,100056,100,99277,100
2019-06-28 09:39:40.000000000,100005,220,99892,220,100014,220,99883,220,100019,220,99876,220,100021,220,99865,220,100027,100,99851,100,100029,100,99846,100,100040,100,99828,100,100055,100,99813,100,100056,100,99789,100,100057,100,99277,100
2019-06-28 09:39:50.000000000,100005,220,99892,220,100014,220,99883,220,100019,220,99876,220,100021,220,99865,220,100027,100,99851,100,100029,100,99846,100,100040,100,99828,100,100055,100,99813,100,100056,100,99789,100,100057,100,99277,100
2019-06-28 09:40:00.000000000,100005,263,99892,263,100014,258,99883,258,100019,258,99876,258,100021,100,99865,100,100027,100,99851,100,100029,100,99846,100,100040,100,99828,100,100055,100,99813,100,100056,100,99789,100,100057,100,99277,100
2019-06-28 09:40:09.123827257,100005,163,99892,263,100014,158,99883,258,100019,258,99876,258,100021,100,99865,100,100027,100,99851,100,100029,100,99846,100,100040,100,99828,100,100055,100,99813,100,100056,100,99789,100,100057,100,99277,100
2019-06-28 09:40:10.000000000,100019,263,99892,263,100021,258,99883,258,100027,258,99876,258,100029,100,99865,100,100040,100,99851,100,100055,100,99846,100,100056,100,99828,100,100057,100,99813,100,100063,100,99789,100,100075,100,99277,100
2019-06-28 09:40:19.596277224,100019,263,99985,100,100021,258,99892,263,100027,258,99883,258,100029,100,99876,258,100040,100,99865,100,100055,100,99851,100,100056,100,99846,100,100057,100,99828,100,100063,100,99813,100,100075,100,99789,100
2019-06-28 09:40:20.000000000,100019,196,99985,196,100021,196,99892,196,100027,196,99883,196,100029,196,99876,196,100040,196,99865,196,100055,100,99851,100,100056,100,99846,100,100057,100,99828,100,100063,100,99813,100,100075,100,99789,100
2019-06-28 09:40:21.049171368,100019,196,99985,196,100021,196,99892,196,100027,196,99883,196,100029,196,99876,196,100040,196,99865,196,100055,100,99851,100,100056,100,99846,100,100057,100,99828,100,100063,100,99813,100,100075,100,99789,100
2019-06-28 09:40:27.998436188,100019,196,99985,196,100021,196,99892,196,100027,196,99883,196,100029,196,99876,196,100040,196,99865,196,100055,100,99851,100,100056,100,99846,100,100057,100,99828,100,100063,100,99813,100,100075,100,99789,100
2019-06-28 09:40:28.191667576,100019,196,99985,196,100021,196,99892,196,100027,196,99883,196,100029,196,99876,196,100040,196,99865,196,100055,100,99851,100,100056,100,99846,100,100057,100,99828,100,100063,100,99813,100,100083,100,99789,100
2019-06-28 09:40:30.000000000,100019,580,99985,580,100021,100,99892,100,100027,100,99883,100,100029,100,99876,100,100040,100,99865,100,100055,100,99851,100,100056,100,99846,100,100057,100,99828,100,100063,100,99813,100,100083,100,99789,100
2019-06-28 09:40:37.402931944,100019,580,99985,580,100021,100,99892,100,100027,100,99883,100,100029,100,99876,100,100040,100,99865,100,100055,100,99851,100,100056,100,99846,100,100057,100,99828,100,100063,100,99813,100,100083,100,99789,100
2019-06-28 09:40:40.000000000,100019,263,99985,263,100021,258,99892,258,100027,258,99883,258,100029,100,99876,100,100040,100,99865,100,100055,100,99851,100,100056,100,99846,100,100057,100,99828,100,100063,100,99813,100,100083,100,99789,100
2019-06-28 09:40:49.979119563,100019,163,99985,263,100021,258,99892,258,100027,258,99883,258,100029,100,99876,100,100040,100,99865,100,100055,100,99851,100,100056,100,99846,100,100057,100,99828,100,100063,100,99813,100,100083,100,99789,100
2019-06-28 09:40:50.000000000,100021,196,99985,196,100027,196,99892,196,100029,196,99883,196,100040,196,99876,196,100055,196,99865,196,100056,100,99851,100,100057,100,99846,100,100063,100,99828,100,100083,100,99813,100,100099,100,99789,100
2019-06-28 09:40:52.546512550,100021,196,99985,196,100027,196,99892,196,100029,196,99883,196,100040,196,99876,196,100055,196,99865,196,100056,100,99851,100,100057,100,99846,100,100063,100,99828,100,100083,100,99813,100,100099,100,99789,100
2019-06-28 09:40:55.403517860,100021,196,100005,100,100027,196,99985,196,100029,196,99892,196,100040,196,99883,196,100055,196,99876,196,100056,100,99865,196,100057,100,99851,100,100063,100,99846,100,100083,100,99828,100,100099,100,99813,100
2019-06-28 09:41:00.000000000,100021,196,100005,196,100027,196,99985,196,100029,196,99892,196,100040,196,99883,196,100055,196,99876,196,100056,100,99865,100,100057,100,99851,100,100063,100,99846,100,100083,100,99828,100,100099,100,99813,100
2019-06-28 09:41:04.673679399,100021,196,100005,296,100027,196,99985,196,100029,196,99892,96,100040,196,99883,196,100055,196,99876,196,100056,100,99865,100,100057,100,99851,100,100063,100,99846,100,100083,100,99828,100,100099,100,99813,100
2019-06-28 09:41:10.000000000,100021,580,100005,680,100027,100,99985,100,100029,100,99883,100,100040,100,99876,100,100055,100,99865,100,100056,100,99851,100,100057,100,99846,100,100063,100,99828,100,100083,100,99813,100,100099,100,99789,100
2019-06-28 09:41:16.510269520,100021,580,100005,680,100027,100,99985,100,100029,100,99883,100,100040,100,99876,100,100055,100,99865,100,100056,100,99851,100,100057,100,99846,100,100063,100,99828,100,100083,100,99813,100,100099,100,99789,100
2019-06-28 09:41:18.680534636,100021,580,100005,580,100027,100,99985,100,100029,100,99883,100,100040,100,99876,100,100055,100,99865,100,100056,100,99851,100,100057,100,99846,100,100063,100,99828,100,100083,100,99813,100,100099,100,99789,100
2019-06-28 09:41:20.000000000,100021,220,100005,220,100027,220,99985,220,100029,220,99883,220,100040,220,99876,220,100055,100,99865,100,100056,100,99851,100,100057,100,99846,100,100063,100,99828,100,100083,100,99813,100,100099,100,99789,100
2019-06-28 09:41:27.195611670,100021,120,100005,220,100027,220,99985,220,100029,220,99883,220,100040,220,99876,220,100055,100,99865,100,100056,100,99851,100,100057,100,99846,100,100063,100,99828,100,100083,100,99813,100,100099,100,99789,100
2019-06-28 09:41:30.000000000,100027,340,100005,340,100029,340,99985,340,100040,100,99883,100,100055,100,99876,100,100056,100,99865,100,100057,100,99851,100,100063,100,99846,100,100083,100,99828,100,100099,100,99813,100,100133,100,99789,100
2019-06-28 09:41:30.030786567,100027,340,100005,340,100029,340,99985,340,100040,100,99883,100,100055,100,99876,100,100056,100,99865,100,100057,100,99851,100,100063,100,99846,100,100083,100,99828,100,100099,100,99813,100,100266,100,99789,100
2019-06-28 09:41:40.000000000,100027,196,100005,196,100029,196,99985,196,100040,196,99883,196,100055,196,99876,196,100056,196,99865,196,100057,100,99851,100,100063,100,99846,100,100083,100,99828,100,100099,100,99813,100,100266,100,99789,100
2019-06-28 09:41:50.000000000,100027,196,100005,196,100029,196,99985,196,100040,196,99883,196,100055,196,99876,196,100056,196,99865,196,100057,100,99851,100,100063,100,99846,100,100083,100,99828,100,100099,100,99813,100,100266,100,99789,100
2019-06-28 09:42:00.000000000,100027,580,100005,580,100029,100,99985,100,100040,100,99883,100,100055,100,99876,100,100056,100,99865,100,100057,100,99851,100,100063,100,99846,100,100083,100,99828,100,100099,100,99813,100,100266,100,99789,100
2019-06-28 09:42:10.000000000,100027,263,100005,263,100029,258,99985,258,100040,258,99883,258,100055,100,99876,100,100056,100,99865,100,100057,100,99851,100,100063,100,99846,100,100083,100,99828,100,100099,100,99813,100,100266,100,99789,100
2019-06-28 09:42:20.000000000,100027,580,100005,580,100029,100,99985,100,100040,100,99883,100,100055,100,99876,100,100056,100,99865,100,100057,100,99851,100,100063,100,99846,100,100083,100,99828,100,100099,100,99813,100,100266,100,99789,100
2019-06-28 09:42:22.501598873,100027,580,100005,580,100029,100,99985,100,100040,100,99883,100,100055,100,99876,100,100056,100,99865,100,100057,100,99851,100,100063,100,99846,100,100083,100,99828,100,100099,100,99813,100,100266,100,99789,100
2019-06-28 09:42:30.000000000,100027,340,100005,340,100029,340,99985,340,100040,100,99883,100,100055,100,99876,100,100056,100,99865,100,100057,100,99851,100,100063,100,99846,100,100083,100,99828,100,100099,100,99813,100,100266,100,99789,100
2019-06-28 09:42:40.000000000,100027,263,100005,263,100029,258,99985,258,100040,258,99883,258,100055,100,99876,100,100056,100,99865,100,100057,100,99851,100,100063,100,99846,100,100083,100,99828,100,100099,100,99813,100,100266,100,99789,100
2019-06-28 09:42:50.000000000,100027,196,100005,196,100029,196,99985,196,100040,196,99883,196,100055,196,99876,196,100056,196,99865,196,100057,100,99851,100,100063,100,99846,100,100083,100,99828,100,100099,100,99813,100,100266,100,99789,100
2019-06-28 09:42:57.734572951,100027,96,100005,196,100029,196,99985,196,100040,196,99883,196,100055,196,99876,196,100056,196,99865,196,100057,100,99851,100,100063,100,99846,100,100083,100,99828,100,100099,100,99813,100,100266,100,99789,100
2019-06-28 09:43:00.000000000,100029,196,100005,196,100040,196,99985,196,100055,196,99883,196,100056,196,99876,196,100057,196,99865,196,100063,100,99851,100,100083,100,99846,100,100099,100,99828,100,100266,100,99813,100,100616,100,99789,100
2019-06-28 09:43:01.194327631,100029,96,100005,196,100040,196,99985,196,100055,196,99883,196,100056,196,99876,196,100057,196,99865,196,100063,100,99851,100,100083,100,99846,100,100099,100,99828,100,100266,100,99813,100,100616,100,99789,100
2019-06-28 09:43:10.000000000,100040,263,100005,263,100055,258,99985,258,100056,258,99883,258,100057,100,99876,100,100063,100,99865,100,100083,100,99851,100,100099,100,99846,100,100266,100,99828,100,100616,100,99813,100,101074,100,99789,100
2019-06-28 09:43:14.990905780,100040,263,100032,100,100055,258,100005,263,100056,258,99985,258,100057,100,99883,258,100063,100,99876,100,100083,100,99865,100,100099,100,99851,100,100266,100,99846,100,100616,100,99828,100,101074,100,99813,100
2019-06-28 09:43:20.000000000,100040,263,100032,263,100055,258,100005,258,100056,258,99985,258,100057,100,99883,100,100063,100,99876,100,100083,100,99865,100,100099,100,99851,100,100266,100,99846,100,100616,100,99828,100,101074,100,99813,100
2019-06-28 09:43:21.027223159,100040,263,100032,263,100055,258,100005,258,100056,258,99985,258,100057,100,99883,100,100063,100,99876,100,100083,100,99865,100,100099,100,99862,100,100266,100,99851,100,100616,100,99846,100,101074,100,99813,100
2019-06-28 09:43:30.000000000,100040,196,100032,196,100055,196,100005,196,100056,196,99985,196,100057,196,99883,196,100063,196,99876,196,100083,100,99865,100,100099,100,99862,100,100266,100,99851,100,100616,100,99846,100,101074,100,99813,100
2019-06-28 09:43:32.440052195,100040,196,100032,196,100055,196,100005,196,100056,196,99985,196,100057,196,99891,100,100063,196,99883,196,100083,100,99876,196,100099,100,99865,100,100266,100,99862,100,100616,100,99851,100,101074,100,99846,100
2019-06-28 09:43:33.413259496,100040,196,100032,96,100055,196,100005,196,100056,196,99985,196,100057,196,99891,100,100063,196,99883,196,100083,100,99876,196,100099,100,99865,100,100266,100,99862,100,100616,100,99851,100,101074,100,99846,100
2019-06-28 09:43:40.000000000,100040,220,100005,220,100055,220,99985,220,100056,220,99891,220,100057,220,99883,220,100063,100,99876,100,100083,100,99865,100,100099,100,99862,100,100266,100,99851,100,100616,100,99846,100,101074,100,99813,100
2019-06-28 09:43:50.000000000,100040,580,100005,580,100055,100,99985,100,100056,100,99891,100,100057,100,99883,100,100063,100,99876,100,100083,100,99865,100,100099,100,99862,100,100266,100,99851,100,100616,100,99846,100,101074,100,99813,100
2019-06-28 09:44:00.000000000,100040,340,100005,340,100055,340,99985,340,100056,100,99891,100,100057,100,99883,100,100063,100,99876,100,100083,100,99865,100,100099,100,99862,100,100266,100,99851,100,100616,100,99846,100,101074,100,99813,100
2019-06-28 09:44:10.000000000,100040,580,100005,580,100055,100,99985,100,100056,100,99891,100,100057,100,99883,100,100063,100,99876,100,100083,100,99865,100,100099,100,99862,100,100266,100,99851,100,100616,100,99846,100,101074,100,99813,100
2019-06-28 09:44:19.072564448,100040,480,100005,580,100055,100,99985,100,100056,100,99891,100,100057,100,99883,100,100063,100,99876,100,100099,100,99865,100,100266,100,99862,100,100616,100,99851,100,101074,100,99846,100,101257,100,99813,100
2019-06-28 09:44:20.000000000,100055,340,100005,340,100056,340,99985,340,100057,100,99891,100,100063,100,99883,100,100099,100,99876,100,100266,100,99865,100,100616,100,99862,100,101074,100,99851,100,101257,100,99846,100,101547,100,99813,100
2019-06-28 09:44:30.000000000,100055,220,100005,220,100056,220,99985,220,100057,220,99891,220,100063,220,99883,220,100099,100,99876,100,100266,100,99865,100,100616,100,99862,100,101074,100,99851,100,101257,100,99846,100,101547,100,99813,100
2019-06-28 09:44:40.000000000,100055,340,100005,340,100056,340,99985,340,100057,100,99891,100,100063,100,99883,100,100099,100,99876,100,100266,100,99865,100,100616,100,99862,100,101074,100,99851,100,101257,100,99846,100,101547,100,99813,100
2019-06-28 09:44:50.000000000,100055,340,100005,340,100056,340,99985,340,100057,100,99891,100,100063,100,99883,100,100099,100,99876,100,100266,100,99865,100,100616,100,99862,100,101074,100,99851,100,101257,100,99846,100,101547,100,99813,100
2019-06-28 09:44:58.674791238,100039,100,100005,340,100055,340,99985,340,100056,340,99891,100,100057,100,99883,100,100063,100,99876,100,100099,100,99865,100,100266,100,99862,100,100616,100,99851,100,101074,100,99846,100,101257,100,99813,100
2019-06-28 09:45:00.000000000,100039,220,100005,220,100055,220,99985,220,100056,220,99891,220,100057,220,99883,220,100063,100,99876,100,100099,100,99865,100,100266,100,99862,100,100616,100,99851,100,101074,100,99846,100,101257,100,99813,100
2019-06-28 09:45:00.872917608,100039,220,100005,220,100055,220,99985,220,100056,220,99891,220,100057,220,99883,220,100063,100,99876,100,100099,100,99865,100,100266,100,99862,100,100616,100,99851,100,101074,100,99846,100,101257,100,99813,100
2019-06-28 09:45:10.000000000,100039,340,100005,340,100055,340,99985,340,100056,100,99891,100,100057,100,99883,100,100063,100,99876,100,100099,100,99865,100,100266,100,99862,100,100616,100,99851,100,101074,100,99846,100,101257,100,99813,100
2019-06-28 09:45:20.000000000,100039,580,100005,580,100055,100,99985,100,100056,100,99891,100,100057,100,99883,100,100063,100,99876,100,100099,100,99865,100,100266,100,99862,100,100616,100,99851,100,101074,100,99846,100,101257,100,99813,100
2019-06-28 09:45:20.611934771,100039,480,100005,580,100055,100,99985,100,100056,100,99891,100,100057,100,99883,100,100063,100,99876,100,100099,100,99862,100,100266,100,99851,100,100616,100,99846,100,101074,100,99813,100,101257,100,99590,100
2019-06-28 09:45:30.000000000,100055,263,100005,263,100056,258,99985,258,100057,258,99891,258,100063,100,99883,100,100099,100,99876,100,100266,100,99862,100,100616,100,99851,100,101074,100,99846,100,101257,100,99813,100,101547,100,99590,100
2019-06-28 09:45:40.000000000,100055,220,100005,220,100056,220,99985,220,100057,220,99891,220,100063,220,99883,220,100099,100,99876,100,100266,100,99862,100,100616,100,99851,100,101074,100,99846,100,101257,100,99813,100,101547,100,99590,100
2019-06-28 09:45:46.047477400,100055,220,100039,100,100056,220,100005,220,100057,220,99985,220,100063,220,99891,220,100099,100,99883,220,100266,100,99876,100,100616,100,99862,100,101074,100,99851,100,101257,100,99846,100,101547,100,99813,100
2019-06-28 09:45:50.000000000,100055,580,100039,580,100056,100,100005,100,100057,100,99985,100,100063,100,99891,100,100099,100,99883,100,100266,100,99876,100,100616,100,99862,100,101074,100,99851,100,101257,100,99846,100,101547,100,99813,100
2019-06-28 09:45:57.090925228,100055,580,100039,580,100056,100,100005,100,100057,100,99999,100,100063,100,99985,100,100099,100,99891,100,100266,100,99883,100,100616,100,99876,100,101074,100,99862,100,101257,100,99851,100,101547,100,99846,100
2019-06-28 09:45:59.448300475,100055,580,100039,580,100056,100,100005,100,100057,100,99999,100,100063,100,99985,100,100099,100,99982,100,100266,100,99891,100,100616,100,99883,100,101257,100,99876,100,101547,100,99862,100,101634,100,99851,100
2019-06-28 09:46:00.000000000,100055,580,100039,580,100056,100,100005,100,100057,100,99999,100,100063,100,99985,100,100099,100,99982,100,100266,100,99891,100,100616,100,99883,100,101257,100,99876,100,101547,100,99862,100,101634,100,99851,100
2019-06-28 09:46:10.000000000,100055,580,100039,580,100056,100,100005,100,100057,100,99999,100,100063,100,99985,100,100099,100,99982,100,100266,100,99891,100,100616,100,99883,100,101257,100,99876,100,101547,100,99862,100,101634,100,99851,100
2019-06-28 09:46:20.000000000,100055,220,100039,220,100056,220,100005,220,100057,220,99999,220,100063,220,99985,220,100099,100,99982,100,100266,100,99891,100,100616,100,99883,100,101257,100,99876,100,101547,100,99862,100,101634,100,99851,100
2019-06-28 09:46:30.000000000,100055,340,100039,340,100056,340,100005,340,100057,100,99999,100,100063,100,99985,100,100099,100,99982,100,100266,100,99891,100,100616,100,99883,100,101257,100,99876,100,101547,100,99862,100,101634,100,99851,100
2019-06-28 09:46:40.000000000,100055,580,100039,580,100056,100,100005,100,100057,100,99999,100,100063,100,99985,100,100099,100,99982,100,100266,100,99891,100,100616,100,99883,100,101257,100,99876,100,101547,100,99862,100,101634,100,99851,100
2019-06-28 09:46:50.000000000,100055,340,100039,340,100056,340,100005,340,100057,100,99999,100,100063,100,99985,100,100099,100,99982,100,100266,100,99891,100,100616,100,99883,100,101257,100,99876,100,101547,100,99862,100,101634,100,99851,100
2019-06-28 09:46:51.114789364,100055,340,100039,340,100056,340,100005,340,100057,100,99999,100,100063,100,99985,100,100099,100,99982,100,100266,100,99891,100,100616,100,99883,100,101257,100,99876,100,101547,100,99862,100,101634,100,99851,100
2019-06-28 09:46:52.666390834,100055,340,100039,240,100056,340,100005,340,100057,100,99999,100,100063,100,99985,100,100099,100,99982,100,100266,100,99891,100,100616,100,99883,100,101257,100,99876,100,101547,100,99862,100,101634,100,99851,100
2019-06-28 09:47:00.000000000,100055,263,100005,263,100056,258,99999,258,100057,258,99985,258,100063,100,99982,100,100099,100,99891,100,100266,100,99883,100,100616,100,99876,100,101257,100,99862,100,101547,100,99851,100,101634,100,99846,100
2019-06-28 09:47:10.000000000,100055,220,100005,220,100056,220,99999,220,100057,220,99985,220,100063,220,99982,220,100099,100,99891,100,100266,100,99883,100,100616,100,99876,100,101257,100,99862,100,101547,100,99851,100,101634,100,99846,100
2019-06-28 09:47:14.629823452,100055,220,100005,220,100056,220,99999,220,100057,220,99985,220,100063,220,99982,220,100099,100,99891,100,100266,100,99883,100,100616,100,99876,100,101257,100,99862,100,101547,100,99851,100,101634,100,99846,100
2019-06-28 09:47:20.000000000,100055,580,100005,580,100056,100,99999,100,100057,100,99985,100,100063,100,99982,100,100099,100,99891,100,100266,100,99883,100,100616,100,99876,100,101257,100,99862,100,101547,100,99851,100,101634,100,99846,100
2019-06-28 09:47:25.248901821,100055,580,100005,480,100056,100,99999,100,100057,100,99985,100,100063,100,99982,100,100099,100,99883,100,100266,100,99876,100,100616,100,99862,100,101257,100,99851,100,101547,100,99846,100,101634,100,99813,100
2019-06-28 09:47:30.000000000,100055,340,99999,340,100056,340,99985,340,100057,100,99982,100,100063,100,99883,100,100099,100,99876,100,100266,100,99862,100,100616,100,99851,100,101257,100,99846,100,101547,100,99813,100,101634,100,99590,100
2019-06-28 09:47:40.000000000,100055,196,99999,196,100056,196,99985,196,100057,196,99982,196,100063,196,99883,196,100099,196,99876,196,100266,100,99862,100,100616,100,99851,100,101257,100,99846,100,101547,100,99813,100,101634,100,99590,100
2019-06-28 09:47:40.952163420,100055,196,99999,196,100056,196,99985,196,100057,196,99982,196,100063,196,99883,196,100099,196,99876,196,100266,100,99862,100,100616,100,99851,100,101257,100,99846,100,101547,100,99813,100,101634,100,99623,100
2019-06-28 09:47:42.284069552,100055,196,99999,196,100056,196,99985,196,100057,196,99982,196,100063,196,99883,196,100099,196,99876,96,100266,100,99862,100,100616,100,99851,100,101257,100,99846,100,101547,100,99813,100,101634,100,99623,100
2019-06-28 09:47:50.000000000,100055,263,99999,263,100056,258,99985,258,100057,258,99982,258,100063,100,99883,100,100099,100,99862,100,100266,100,99851,100,100616,100,99846,100,101257,100,99813,100,101547,100,99623,100,101634,100,99590,100
2019-06-28 09:48:00.000000000,100055,263,99999,263,100056,258,99985,258,100057,258,99982,258,100063,100,99883,100,100099,100,99862,100,100266,100,99851,100,100616,100,99846,100,101257,100,99813,100,101547,100,99623,100,101634,100,99590,100
2019-06-28 09:48:03.970858684,100055,263,99999,163,100056,258,99985,258,100057,258,99982,258,100063,100,99883,100,100099,100,99862,100,100266,100,99851,100,100616,100,99846,100,101257,100,99813,100,101547,100,99623,100,101634,100,99590,100
2019-06-28 09:48:10.000000000,100055,340,99985,340,100056,340,99982,340,100057,100,99883,100,100063,100,99862,100,100099,100,99851,100,100266,100,99846,100,100616,100,99813,100,101257,100,99623,100,101547,100,99590,100,101634,100,99236,100
2019-06-28 09:48:19.205295086,100055,340,99985,240,100056,340,99982,340,100057,100,99883,100,100063,100,99862,100,100099,100,99851,100,100266,100,99846,100,100616,100,99813,100,101257,100,99623,100,101547,100,99590,100,101634,100,99236,100
2019-06-28 09:48:20.000000000,100055,263,99982,263,100056,258,99883,258,100057,258,99862,258,100063,100,99851,100,100099,100,99846,100,100266,100,99813,100,100616,100,99623,100,101257,100,99590,100,101547,100,99236,100,101634,100,99204,100
2019-06-28 09:48:30.000000000,100055,263,99982,263,100056,258,99883,258,100057,258,99862,258,100063,100,99851,100,100099,100,99846,100,100266,100,99813,100,100616,100,99623,100,101257,100,99590,100,101547,100,99236,100,101634,100,99204,100
2019-06-28 09:48:40.000000000,100055,220,99982,220,100056,220,99883,220,100057,220,99862,220,100063,220,99851,220,100099,100,99846,100,100266,100,99813,100,100616,100,99623,100,101257,100,99590,100,101547,100,99236,100,101634,100,99204,100
2019-06-28 09:48:50.000000000,100055,263,99982,263,100056,258,99883,258,100057,258,99862,258,100063,100,99851,100,100099,100,99846,100,100266,100,99813,100,100616,100,99623,100,101257,100,99590,100,101547,100,99236,100,101634,100,99204,100
2019-06-28 09:49:00.000000000,100055,580,99982,580,100056,100,99883,100,100057,100,99862,100,100063,100,99851,100,100099,100,99846,100,100266,100,99813,100,100616,100,99623,100,101257,100,99590,100,101547,100,99236,100,101634,100,99204,100
2019-06-28 09:49:10.000000000,100055,580,99982,580,100056,100,99883,100,100057,100,99862,100,100063,100,99851,100,100099,100,99846,100,100266,100,99813,100,100616,100,99623,100,101257,100,99590,100,101547,100,99236,100,101634,100,99204,100
2019-06-28 09:49:13.858326329,100055,580,99982,480,100056,100,99883,100,100057,100,99862,100,100063,100,99846,100,100099,100,99813,100,100266,100,99623,100,100616,100,99590,100,101257,100,99236,100,101547,100,99204,100,101634,100,99116,100
2019-06-28 09:49:14.166510047,100055,580,99982,480,100056,100,99883,100,100057,100,99862,100,100063,100,99846,100,100099,100,99813,100,100259,100,99590,100,100266,100,99236,100,100616,100,99204,100,101257,100,99116,100,101547,100,,
2019-06-28 09:49:20.000000000,100055,263,99883,263,100056,258,99862,258,100057,258,99846,258,100063,100,99813,100,100099,100,99590,100,100259,100,99236,100,100266,100,99204,100,100616,100,99116,100,101257,100,,,101547,100,,
2019-06-28 09:49:30.000000000,100055,196,99883,196,100056,196,99862,196,100057,196,99846,196,100063,196,99813,196,100099,196,99590,196,100259,100,99236,100,100266,100,99204,100,100616,100,99116,100,101257,100,,,101547,100,,
2019-06-28 09:49:35.353592828,99985,100,99883,196,100055,196,99862,196,100056,196,99846,196,100057,196,99813,196,100063,196,99590,196,100099,196,99236,100,100259,100,99204,100,100266,100,99116,100,100616,100,,,101257,100,,
2019-06-28 09:49:40.000000000,99985,580,99883,580,100055,100,99862,100,100056,100,99846,100,100057,100,99813,100,100063,100,99590,100,100099,100,99236,100,100259,100,99204,100,100266,100,99116,100,100616,100,,,101257,100,,
2019-06-28 09:49:43.803630224,99985,480,99883,580,100055,100,99862,100,100056,100,99846,100,100057,100,99813,100,100063,100,99590,100,100099,100,99236,100,100259,100,99204,100,100266,100,99116,100,100616,100,,,101257,100,,
2019-06-28 09:49:50.000000000,100055,340,99883,340,100056,340,99862,340,100057,100,99846,100,100063,100,99813,100,100099,100,99590,100,100259,100,99236,100,100266,100,99204,100,100616,100,99116,100,101257,100,,,101547,100,,
2019-06-28 09:49:51.626681696,100055,340,99883,340,100056,340,99862,340,100057,100,99846,100,100063,100,99813,100,100099,100,99590,100,100259,100,99236,100,100266,100,99204,100,100413,100,99116,100,100616,100,,,101257,100,,
2019-06-28 09:49:53.017322709,100055,240,99883,340,100056,340,99862,340,100057,100,99846,100,100063,100,99813,100,100099,100,99590,100,100259,100,99236,100,100266,100,99204,100,100413,100,99116,100,100616,100,,,101257,100,,
2019-06-28 09:50:00.000000000,100056,340,99883,340,100057,340,99862,340,100063,100,99846,100,100099,100,99813,100,100259,100,99590,100,100266,100,99236,100,100413,100,99204,100,100616,100,99116,100,101257,100,,,101547,100,,
2019-06-28 09:50:04.207346100,99964,100,99883,340,100056,340,99862,340,100057,340,99846,100,100063,100,99813,100,100099,100,99590,100,100259,100,99236,100,100266,100,99204,100,100413,100,99116,100,100616,100,,,101257,100,,
2019-06-28 09:50:10.000000000,99964,220,99883,220,100056,220,99862,220,100057,220,99846,220,100063,220,99813,220,100099,100,99590,100,100259,100,99236,100,100266,100,99204,100,100413,100,99116,100,100616,100,,,101257,100,,
2019-06-28 09:50:20.000000000,99964,340,99883,340,100056,340,99862,340,100057,100,99846,100,100063,100,99813,100,100099,100,99590,100,100259,100,99236,100,100266,100,99204,100,100413,100,99116,100,100616,100,,,101257,100,,
2019-06-28 09:50:30.000000000,99964,220,99883,220,100056,220,99862,220,100057,220,99846,220,100063,220,99813,220,100099,100,99590,100,100259,100,99236,100,100266,100,99204,100,100413,100,99116,100,100616,100,,,101257,100,,
2019-06-28 09:50:31.998849256,99964,120,99883,220,100056,220,99862,220,100057,220,99846,220,100063,220,99813,220,100099,100,99590,100,100259,100,99236,100,100266,100,99204,100,100413,100,99116,100,100616,100,,,101257,100,,
2019-06-28 09:50:40.000000000,100056,580,99883,580,100057,100,99862,100,100063,100,99846,100,100099,100,99813,100,100259,100,99590,100,100266,100,99236,100,100413,100,99204,100,100616,100,99116,100,101257,100,,,101547,100,,
2019-06-28 09:50:42.860932200,100056,580,99964,100,100057,100,99883,580,100063,100,99862,100,100099,100,99846,100,100259,100,99813,100,100266,100,99590,100,100413,100,99236,100,100616,100,99204,100,101257,100,99116,100,101547,100,,
2019-06-28 09:50:50.000000000,100056,196,99964,196,100057,196,99883,196,100063,196,99862,196,100099,196,99846,196,100259,196,99813,196,100266,100,99590,100,100413,100,99236,100,100616,100,99204,100,101257,100,99116,100,101547,100,,
2019-06-28 09:51:00.000000000,100056,196,99964,196,100057,196,99883,196,100063,196,99862,196,100099,196,99846,196,100259,196,99813,196,100266,100,99590,100,100413,100,99236,100,100616,100,99204,100,101257,100,99116,100,101547,100,,
2019-06-28 09:51:10.000000000,100056,263,99964,263,100057,258,99883,258,100063,258,99862,258,100099,100,99846,100,100259,100,99813,100,100266,100,99590,100,100413,100,99236,100,100616,100,99204,100,101257,100,99116,100,101547,100,,
2019-06-28 09:51:10.886214639,100056,263,99964,363,100057,258,99883,258,100063,258,99862,258,100099,100,99846,100,100259,100,99813,100,100266,100,99590,100,100413,100,99236,100,100616,100,99204,100,101257,100,99116,100,101547,100,,
2019-06-28 09:51:14.267874747,100056,263,99964,363,100057,258,99883,258,100063,258,99862,258,100099,100,99846,100,100134,100,99813,100,100259,100,99590,100,100266,100,99236,100,100413,100,99204,100,100616,100,99116,100,101257,100,,
2019-06-28 09:51:20.000000000,100056,580,99964,680,100057,100,99883,100,100063,100,99862,100,100099,100,99846,100,100134,100,99813,100,100259,100,99590,100,100266,100,99236,100,100413,100,99204,100,100616,100,99116,100,101257,100,,
2019-06-28 09:51:30.000000000,100056,196,99964,296,100057,196,99883,196,100063,196,99862,196,100099,196,99846,196,100134,196,99813,196,100259,100,99590,100,100266,100,99236,100,100413,100,99204,100,100616,100,99116,100,101257,100,,
2019-06-28 09:51:37.395853155,100056,196,99964,296,100057,196,99935,100,100063,196,99883,196,100099,196,99862,96,100134,196,99846,196,100259,100,99813,196,100266,100,99590,100,100413,100,99236,100,100616,100,99204,100,101257,100,99116,100
2019-06-28 09:51:40.000000000,100056,340,99964,440,100057,340,99935,340,100063,100,99883,100,100099,100,99846,100,100134,100,99813,100,100259,100,99590,100,100266,100,99236,100,100413,100,99204,100,100616,100,99116,100,101257,100,,
2019-06-28 09:51:50.000000000,100056,580,99964,680,100057,100,99935,100,100063,100,99883,100,100099,100,99846,100,100134,100,99813,100,100259,100,99590,100,100266,100,99236,100,100413,100,99204,100,100616,100,99116,100,101257,100,,
2019-06-28 09:52:00.000000000,100056,340,99964,440,100057,340,99935,340,100063,100,99883,100,100099,100,99846,100,100134,100,99813,100,100259,100,99590,100,100266,100,99236,100,100413,100,99204,100,100616,100,99116,100,101257,100,,
2019-06-28 09:52:10.000000000,100056,263,99964,363,100057,258,99935,258,100063,258,99883,258,100099,100,99846,100,100134,100,99813,100,100259,100,99590,100,100266,100,99236,100,100413,100,99204,100,100616,100,99116,100,101257,100,,
2019-06-28 09:52:20.000000000,100056,580,99964,680,100057,100,99935,100,100063,100,99883,100,100099,100,99846,100,100134,100,99813,100,100259,100,99590,100,100266,100,99236,100,100413,100,99204,100,100616,100,99116,100,101257,100,,
2019-06-28 09:52:30.000000000,100056,580,99964,680,100057,100,99935,100,100063,100,99883,100,100099,100,99846,100,100134,100,99813,100,100259,100,99590,100,100266,100,99236,100,100413,100,99204,100,100616,100,99116,100,101257,100,,
2019-06-28 09:52:40.000000000,100056,196,99964,296,100057,196,99935,196,100063,196,99883,196,100099,196,99846,196,100134,196,99813,196,100259,100,99590,100,100266,100,99236,100,100413,100,99204,100,100616,100,99116,100,101257,100,,
2019-06-28 09:52:43.399561084,100056,196,99964,196,100057,196,99935,196,100063,196,99883,196,100099,196,99846,196,100134,196,99813,196,100259,100,99590,100,100266,100,99236,100,100413,100,99204,100,100616,100,99116,100,101257,100,,
2019-06-28 09:52:50.000000000,100056,196,99964,196,100057,196,99935,196,100063,196,99883,196,100099,196,99846,196,100134,196,99813,196,100259,100,99590,100,100266,100,99236,100,100413,100,99204,100,100616,100,99116,100,101257,100,,
2019-06-28 09:53:00.000000000,100056,263,99964,263,100057,258,99935,258,100063,258,99883,258,100099,100,99846,100,100134,100,99813,100,100259,100,99590,100,100266,100,99236,100,100413,100,99204,100,100616,100,99116,100,101257,100,,
2019-06-28 09:53:02.287773899,100056,263,99964,163,100057,258,99935,258,100063,258,99883,258,100099,100,99846,100,100134,100,99813,100,100259,100,99590,100,100266,100,99236,100,100413,100,99204,100,100616,100,99116,100,101257,100,,
2019-06-28 09:53:10.000000000,100056,263,99935,263,100057,258,99883,258,100063,258,99846,258,100099,100,99813,100,100134,100,99590,100,100259,100,99236,100,100266,100,99204,100,100413,100,99116,100,100616,100,,,101257,100,,
2019-06-28 09:53:16.530999678,100056,263,99935,263,100057,258,99883,258,100063,258,99846,258,100134,100,99813,100,100259,100,99590,100,100266,100,99358,100,100413,100,99236,100,100616,100,99204,100,101257,100,99116,100,101547,100,,
2019-06-28 09:53:20.000000000,100056,220,99935,220,100057,220,99883,220,100063,220,99846,220,100134,220,99813,220,100259,100,99590,100,100266,100,99358,100,100413,100,99236,100,100616,100,99204,100,101257,100,99116,100,101547,100,,
2019-06-28 09:53:30.000000000,100056,196,99935,196,100057,196,99883,196,100063,196,99846,196,100134,196,99813,196,100259,196,99590,196,100266,100,99358,100,100413,100,99236,100,100616,100,99204,100,101257,100,99116,100,101547,100,,
2019-06-28 09:53:40.000000000,100056,220,99935,220,100057,220,99883,220,100063,220,99846,220,100134,220,99813,220,100259,100,99590,100,100266,100,99358,100,100413,100,99236,100,100616,100,99204,100,101257,100,99116,100,101547,100,,
2019-06-28 09:53:49.948941806,100056,220,99965,100,100057,220,99935,220,100063,220,99883,220,100134,220,99846,220,100259,100,99813,220,100266,100,99590,100,100413,100,99358,100,100616,100,99236,100,101257,100,99204,100,101547,100,99116,100
2019-06-28 09:53:50.000000000,100056,196,99965,196,100057,196,99935,196,100063,196,99883,196,100134,196,99846,196,100259,196,99813,196,100266,100,99590,100,100413,100,99358,100,100616,100,99236,100,101257,100,99204,100,101547,100,99116,100
2019-06-28 09:53:53.839247490,100056,96,99965,196,100057,196,99935,196,100063,196,99883,196,100134,196,99846,196,100259,196,99813,196,100266,100,99590,100,100413,100,99358,100,100616,100,99236,100,101257,100,99204,100,101547,100,99116,100
2019-06-28 09:53:54.390365439,100056,96,99965,196,100057,196,99935,196,100063,196,99883,196,100134,196,99846,196,100259,196,99813,196,100266,100,99590,100,100413,100,99358,100,100603,100,99236,100,100616,100,99204,100,101257,100,99116,100
2019-06-28 09:54:00.000000000,100057,263,99965,263,100063,258,99935,258,100134,258,99883,258,100259,100,99846,100,100266,100,99813,100,100413,100,99590,100,100603,100,99358,100,100616,100,99236,100,101257,100,99204,100,101634,100,99116,100
2019-06-28 09:54:00.741573905,100057,263,99965,263,100063,258,99935,258,100134,258,99883,258,100259,100,99846,100,100413,100,99813,100,100603,100,99590,100,100616,100,99358,100,101257,100,99236,100,101634,100,99204,100,,,99116,100
2019-06-28 09:54:10.000000000,100057,340,99965,340,100063,340,99935,340,100134,100,99883,100,100259,100,99846,100,100413,100,99813,100,100603,100,99590,100,100616,100,99358,100,101257,100,99236,100,101634,100,99204,100,,,99116,100
2019-06-28 09:54:19.954641829,100057,240,99965,340,100063,340,99935,340,100134,100,99883,100,100259,100,99846,100,100413,100,99813,100,100603,100,99590,100,100616,100,99358,100,101257,100,99236,100,101634,100,99204,100,,,,
2019-06-28 09:54:20.000000000,100063,340,99965,340,100134,340,99935,340,100259,100,99883,100,100413,100,99846,100,100603,100,99813,100,100616,100,99590,100,101257,100,99358,100,101634,100,99236,100,,,99204,100,,,,
2019-06-28 09:54:28.143825195,100045,100,99965,340,100063,340,99935,340,100134,340,99883,100,100259,100,99846,100,100413,100,99813,100,100603,100,99590,100,100616,100,99358,100,101257,100,99236,100,101634,100,99204,100,,,,
2019-06-28 09:54:30.000000000,100045,340,99965,340,100063,340,99935,340,100134,100,99883,100,100259,100,99846,100,100413,100,99813,100,100603,100,99590,100,100616,100,99358,100,101257,100,99236,100,101634,100,99204,100,,,,
2019-06-28 09:54:37.125948708,100045,240,99965,340,100063,340,99935,340,100134,100,99883,100,100259,100,99846,100,100413,100,99813,100,100603,100,99590,100,100616,100,99358,100,101257,100,99236,100,101634,100,99204,100,,,,
2019-06-28 09:54:40.000000000,100063,220,99965,220,100134,220,99935,220,100259,220,99883,220,100413,220,99846,220,100603,100,99813,100,100616,100,99590,100,101257,100,99358,100,101634,100,99236,100,,,99204,100,,,,
2019-06-28 09:54:50.000000000,100063,580,99965,580,100134,100,99935,100,100259,100,99883,100,100413,100,99846,100,100603,100,99813,100,100616,100,99590,100,101257,100,99358,100,101634,100,99236,100,,,99204,100,,,,
2019-06-28 09:54:55.274617474,100063,580,99965,480,100259,100,99935,100,100413,100,99883,100,100603,100,99846,100,100616,100,99813,100,101257,100,99590,100,101634,100,99358,100,,,99236,100,,,99204,100,,,,
2019-06-28 09:55:00.000000000,100063,340,99935,340,100259,340,99883,340,100413,100,99846,100,100603,100,99813,100,100616,100,99590,100,101257,100,99358,100,101634,100,99236,100,,,99204,100,,,,,,,,
2019-06-28 09:55:01.909426449,100063,340,99935,240,100259,340,99883,240,100413,100,99846,100,100603,100,99813,100,100616,100,99590,100,101257,100,99358,100,101634,100,99236,100,,,99204,100,,,,,,,,
2019-06-28 09:55:10.000000000,100063,340,99846,340,100259,340,99813,340,100413,100,99590,100,100603,100,99358,100,100616,100,99236,100,101257,100,99204,100,101634,100,,,,,,,,,,,,,,
2019-06-28 09:55:15.728802753,100063,240,99846,340,100259,340,99813,340,100413,100,99697,100,100603,100,99590,100,100616,100,99358,100,101257,100,99236,100,101634,100,99204,100,,,,,,,,,,,,
2019-06-28 09:55:17.792881401,100063,240,99846,240,100259,340,99813,340,100413,100,99697,100,100603,100,99590,100,100616,100,99358,100,101257,100,99236,100,101634,100,99204,100,,,,,,,,,,,,
2019-06-28 09:55:20.000000000,100259,196,99813,196,100413,196,99697,196,100603,196,99590,196,100616,196,99358,196,101257,196,99236,196,101634,100,99204,100,,,,,,,,,,,,,,,,
2019-06-28 09:55:26.256449168,99989,100,99813,196,100259,196,99697,196,100413,196,99590,196,100603,196,99358,196,100616,196,99236,196,101257,196,99204,100,101634,100,,,,,,,,,,,,,,
2019-06-28 09:55:27.130904359,99989,100,99813,96,100259,196,99697,196,100413,196,99590,196,100603,196,99358,196,100616,196,99236,196,101257,196,99204,100,101634,100,,,,,,,,,,,,,,
2019-06-28 09:55:27.527219738,99989,100,99814,100,100259,196,99813,96,100413,196,99697,196,100603,196,99590,196,100616,196,99358,196,101257,196,99236,196,101634,100,99204,100,,,,,,,,,,,,
2019-06-28 09:55:30.000000000,99989,263,99814,263,100259,258,99697,258,100413,258,99590,258,100603,100,99358,100,100616,100,99236,100,101257,100,99204,100,101634,100,,,,,,,,,,,,,,
2019-06-28 09:55:31.389601656,99989,263,99814,263,100259,258,99697,258,100413,258,99682,100,100603,100,99590,258,100616,100,99358,100,101257,100,99236,100,101634,100,99204,100,,,,,,,,,,,,
2019-06-28 09:55:35.271255832,99989,263,99847,100,100259,258,99814,263,100413,258,99697,258,100603,100,99682,100,100616,100,99590,258,101257,100,99358,100,101634,100,99236,100,,,99204,100,,,,,,,,
2019-06-28 09:55:40.000000000,99989,220,99847,220,100259,220,99814,220,100413,220,99697,220,100603,220,99682,220,100616,100,99590,100,101257,100,99358,100,101634,100,99236,100,,,99204,100,,,,,,,,
2019-06-28 09:55:44.233955367,99989,220,99847,220,100259,220,99814,220,100413,220,99742,100,100603,220,99697,220,100616,100,99682,220,101257,100,99590,100,101634,100,99358,100,,,99236,100,,,99204,100,,,,
2019-06-28 09:55:50.000000000,99989,580,99847,580,100259,100,99814,100,100413,100,99742,100,100603,100,99697,100,100616,100,99682,100,101257,100,99590,100,101634,100,99358,100,,,99236,100,,,99204,100,,,,
2019-06-28 09:56:00.000000000,99989,196,99847,196,100259,196,99814,196,100413,196,99742,196,100603,196,99697,196,100616,196,99682,196,101257,100,99590,100,101634,100,99358,100,,,99236,100,,,99204,100,,,,
2019-06-28 09:56:01.251788882,99989,196,99847,196,100259,196,99814,196,100413,196,99742,196,100603,196,99697,196,100616,196,99682,196,101257,100,99590,100,101634,100,99358,100,,,99290,100,,,99236,100,,,99204,100
2019-06-28 09:56:09.717184434,99989,196,99847,96,100259,196,99814,196,100413,196,99742,196,100603,196,99697,196,100616,196,99682,196,101257,100,99590,100,101634,100,99358,100,,,99290,100,,,99236,100,,,99204,100
2019-06-28 09:56:10.000000000,99989,580,99814,580,100259,100,99742,100,100413,100,99697,100,100603,100,99682,100,100616,100,99590,100,101257,100,99358,100,101634,100,99290,100,,,99236,100,,,99204,100,,,,
2019-06-28 09:56:20.000000000,99989,196,99814,196,100259,196,99742,196,100413,196,99697,196,100603,196,99682,196,100616,196,99590,196,101257,100,99358,100,101634,100,99290,100,,,99236,100,,,99204,100,,,,
2019-06-28 09:56:30.000000000,99989,196,99814,196,100259,196,99742,196,100413,196,99697,196,100603,196,99682,196,100616,196,99590,196,101257,100,99358,100,101634,100,99290,100,,,99236,100,,,99204,100,,,,
2019-06-28 09:56:40.000000000,99989,220,99814,220,100259,220,99742,220,100413,220,99697,220,100603,220,99682,220,100616,100,99590,100,101257,100,99358,100,101634,100,99290,100,,,99236,100,,,99204,100,,,,
2019-06-28 09:56:50.000000000,99989,220,99814,220,100259,220,99742,220,100413,220,99697,220,100603,220,99682,220,100616,100,99590,100,101257,100,99358,100,101634,100,99290,100,,,99236,100,,,99204,100,,,,
2019-06-28 09:57:00.000000000,99989,196,99814,196,100259,196,99742,196,100413,196,99697,196,100603,196,99682,196,100616,196,99590,196,101257,100,99358,100,101634,100,99290,100,,,99236,100,,,99204,100,,,,
2019-06-28 09:57:10.000000000,99989,580,99814,580,100259,100,99742,100,100413,100,99697,100,100603,100,99682,100,100616,100,99590,100,101257,100,99358,100,101634,100,99290,100,,,99236,100,,,99204,100,,,,
2019-06-28 09:57:16.184599589,99862,100,99814,580,99989,580,99742,100,100259,100,99697,100,100413,100,99682,100,100603,100,99590,100,100616,100,99358,100,101257,100,99290,100,101634,100,99236,100,,,99204,100,,,,
2019-06-28 09:57:19.957164656,99862,100,99848,100,99989,580,99814,580,100259,100,99742,100,100413,100,99697,100,100603,100,99682,100,100616,100,99590,100,101257,100,99358,100,101634,100,99290,100,,,99236,100,,,99204,100
2019-06-28 09:57:20.000000000,99862,580,99848,580,99989,100,99814,100,100259,100,99742,100,100413,100,99697,100,100603,100,99682,100,100616,100,99590,100,101257,100,99358,100,101634,100,99290,100,,,99236,100,,,99204,100
2019-06-28 09:57:21.807534051,99862,580,99848,580,99989,100,99827,100,100259,100,99814,100,100603,100,99742,100,100616,100,99697,100,101257,100,99682,100,101634,100,99590,100,,,99358,100,,,99290,100,,,99236,100
2019-06-28 09:57:24.206377288,99862,580,99848,580,99989,100,99827,100,100028,100,99814,100,100259,100,99742,100,100603,100,99697,100,100616,100,99682,100,101257,100,99590,100,101634,100,99358,100,,,99290,100,,,99236,100
2019-06-28 09:57:30.000000000,99862,263,99848,263,99989,258,99827,258,100028,258,99814,258,100259,100,99742,100,100603,100,99697,100,100616,100,99682,100,101257,100,99590,100,101634,100,99358,100,,,99290,100,,,99236,100
2019-06-28 09:57:40.000000000,99862,196,99848,196,99989,196,99827,196,100028,196,99814,196,100259,196,99742,196,100603,196,99697,196,100616,100,99682,100,101257,100,99590,100,101634,100,99358,100,,,99290,100,,,99236,100
2019-06-28 09:57:43.165572359,99862,196,99848,196,99989,196,99827,196,100028,196,99814,196,100259,196,99742,196,100276,100,99697,196,100603,196,99682,100,100616,100,99590,100,101257,100,99358,100,101634,100,99290,100,,,99236,100
2019-06-28 09:57:50.000000000,99862,220,99848,220,99989,220,99827,220,100028,220,99814,220,100259,220,99742,220,100276,100,99697,100,100603,100,99682,100,100616,100,99590,100,101257,100,99358,100,101634,100,99290,100,,,99236,100
2019-06-28 09:58:00.000000000,99862,263,99848,263,99989,258,99827,258,100028,258,99814,258,100259,100,99742,100,100276,100,99697,100,100603,100,99682,100,100616,100,99590,100,101257,100,99358,100,101634,100,99290,100,,,99236,100
2019-06-28 09:58:04.443325512,99862,263,99848,363,99989,258,99827,258,100028,258,99814,258,100259,100,99742,100,100276,100,99697,100,100603,100,99682,100,100616,100,99590,100,101257,100,99358,100,101634,100,99290,100,,,99236,100
2019-06-28 09:58:05.609668420,99862,163,99848,363,99989,258,99827,258,100028,258,99814,258,100259,100,99742,100,100276,100,99697,100,100603,100,99682,100,100616,100,99590,100,101257,100,99358,100,101634,100,99290,100,,,99236,100
2019-06-28 09:58:10.000000000,99989,340,99848,440,100028,340,99827,340,100259,100,99814,100,100276,100,99742,100,100603,100,99697,100,100616,100,99682,100,101257,100,99590,100,101634,100,99358,100,,,99290,100,,,99236,100
2019-06-28 09:58:17.395713922,99989,240,99848,440,100028,340,99827,340,100259,100,99814,100,100276,100,99742,100,100603,100,99697,100,100616,100,99682,100,101257,100,99590,100,,,99358,100,,,99290,100,,,99236,100
2019-06-28 09:58:20.000000000,100028,220,99848,320,100259,220,99827,220,100276,220,99814,220,100603,220,99742,220,100616,100,99697,100,101257,100,99682,100,,,99590,100,,,99358,100,,,99290,100,,,99236,100
2019-06-28 09:58:29.120456268,100028,220,99848,320,100259,220,99827,220,100276,220,99814,220,100333,100,99742,220,100603,220,99697,100,100616,100,99682,100,101257,100,99590,100,,,99358,100,,,99290,100,,,99236,100
2019-06-28 09:58:30.000000000,100028,580,99848,680,100259,100,99827,100,100276,100,99814,100,100333,100,99742,100,100603,100,99697,100,100616,100,99682,100,101257,100,99590,100,,,99358,100,,,99290,100,,,99236,100
2019-06-28 09:58:40.000000000,100028,580,99848,680,100259,100,99827,100,100276,100,99814,100,100333,100,99742,100,100603,100,99697,100,100616,100,99682,100,101257,100,99590,100,,,99358,100,,,99290,100,,,99236,100
2019-06-28 09:58:50.000000000,100028,580,99848,680,100259,100,99827,100,100276,100,99814,100,100333,100,99742,100,100603,100,99697,100,100616,100,99682,100,101257,100,99590,100,,,99358,100,,,99290,100,,,99236,100
2019-06-28 09:59:00.000000000,100028,220,99848,320,100259,220,99827,220,100276,220,99814,220,100333,220,99742,220,100603,100,99697,100,100616,100,99682,100,101257,100,99590,100,,,99358,100,,,99290,100,,,99236,100
2019-06-28 09:59:10.000000000,100028,580,99848,680,100259,100,99827,100,100276,100,99814,100,100333,100,99742,100,100603,100,99697,100,100616,100,99682,100,101257,100,99590,100,,,99358,100,,,99290,100,,,99236,100
2019-06-28 09:59:20.000000000,100028,580,99848,680,100259,100,99827,100,100276,100,99814,100,100333,100,99742,100,100603,100,99697,100,100616,100,99682,100,101257,100,99590,100,,,99358,100,,,99290,100,,,99236,100
2019-06-28 09:59:30.000000000,100028,263,99848,363,100259,258,99827,258,100276,258,99814,258,100333,100,99742,100,100603,100,99697,100,100616,100,99682,100,101257,100,99590,100,,,99358,100,,,99290,100,,,99236,100
2019-06-28 09:59:40.000000000,100028,340,99848,440,100259,340,99827,340,100276,100,99814,100,100333,100,99742,100,100603,100,99697,100,100616,100,99682,100,101257,100,99590,100,,,99358,100,,,99290,100,,,99236,100
2019-06-28 09:59:40.622179404,100011,100,99848,440,100028,340,99827,340,100259,340,99814,100,100276,100,99742,100,100333,100,99697,100,100603,100,99590,100,100616,100,99358,100,101257,100,99290,100,,,99236,100,,,99204,100
2019-06-28 09:59:41.102509569,100011,100,99848,440,100028,340,99827,340,100259,340,99821,100,100276,100,99814,100,100333,100,99742,100,100603,100,99697,100,100616,100,99590,100,101257,100,99358,100,,,99290,100,,,99236,100
2019-06-28 09:59:50.000000000,100011,340,99848,440,100028,340,99827,340,100259,100,99821,100,100276,100,99814,100,100333,100,99742,100,100603,100,99697,100,100616,100,99590,100,101257,100,99358,100,,,99290,100,,,99236,100
2019-06-28 09:59:55.799724122,100011,340,99848,440,100028,340,99827,340,100233,100,99821,100,100276,100,99814,100,100333,100,99742,100,100603,100,99697,100,100616,100,99590,100,101257,100,99358,100,,,99290,100,,,99236,100
2019-06-28 10:00:00.000000000,100011,340,99848,440,100028,340,99827,340,100233,100,99821,100,100276,100,99814,100,100333,100,99742,100,100603,100,99697,100,100616,100,99590,100,101257,100,99358,100,,,99290,100,,,99236,100
2019-06-28 10:00:07.813430453,100011,340,99848,440,100028,340,99827,340,100233,100,99821,100,100276,100,99814,100,100333,100,99742,100,100358,100,99697,100,100603,100,99590,100,100616,100,99358,100,101257,100,99236,100,,,99204,100
2019-06-28 10:00:10.000000000,100011,220,99848,320,100028,220,99827,220,100233,220,99821,220,100276,220,99814,220,100333,100,99742,100,100358,100,99697,100,100603,100,99590,100,100616,100,99358,100,101257,100,99236,100,,,99204,100
2019-06-28 10:00:20.000000000,100011,263,99848,363,100028,258,99827,258,100233,258,99821,258,100276,100,99814,100,100333,100,99742,100,100358,100,99697,100,100603,100,99590,100,100616,100,99358,100,101257,100,99236,100,,,99204,100
2019-06-28 10:00:30.000000000,100011,220,99848,320,100028,220,99827,220,100233,220,99821,220,100276,220,99814,220,100333,100,99742,100,100358,100,99697,100,100603,100,99590,100,100616,100,99358,100,101257,100,99236,100,,,99204,100
2019-06-28 10:00:31.002779134,100011,120,99848,320,100028,220,99827,220,100233,220,99821,220,100276,220,99814,220,100333,100,99742,100,100358,100,99697,100,100603,100,99590,100,100616,100,99358,100,101257,100,99236,100,,,99204,100
2019-06-28 10:00:40.000000000,100028,580,99848,680,100233,100,99827,100,100276,100,99821,100,100333,100,99814,100,100358,100,99742,100,100603,100,99697,100,100616,100,99590,100,101257,100,99358,100,,,99236,100,,,99204,100
2019-06-28 10:00:40.209713410,99927,100,99848,680,100028,580,99827,100,100233,100,99821,100,100276,100,99814,100,100333,100,99742,100,100358,100,99697,100,100603,100,99590,100,100616,100,99358,100,101257,100,99236,100,,,99204,100
2019-06-28 10:00:42.083144439,99927,100,99848,680,100028,580,99827,100,100233,100,99821,100,100240,100,99814,100,100276,100,99742,100,100333,100,99697,100,100358,100,99590,100,100603,100,99358,100,100616,100,99236,100,101257,100,99204,100
2019-06-28 10:00:50.000000000,99927,263,99848,363,100028,258,99827,258,100233,258,99821,258,100240,100,99814,100,100276,100,99742,100,100333,100,99697,100,100358,100,99590,100,100603,100,99358,100,100616,100,99236,100,101257,100,99204,100
2019-06-28 10:00:54.094351592,99927,263,99853,100,100028,258,99848,363,100233,258,99827,258,100240,100,99821,258,100276,100,99814,100,100333,100,99742,100,100358,100,99697,100,100603,100,99590,100,100616,100,99358,100,101257,100,99236,100
2019-06-28 10:01:00.000000000,99927,340,99853,340,100028,340,99848,440,100233,100,99827,100,100240,100,99821,100,100276,100,99814,100,100333,100,99742,100,100358,100,99697,100,100603,100,99590,100,100616,100,99358,100,101257,100,99236,100
2019-06-28 10:01:06.186557621,99927,340,99853,340,100028,340,99848,440,100103,100,99827,100,100233,100,99821,100,100240,100,99814,100,100276,100,99742,100,100333,100,99697,100,100358,100,99590,100,100603,100,99358,100,100616,100,99236,100
2019-06-28 10:01:10.000000000,99927,220,99853,220,100028,220,99848,320,100103,220,99827,220,100233,220,99821,220,100240,100,99814,100,100276,100,99742,100,100333,100,99697,100,100358,100,99590,100,100603,100,99358,100,100616,100,99236,100
2019-06-28 10:01:20.000000000,99927,580,99853,580,100028,100,99848,200,100103,100,99827,100,100233,100,99821,100,100240,100,99814,100,100276,100,99742,100,100333,100,99697,100,100358,100,99590,100,100603,100,99358,100,100616,100,99236,100
2019-06-28 10:01:26.283531187,99927,480,99853,580,100028,100,99848,200,100103,100,99827,100,100233,100,99821,100,100276,100,99814,100,100333,100,99742,100,100358,100,99697,100,100603,100,99590,100,100616,100,99358,100,101257,100,99236,100
2019-06-28 10:01:30.000000000,100028,196,99853,196,100103,196,99848,296,100233,196,99827,196,100276,196,99821,196,100333,196,99814,196,100358,100,99742,100,100603,100,99697,100,100616,100,99590,100,101257,100,99358,100,,,99236,100
2019-06-28 10:01:40.000000000,100028,580,99853,580,100103,100,99848,200,100233,100,99827,100,100276,100,99821,100,100333,100,99814,100,100358,100,99742,100,100603,100,99697,100,100616,100,99590,100,101257,100,99358,100,,,99236,100
2019-06-28 10:01:50.000000000,100028,196,99853,196,100103,196,99848,296,100233,196,99827,196,100276,196,99821,196,100333,196,99814,196,100358,100,99742,100,100603,100,99697,100,100616,100,99590,100,101257,100,99358,100,,,99236,100
2019-06-28 10:01:53.775568733,100028,196,99853,196,100103,196,99848,296,100233,196,99827,196,100276,196,99821,196,100333,196,99814,196,100354,100,99742,100,100358,100,99697,100,100603,100,99590,100,100616,100,99358,100,101257,100,99236,100
2019-06-28 10:02:00.000000000,100028,196,99853,196,100103,196,99848,296,100233,196,99827,196,100276,196,99821,196,100333,196,99814,196,100354,100,99742,100,100358,100,99697,100,100603,100,99590,100,100616,100,99358,100,101257,100,99236,100
2019-06-28 10:02:10.000000000,100028,340,99853,340,100103,340,99848,440,100233,100,99827,100,100276,100,99821,100,100333,100,99814,100,100354,100,99742,100,100358,100,99697,100,100603,100,99590,100,100616,100,99358,100,101257,100,99236,100
2019-06-28 10:02:20.000000000,100028,580,99853,580,100103,100,99848,200,100233,100,99827,100,100276,100,99821,100,100333,100,99814,100,100354,100,99742,100,100358,100,99697,100,100603,100,99590,100,100616,100,99358,100,101257,100,99236,100
2019-06-28 10:02:30.000000000,100028,580,99853,580,100103,100,99848,200,100233,100,99827,100,100276,100,99821,100,100333,100,99814,100,100354,100,99742,100,100358,100,99697,100,100603,100,99590,100,100616,100,99358,100,101257,100,99236,100
2019-06-28 10:02:40.000000000,100028,340,99853,340,100103,340,99848,440,100233,100,99827,100,100276,100,99821,100,100333,100,99814,100,100354,100,99742,100,100358,100,99697,100,100603,100,99590,100,100616,100,99358,100,101257,100,99236,100
2019-06-28 10:02:50.000000000,100028,196,99853,196,100103,196,99848,296,100233,196,99827,196,100276,196,99821,196,100333,196,99814,196,100354,100,99742,100,100358,100,99697,100,100603,100,99590,100,100616,100,99358,100,101257,100,99236,100
2019-06-28 10:02:57.274465185,100028,196,99930,100,100103,196,99853,196,100233,196,99848,296,100276,196,99827,196,100333,196,99821,196,100354,100,99814,196,100358,100,99742,100,100603,100,99697,100,100616,100,99590,100,101257,100,99358,100
2019-06-28 10:03:00.000000000,100028,196,99930,196,100103,196,99853,196,100233,196,99848,296,100276,196,99827,196,100333,196,99821,196,100354,100,99814,100,100358,100,99742,100,100603,100,99697,100,100616,100,99590,100,101257,100,99358,100
2019-06-28 10:03:10.000000000,100028,196,99930,196,100103,196,99853,196,100233,196,99848,296,100276,196,99827,196,100333,196,99821,196,100354,100,99814,100,100358,100,99742,100,100603,100,99697,100,100616,100,99590,100,101257,100,99358,100
2019-06-28 10:03:17.686469886,100028,196,99930,196,100103,196,99927,100,100233,196,99853,196,100276,196,99848,296,100333,196,99827,196,100354,100,99821,196,100358,100,99814,100,100603,100,99742,100,100616,100,99697,100,101257,100,99590,100
2019-06-28 10:03:20.000000000,100028,340,99930,340,100103,340,99927,340,100233,100,99853,100,100276,100,99848,200,100333,100,99827,100,100354,100,99821,100,100358,100,99814,100,100603,100,99742,100,100616,100,99697,100,101257,100,99590,100
2019-06-28 10:03:29.067463563,100028,240,99930,340,100103,340,99927,340,100233,100,99853,100,100276,100,99848,200,100333,100,99827,100,100354,100,99821,100,100358,100,99814,100,100603,100,99742,100,100616,100,99697,100,101257,100,99590,100
2019-06-28 10:03:30.000000000,100103,263,99930,263,100233,258,99927,258,100276,258,99853,258,100333,100,99848,200,100354,100,99827,100,100358,100,99821,100,100603,100,99814,100,100616,100,99742,100,101257,100,99697,100,,,99590,100
2019-06-28 10:03:40.000000000,100103,340,99930,340,100233,340,99927,340,100276,100,99853,100,100333,100,99848,200,100354,100,99827,100,100358,100,99821,100,100603,100,99814,100,100616,100,99742,100,101257,100,99697,100,,,99590,100
2019-06-28 10:03:50.000000000,100103,196,99930,196,100233,196,99927,196,100276,196,99853,196,100333,196,99848,296,100354,196,99827,196,100358,100,99821,100,100603,100,99814,100,100616,100,99742,100,101257,100,99697,100,,,99590,100
2019-06-28 10:04:00.000000000,100103,340,99930,340,100233,340,99927,340,100276,100,99853,100,100333,100,99848,200,100354,100,99827,100,100358,100,99821,100,100603,100,99814,100,100616,100,99742,100,101257,100,99697,100,,,99590,100
2019-06-28 10:04:07.831588813,100103,340,99930,340,100233,340,99927,340,100276,100,99853,100,100333,100,99848,200,100354,100,99827,100,100358,100,99821,100,100603,100,99814,100,100616,100,99742,100,100829,100,99697,100,101257,100,99590,100
2019-06-28 10:04:08.978111475,100103,240,99930,340,100233,340,99927,340,100276,100,99853,100,100354,100,99848,200,100358,100,99827,100,100603,100,99821,100,100616,100,99814,100,100829,100,99742,100,101257,100,99697,100,,,99590,100
2019-06-28 10:04:10.000000000,100233,263,99930,263,100276,258,99927,258,100354,258,99853,258,100358,100,99848,200,100603,100,99827,100,100616,100,99821,100,100829,100,99814,100,101257,100,99742,100,,,99697,100,,,99590,100
2019-06-28 10:04:15.571904353,100233,263,100028,100,100276,258,99930,263,100354,258,99927,258,100358,100,99853,258,100603,100,99848,200,100616,100,99827,100,100829,100,99821,100,101257,100,99814,100,,,99742,100,,,99697,100
2019-06-28 10:04:20.000000000,100233,220,100028,220,100276,220,99930,220,100354,220,99927,220,100358,220,99853,220,100603,100,99848,200,100616,100,99827,100,100829,100,99821,100,101257,100,99814,100,,,99742,100,,,99697,100
2019-06-28 10:04:30.000000000,100233,220,100028,220,100276,220,99930,220,100354,220,99927,220,100358,220,99853,220,100603,100,99848,200,100616,100,99827,100,100829,100,99821,100,101257,100,99814,100,,,99742,100,,,99697,100
2019-06-28 10:04:34.839214505,100233,120,100028,220,100276,220,99930,220,100354,220,99927,220,100358,220,99853,220,100603,100,99848,200,100616,100,99827,100,100829,100,99821,100,101257,100,99814,100,,,99742,100,,,99697,100
2019-06-28 10:04:40.000000000,100276,263,100028,263,100354,258,99930,258,100358,258,99927,258,100603,100,99853,100,100616,100,99848,200,100829,100,99827,100,101257,100,99821,100,,,99814,100,,,99742,100,,,99697,100
2019-06-28 10:04:50.000000000,100276,340,100028,340,100354,340,99930,340,100358,100,99927,100,100603,100,99853,100,100616,100,99848,200,100829,100,99827,100,101257,100,99821,100,,,99814,100,,,99742,100,,,99697,100
2019-06-28 10:04:59.125186007,100276,340,100028,340,100354,340,99930,340,100358,100,99927,100,100446,100,99853,100,100603,100,99848,200,100616,100,99827,100,100829,100,99821,100,,,99814,100,,,99742,100,,,99697,100
2019-06-28 10:05:00.000000000,100276,196,100028,196,100354,196,99930,196,100358,196,99927,196,100446,196,99853,196,100603,196,99848,296,100616,100,99827,100,100829,100,99821,100,,,99814,100,,,99742,100,,,99697,100
2019-06-28 10:05:01.453646373,100276,196,100103,100,100354,196,100028,196,100358,196,99930,196,100446,196,99927,196,100603,196,99853,196,100616,100,99848,296,100829,100,99827,100,,,99821,100,,,99814,100,,,99742,100
2019-06-28 10:05:06.779547612,100276,196,100103,200,100354,196,100028,196,100358,196,99930,196,100446,196,99927,196,100603,196,99853,196,100616,100,99848,296,100829,100,99827,100,,,99821,100,,,99814,100,,,99742,100
2019-06-28 10:05:10.000000000,100276,263,100103,363,100354,258,100028,258,100358,258,99930,258,100446,100,99927,100,100603,100,99853,100,100616,100,99848,200,100829,100,99827,100,,,99821,100,,,99814,100,,,99742,100
2019-06-28 10:05:20.000000000,100276,580,100103,680,100354,100,100028,100,100358,100,99930,100,100446,100,99927,100,100603,100,99853,100,100616,100,99848,200,100829,100,99827,100,,,99821,100,,,99814,100,,,99742,100
2019-06-28 10:05:22.781260641,100276,580,100103,680,100340,100,100028,100,100354,100,99930,100,100358,100,99927,100,100446,100,99853,100,100603,100,99848,200,100616,100,99827,100,100829,100,99821,100,,,99814,100,,,99697,100
2019-06-28 10:05:27.324263637,100276,580,100103,680,100340,100,100028,100,100354,100,99930,100,100358,100,99927,100,100390,100,99853,100,100446,100,99848,200,100603,100,99827,100,100616,100,99821,100,100829,100,99814,100,,,99697,100
2019-06-28 10:05:30.000000000,100276,340,100103,440,100340,340,100028,340,100354,100,99930,100,100358,100,99927,100,100390,100,99853,100,100446,100,99848,200,100603,100,99827,100,100616,100,99821,100,100829,100,99814,100,,,99697,100
2019-06-28 10:05:32.177987019,100232,100,100103,440,100276,340,100028,340,100340,340,99930,100,100354,100,99927,100,100358,100,99853,100,100390,100,99848,200,100446,100,99827,100,100603,100,99821,100,100616,100,99814,100,100829,100,99697,100
2019-06-28 10:05:40.000000000,100232,340,100103,440,100276,340,100028,340,100340,100,99930,100,100354,100,99927,100,100358,100,99853,100,100390,100,99848,200,100446,100,99827,100,100603,100,99821,100,100616,100,99814,100,100829,100,99697,100
2019-06-28 10:05:42.069596826,100232,240,100103,440,100276,340,100028,340,100340,100,99930,100,100354,100,99927,100,100358,100,99853,100,100390,100,99848,200,100446,100,99827,100,100603,100,99821,100,100616,100,99814,100,100829,100,99697,100
2019-06-28 10:05:48.595820564,100232,240,100103,440,100276,340,100028,340,100340,100,99930,100,100354,100,99927,100,100358,100,99914,100,100390,100,99853,100,100446,100,99848,200,100603,100,99827,100,100616,100,99821,100,100829,100,99814,100
2019-06-28 10:05:50.000000000,100276,340,100103,440,100340,340,100028,340,100354,100,99930,100,100358,100,99927,100,100390,100,99914,100,100446,100,99853,100,100603,100,99848,200,100616,100,99827,100,100829,100,99821,100,,,99814,100
2019-06-28 10:06:00.000000000,100276,580,100103,680,100340,100,100028,100,100354,100,99930,100,100358,100,99927,100,100390,100,99914,100,100446,100,99853,100,100603,100,99848,200,100616,100,99827,100,100829,100,99821,100,,,99814,100
2019-06-28 10:06:04.034979583,100276,480,100103,680,100340,100,100028,100,100354,100,99930,100,100358,100,99927,100,100390,100,99914,100,100446,100,99853,100,100603,100,99848,200,100616,100,99827,100,100829,100,99821,100,,,99814,100
2019-06-28 10:06:10.000000000,100340,580,100103,680,100354,100,100028,100,100358,100,99930,100,100390,100,99927,100,100446,100,99914,100,100603,100,99853,100,100616,100,99848,200,100829,100,99827,100,,,99821,100,,,99814,100
2019-06-28 10:06:20.000000000,100340,340,100103,440,100354,340,100028,340,100358,100,99930,100,100390,100,99927,100,100446,100,99914,100,100603,100,99853,100,100616,100,99848,200,100829,100,99827,100,,,99821,100,,,99814,100
2019-06-28 10:06:28.585147312,100340,340,100232,100,100354,340,100103,440,100358,100,100028,340,100390,100,99930,100,100446,100,99927,100,100603,100,99914,100,100616,100,99853,100,100829,100,99848,200,,,99827,100,,,99821,100
2019-06-28 10:06:30.000000000,100340,580,100232,580,100354,100,100103,200,100358,100,100028,100,100390,100,99930,100,100446,100,99927,100,100603,100,99914,100,100616,100,99853,100,100829,100,99848,200,,,99827,100,,,99821,100
2019-06-28 10:06:32.113943736,100340,580,100277,100,100354,100,100232,580,100358,100,100103,200,100390,100,100028,100,100446,100,99930,100,100603,100,99927,100,100616,100,99914,100,100829,100,99853,100,,,99848,200,,,99827,100
2019-06-28 10:06:38.036455146,100322,100,100277,100,100340,580,100232,580,100354,100,100103,200,100358,100,100028,100,100390,100,99930,100,100446,100,99927,100,100603,100,99914,100,100616,100,99853,100,100829,100,99848,200,,,99827,100
2019-06-28 10:06:40.000000000,100322,340,100277,340,100340,340,100232,340,100354,100,100103,200,100358,100,100028,100,100390,100,99930,100,100446,100,99927,100,100603,100,99914,100,100616,100,99853,100,100829,100,99848,200,,,99827,100
2019-06-28 10:06:50.000000000,100322,580,100277,580,100340,100,100232,100,100354,100,100103,200,100358,100,100028,100,100390,100,99930,100,100446,100,99927,100,100603,100,99914,100,100616,100,99853,100,100829,100,99848,200,,,99827,100
2019-06-28 10:06:56.224694862,100322,580,100277,580,100340,100,100232,100,100354,100,100103,200,100358,100,100028,100,100390,100,99930,100,100446,100,99927,100,100576,100,99914,100,100603,100,99853,100,100616,100,99848,200,100829,100,99827,100
2019-06-28 10:07:00.000000000,100322,196,100277,196,100340,196,100232,196,100354,196,100103,296,100358,196,100028,196,100390,196,99930,196,100446,100,99927,100,100576,100,99914,100,100603,100,99853,100,100616,100,99848,200,100829,100,99827,100
2019-06-28 10:07:04.831681159,100322,96,100277,196,100340,196,100232,196,100354,196,100103,296,100358,196,100028,196,100390,196,99930,196,100446,100,99927,100,100576,100,99914,100,100603,100,99853,100,100616,100,99848,200,100829,100,99827,100
2019-06-28 10:07:10.000000000,100340,263,100277,263,100354,258,100232,258,100358,258,100103,358,100390,100,100028,100,100446,100,99930,100,100576,100,99927,100,100603,100,99914,100,100616,100,99853,100,100829,100,99848,200,,,99827,100
2019-06-28 10:07:17.656897715,100321,100,100277,263,100340,263,100232,158,100354,258,100103,358,100358,258,100028,100,100390,100,99930,100,100446,100,99927,100,100576,100,99914,100,100603,100,99853,100,100616,100,99848,200,100829,100,99827,100
2019-06-28 10:07:20.000000000,100321,263,100277,263,100340,258,100103,358,100354,258,100028,258,100358,100,99930,100,100390,100,99927,100,100446,100,99914,100,100576,100,99853,100,100603,100,99848,200,100616,100,99827,100,100829,100,99814,100
2019-06-28 10:07:23.331617379,100321,263,100277,263,100340,258,100103,358,100354,258,100028,258,100358,100,99930,100,100390,100,99927,100,100446,100,99914,100,100480,100,99853,100,100576,100,99848,200,100603,100,99827,100,100616,100,99814,100
2019-06-28 10:07:26.132281069,100321,163,100277,263,100340,258,100103,358,100354,258,100028,258,100358,100,99930,100,100390,100,99927,100,100446,100,99914,100,100480,100,99853,100,100576,100,99848,200,100603,100,99827,100,100616,100,99814,100
2019-06-28 10:07:28.818129986,100321,63,100277,263,100340,258,100103,358,100354,258,100028,258,100358,100,99930,100,100390,100,99927,100,100446,100,99914,100,100480,100,99853,100,100576,100,99848,200,100603,100,99827,100,100616,100,99358,100
2019-06-28 10:07:30.000000000,100340,220,100277,220,100354,220,100103,320,100358,220,100028,220,100390,220,99930,220,100446,100,99927,100,100480,100,99914,100,100576,100,99853,100,100603,100,99848,200,100616,100,99827,100,100829,100,99358,100
2019-06-28 10:07:40.000000000,100340,196,100277,196,100354,196,100103,296,100358,196,100028,196,100390,196,99930,196,100446,196,99927,196,100480,100,99914,100,100576,100,99853,100,100603,100,99848,200,100616,100,99827,100,100829,100,99358,100
2019-06-28 10:07:50.000000000,100340,263,100277,263,100354,258,100103,358,100358,258,100028,258,100390,100,99930,100,100446,100,99927,100,100480,100,99914,100,100576,100,99853,100,100603,100,99848,200,100616,100,99827,100,100829,100,99358,100
2019-06-28 10:07:52.601928413,100340,263,100321,100,100354,258,100277,263,100358,258,100103,358,100390,100,100028,258,100446,100,99930,100,100480,100,99927,100,100576,100,99914,100,100603,100,99853,100,100616,100,99848,200,100829,100,99827,100
2019-06-28 10:08:00.000000000,100340,196,100321,196,100354,196,100277,196,100358,196,100103,296,100390,196,100028,196,100446,196,99930,196,100480,100,99927,100,100576,100,99914,100,100603,100,99853,100,100616,100,99848,200,100829,100,99827,100
2019-06-28 10:08:05.324583060,100340,196,100321,296,100354,196,100277,196,100358,196,100103,296,100390,196,100028,196,100446,196,99930,196,100480,100,99927,100,100576,100,99914,100,100603,100,99853,100,100616,100,99848,200,100829,100,99827,100
2019-06-28 10:08:10.000000000,100340,220,100321,320,100354,220,100277,220,100358,220,100103,320,100390,220,100028,220,100446,100,99930,100,100480,100,99927,100,100576,100,99914,100,100603,100,99853,100,100616,100,99848,200,100829,100,99827,100
2019-06-28 10:08:17.770205648,100340,220,100321,320,100354,220,100277,220,100358,220,100103,320,100390,220,100028,220,100446,100,99930,100,100480,100,99927,100,100576,100,99914,100,100603,100,99853,100,100616,100,99848,200,100829,100,99827,100
2019-06-28 10:08:20.000000000,100340,340,100321,440,100354,340,100277,340,100358,100,100103,200,100390,100,100028,100,100446,100,99930,100,100480,100,99927,100,100576,100,99914,100,100603,100,99853,100,100616,100,99848,200,100829,100,99827,100
2019-06-28 10:08:29.351383912,100340,240,100321,440,100354,340,100277,340,100358,100,100103,200,100390,100,100028,100,100446,100,99930,100,100576,100,99927,100,100603,100,99914,100,100616,100,99853,100,100829,100,99848,200,100940,100,99827,100
2019-06-28 10:08:30.000000000,100354,340,100321,440,100358,340,100277,340,100390,100,100103,200,100446,100,100028,100,100576,100,99930,100,100603,100,99927,100,100616,100,99914,100,100829,100,99853,100,100940,100,99848,200,,,99827,100
2019-06-28 10:08:40.000000000,100354,263,100321,363,100358,258,100277,258,100390,258,100103,358,100446,100,100028,100,100576,100,99930,100,100603,100,99927,100,100616,100,99914,100,100829,100,99853,100,100940,100,99848,200,,,99827,100
2019-06-28 10:08:45.590029292,100354,263,100325,100,100358,258,100321,363,100390,258,100277,258,100446,100,100103,358,100576,100,100028,100,100603,100,99930,100,100616,100,99927,100,100829,100,99914,100,100940,100,99848,200,,,99827,100
2019-06-28 10:08:50.000000000,100354,263,100325,263,100358,258,100321,358,100390,258,100277,258,100446,100,100103,200,100576,100,100028,100,100603,100,99930,100,100616,100,99927,100,100829,100,99914,100,100940,100,99848,200,,,99827,100
2019-06-28 10:08:52.257003685,100354,163,100325,263,100358,258,100321,358,100390,258,100277,258,100446,100,100103,200,100576,100,100028,100,100603,100,99930,100,100616,100,99927,100,100829,100,99914,100,100940,100,99848,200,,,99827,100
