,ask_price_1,ask_size_1,bid_price_1,bid_size_1,ask_price_2,ask_size_2,bid_price_2,bid_size_2,ask_price_3,ask_size_3,bid_price_3,bid_size_3,ask_price_4,ask_size_4,bid_price_4,bid_size_4,ask_price_5,ask_size_5,bid_price_5,bid_size_5,ask_price_6,ask_size_6,bid_price_6,bid_size_6,ask_price_7,ask_size_7,bid_price_7,bid_size_7,ask_price_8,ask_size_8,bid_price_8,bid_size_8,ask_price_9,ask_size_9,bid_price_9,bid_size_9,ask_price_10,ask_size_10,bid_price_10,bid_size_10
2019-06-28 09:30:00.000000000,100095,100,,,100133,100,,,,,,,,,,,,,,,,,,,,,,,,,,,,,,,,,,
2019-06-28 09:30:00.000000001,100095,100,100005,100,100133,100,,,100137,100,,,,,,,,,,,,,,,,,,,,,,,,,,,,,,
2019-06-28 09:30:00.000000004,100031,100,100005,100,100095,100,99769,100,100133,100,,,100137,100,,,,,,,,,,,,,,,,,,,,,,,,,,
2019-06-28 09:30:00.000000007,100031,100,99927,100,100095,100,99769,100,100133,100,,,100137,100,,,,,,,,,,,,,,,,,,,,,,,,,,
2019-06-28 09:30:00.000000008,99979,100,99927,100,100031,100,99769,100,100095,100,,,100133,100,,,100137,100,,,100172,100,,,,,,,,,,,,,,,,,,
2019-06-28 09:30:00.000000009,100031,100,99927,100,100095,100,99769,100,100133,100,,,100137,100,,,100172,100,,,,,,,,,,,,,,,,,,,,,,
2019-06-28 09:30:00.000000012,100031,100,99927,100,100095,100,99769,100,100120,100,,,100133,100,,,100137,100,,,100172,100,,,,,,,,,,,,,,,,,,
2019-06-28 09:30:00.000000013,100005,100,99927,100,100031,100,99769,100,100095,100,,,100120,100,,,100133,100,,,100137,100,,,100172,100,,,,,,,,,,,,,,
2019-06-28 09:30:00.000000016,100005,100,99948,100,100031,100,99927,100,100095,100,99769,100,100120,100,,,100133,100,,,100137,100,,,100172,100,,,,,,,,,,,,,,
2019-06-28 09:30:00.000000018,100005,100,99979,100,100031,100,99951,100,100095,100,99948,100,100120,100,99927,100,100133,100,99769,100,100137,100,,,100172,100,,,,,,,,,,,,,,
2019-06-28 09:30:00.000000019,100005,100,99951,100,100031,100,99948,100,100095,100,99927,100,100120,100,99769,100,100133,100,,,100137,100,,,100172,100,,,,,,,,,,,,,,
2019-06-28 09:30:00.000000021,99977,100,99951,100,100005,100,99948,100,100031,100,99927,100,100095,100,99769,100,100120,100,,,100133,100,,,100137,100,,,100172,100,,,,,,,,,,
2019-06-28 09:30:00.000000026,99977,100,99948,100,100005,100,99927,100,100031,100,99769,100,100072,100,,,100095,100,,,100120,100,,,100133,100,,,100137,100,,,100172,100,,,,,,
2019-06-28 09:30:00.000000029,99977,100,99953,100,100005,100,99948,100,100031,100,99927,100,100072,100,99909,100,100095,200,99769,100,100120,100,,,100133,100,,,100137,100,,,100172,100,,,,,,
2019-06-28 09:30:00.000000031,100005,100,99953,100,100031,100,99948,100,100072,100,99927,100,100095,200,99909,100,100120,100,99769,100,100133,100,,,100137,100,,,100172,100,,,,,,,,,,
2019-06-28 09:30:00.000000036,100005,100,99953,100,100031,100,99948,100,100072,100,99927,100,100095,200,99909,100,100097,100,99769,100,100120,100,,,100133,100,,,100137,100,,,100172,100,,,,,,
2019-06-28 09:30:00.000000039,100005,100,99953,100,100031,100,99948,100,100072,100,99927,100,100095,200,99909,100,100097,100,99769,100,100110,100,,,100120,100,,,100133,100,,,100137,100,,,100172,100,,
2019-06-28 09:30:00.000000041,100005,100,99953,100,100031,100,99948,100,100072,100,99927,100,100095,200,99909,100,100097,100,99896,100,100110,100,99769,100,100120,100,,,100133,100,,,100137,100,,,100172,100,,
2019-06-28 09:30:00.000000043,100005,100,99953,100,100031,100,99948,100,100072,100,99927,100,100095,200,99909,100,100097,100,99896,100,100110,100,99769,100,100120,100,,,100133,100,,,100137,100,,,100163,100,,
2019-06-28 09:30:00.000000045,100005,100,99953,100,100031,100,99948,100,100072,100,99943,100,100095,200,99927,100,100097,100,99909,100,100110,100,99896,100,100120,100,99769,100,100133,100,,,100137,100,,,100163,100,,
2019-06-28 09:30:00.000000051,100005,100,99953,100,100031,100,99948,100,100072,100,99943,100,100095,200,99927,100,100097,100,99909,100,100110,100,99896,100,100120,100,99769,100,100133,100,99759,100,100137,100,,,100163,100,,
2019-06-28 09:30:00.000000053,100005,100,99953,100,100031,100,99948,100,100042,100,99943,100,100072,100,99927,100,100095,200,99913,100,100097,100,99909,100,100110,100,99896,100,100120,100,99769,100,100133,100,99759,100,100137,100,,
2019-06-28 09:30:00.000000054,100005,100,99953,100,100031,100,99948,100,100042,100,99943,100,100072,100,99927,100,100095,200,99913,100,100097,100,99909,100,100110,100,99896,100,100120,100,99769,100,100133,100,99759,100,100137,100,,
2019-06-28 09:30:00.000000056,100031,100,99953,100,100042,100,99948,100,100072,100,99947,100,100095,200,99943,100,100097,100,99927,100,100110,100,99913,100,100120,100,99909,100,100133,100,99896,100,100137,100,99820,100,100163,100,99769,100
2019-06-28 09:30:00.000000060,100031,100,99953,100,100042,100,99948,100,100072,100,99947,100,100076,100,99943,100,100095,200,99927,100,100097,100,99913,100,100110,100,99909,100,100120,100,99896,100,100133,100,99820,100,100137,100,99769,100
2019-06-28 09:30:00.000000063,100031,100,99953,100,100042,100,99948,100,100072,100,99947,100,100076,100,99943,100,100095,200,99927,100,100097,100,99913,100,100110,100,99909,100,100120,100,99896,100,100133,100,99820,100,100137,100,99769,100
2019-06-28 09:30:00.000000066,100031,100,99974,100,100042,100,99953,100,100072,100,99948,100,100076,100,99947,100,100095,200,99943,100,100097,100,99927,100,100110,100,99913,100,100120,100,99909,100,100133,100,99896,100,100137,100,99820,100
2019-06-28 09:30:00.000000069,100005,100,99974,100,100031,100,99953,100,100039,100,99948,100,100042,100,99947,100,100072,100,99943,100,100076,100,99927,100,100095,200,99913,100,100097,100,99909,100,100110,100,99896,100,100120,100,99820,100
2019-06-28 09:30:00.000000070,100005,100,99974,100,100031,100,99953,100,100039,100,99948,100,100042,100,99947,100,100072,100,99943,100,100076,100,99927,100,100095,200,99913,100,100097,100,99909,100,100110,100,99896,100,100120,100,99890,100
2019-06-28 09:30:00.000000071,100005,200,99974,100,100031,100,99953,100,100039,100,99948,100,100042,100,99947,100,100072,100,99943,100,100076,100,99927,100,100095,200,99913,100,100097,100,99909,100,100110,100,99896,100,100120,100,99890,100
2019-06-28 09:30:00.000000075,100005,200,99974,100,100031,100,99953,100,100039,100,99948,100,100042,100,99947,100,100072,100,99943,100,100076,100,99927,100,100095,200,99913,100,100097,100,99909,100,100100,100,99896,100,100110,100,99890,100
2019-06-28 09:30:00.000000078,100005,200,99953,100,100031,100,99948,100,100039,100,99947,100,100042,100,99943,100,100072,100,99927,100,100076,100,99913,100,100095,200,99909,100,100097,100,99896,100,100100,100,99890,100,100110,100,99820,100
2019-06-28 09:30:00.000000079,100004,100,99974,100,100005,200,99953,100,100031,100,99948,100,100039,100,99947,100,100042,100,99943,100,100072,100,99927,100,100076,100,99913,100,100095,200,99909,100,100097,100,99896,100,100100,100,99890,100
2019-06-28 09:30:00.000000080,100004,100,99974,100,100005,200,99953,100,100013,100,99948,100,100031,100,99947,100,100039,100,99943,100,100042,100,99927,100,100072,100,99913,100,100076,100,99909,100,100095,200,99896,100,100097,100,99890,100
2019-06-28 09:30:00.000000083,100004,100,99974,200,100005,200,99953,100,100013,100,99950,100,100031,100,99948,100,100039,100,99947,100,100042,100,99943,100,100072,100,99927,100,100076,100,99913,100,100095,200,99909,100,100097,100,99896,100
2019-06-28 09:30:00.000000086,100004,100,99980,100,100005,200,99974,200,100013,100,99953,100,100031,100,99950,100,100039,100,99948,100,100042,100,99947,100,100072,100,99943,100,100076,100,99927,100,100095,200,99913,100,100097,100,99909,100
2019-06-28 09:30:00.000000087,100004,100,99980,100,100005,200,99974,300,100013,100,99953,100,100031,100,99950,100,100039,100,99948,100,100042,100,99947,100,100072,100,99943,100,100076,100,99927,100,100095,200,99913,100,100097,100,99909,100
2019-06-28 09:30:00.000000089,100004,100,99980,100,100005,200,99974,300,100013,100,99953,100,100031,100,99950,100,100039,100,99948,100,100042,100,99947,100,100072,100,99943,100,100076,100,99927,100,100095,200,99913,100,100097,100,99909,100
2019-06-28 09:30:00.000000091,100005,200,99980,100,100013,100,99974,300,100031,100,99953,100,100039,100,99950,100,100042,100,99948,100,100072,100,99947,100,100076,100,99943,100,100095,200,99927,100,100097,100,99913,100,100100,100,99909,100
2019-06-28 09:30:00.000000094,100005,200,99980,100,100013,100,99974,300,100031,100,99968,100,100039,100,99953,100,100042,100,99950,100,100072,100,99948,100,100076,100,99947,100,100095,200,99943,100,100097,100,99927,100,100100,100,99913,100
2019-06-28 09:30:00.000000095,100004,100,99980,100,100005,200,99974,300,100013,100,99968,100,100031,100,99953,100,100039,100,99950,100,100042,100,99948,100,100072,100,99947,100,100076,100,99943,100,100095,200,99927,100,100097,100,99913,100
2019-06-28 09:30:00.000000096,100004,100,99980,100,100005,200,99974,300,100013,100,99968,100,100031,100,99953,100,100039,100,99950,100,100042,100,99948,100,100072,100,99947,100,100076,100,99943,100,100089,100,99927,100,100095,200,99913,100
2019-06-28 09:30:00.000000097,100004,100,99981,100,100005,200,99980,100,100013,100,99974,300,100031,100,99968,100,100039,100,99953,100,100042,100,99950,100,100072,100,99948,100,100076,100,99947,100,100089,100,99943,100,100095,200,99940,100
2019-06-28 09:30:00.000000098,100004,100,99981,100,100005,200,99980,100,100013,100,99974,300,100031,100,99968,100,100039,100,99953,100,100042,100,99950,100,100072,100,99948,100,100076,100,99947,100,100089,100,99943,100,100095,200,99940,100
2019-06-28 09:30:00.000000099,100004,100,99981,100,100005,200,99980,100,100013,100,99974,300,100031,100,99968,100,100039,100,99953,100,100042,200,99950,100,100072,100,99948,100,100076,100,99947,100,100089,100,99943,100,100095,200,99940,100
2019-06-28 09:30:01.669815367,100004,100,99981,100,100005,200,99980,100,100013,100,99974,200,100031,100,99968,100,100039,100,99953,100,100042,200,99950,100,100072,100,99948,100,100076,100,99947,100,100089,100,99943,100,100095,200,99940,100
2019-06-28 09:30:10.000000000,100004,176,99981,176,100005,276,99980,176,100013,176,99974,276,100031,176,99968,176,100039,176,99953,176,100042,200,99950,100,100072,100,99948,100,100076,100,99947,100,100089,100,99943,100,100095,200,99940,100
2019-06-28 09:30:20.000000000,100004,230,99981,230,100005,326,99980,226,100013,226,99974,326,100031,100,99968,100,100039,100,99953,100,100042,200,99950,100,100072,100,99948,100,100076,100,99947,100,100089,100,99943,100,100095,200,99940,100
2019-06-28 09:30:22.498980918,100004,230,99981,230,100005,326,99980,226,100013,226,99974,326,100031,100,99968,100,100039,100,99953,100,100042,100,99950,100,100072,100,99948,100,100076,100,99947,100,100089,100,99943,100,100095,200,99940,100
2019-06-28 09:30:30.000000000,100004,291,99981,291,100005,391,99980,291,100013,100,99974,200,100031,100,99968,100,100039,100,99953,100,100042,100,99950,100,100072,100,99948,100,100076,100,99947,100,100089,100,99943,100,100095,200,99940,100
2019-06-28 09:30:40.000000000,100004,482,99981,482,100005,200,99980,100,100013,100,99974,200,100031,100,99968,100,100039,100,99953,100,100042,100,99950,100,100072,100,99948,100,100076,100,99947,100,100089,100,99943,100,100095,200,99940,100
2019-06-28 09:30:43.711107133,100004,382,99981,482,100005,200,99980,100,100013,100,99974,200,100031,100,99968,100,100039,100,99953,100,100042,100,99950,100,100072,100,99948,100,100076,100,99947,100,100089,100,99943,100,100095,200,99940,100
2019-06-28 09:30:50.000000000,100005,296,99981,196,100013,196,99980,196,100031,196,99974,296,100039,196,99968,196,100042,100,99953,100,100072,100,99950,100,100076,100,99948,100,100089,100,99947,100,100095,200,99943,100,100097,100,99940,100
2019-06-28 09:31:00.000000000,100005,582,99981,482,100013,100,99980,100,100031,100,99974,200,100039,100,99968,100,100042,100,99953,100,100072,100,99950,100,100076,100,99948,100,100089,100,99947,100,100095,200,99943,100,100097,100,99940,100
2019-06-28 09:31:00.912666103,100005,582,99981,482,100013,100,99980,100,100031,100,99974,200,100039,100,99968,100,100042,100,99953,100,100072,100,99950,100,100076,100,99948,100,100089,100,99947,100,100095,200,99943,100,100100,100,99940,100
2019-06-28 09:31:10.000000000,100005,582,99981,482,100013,100,99980,100,100031,100,99974,200,100039,100,99968,100,100042,100,99953,100,100072,100,99950,100,100076,100,99948,100,100089,100,99947,100,100095,200,99943,100,100100,100,99940,100
2019-06-28 09:31:19.363587970,100005,582,100004,100,100013,100,99981,482,100031,100,99980,100,100039,100,99974,200,100042,100,99968,100,100072,100,99953,100,100076,100,99950,100,100089,100,99948,100,100095,200,99947,100,100100,100,99943,100
2019-06-28 09:31:20.000000000,100005,276,100004,176,100013,176,99981,176,100031,176,99980,176,100039,176,99974,276,100042,176,99968,176,100072,100,99953,100,100076,100,99950,100,100089,100,99948,100,100095,200,99947,100,100100,100,99943,100
2019-06-28 09:31:30.000000000,100005,296,100004,196,100013,196,99981,196,100031,196,99980,196,100039,196,99974,296,100042,100,99968,100,100072,100,99953,100,100076,100,99950,100,100089,100,99948,100,100095,200,99947,100,100100,100,99943,100
2019-06-28 09:31:40.000000000,100005,276,100004,176,100013,176,99981,176,100031,176,99980,176,100039,176,99974,276,100042,176,99968,176,100072,100,99953,100,100076,100,99950,100,100089,100,99948,100,100095,200,99947,100,100100,100,99943,100
2019-06-28 09:31:50.000000000,100005,582,100004,482,100013,100,99981,100,100031,100,99980,100,100039,100,99974,200,100042,100,99968,100,100072,100,99953,100,100076,100,99950,100,100089,100,99948,100,100095,200,99947,100,100100,100,99943,100
2019-06-28 09:32:00.000000000,100005,391,100004,291,100013,291,99981,291,100031,100,99980,100,100039,100,99974,200,100042,100,99968,100,100072,100,99953,100,100076,100,99950,100,100089,100,99948,100,100095,200,99947,100,100100,100,99943,100
2019-06-28 09:32:10.000000000,100005,296,100004,196,100013,196,99981,196,100031,196,99980,196,100039,196,99974,296,100042,100,99968,100,100072,100,99953,100,100076,100,99950,100,100089,100,99948,100,100095,200,99947,100,100100,100,99943,100
2019-06-28 09:32:10.168859093,100005,296,100004,196,100013,196,99981,196,100031,196,99980,196,100039,196,99974,296,100042,100,99968,100,100072,100,99953,100,100076,100,99950,100,100089,100,99948,100,100095,200,99947,100,100100,100,99943,100
2019-06-28 09:32:14.809332831,100005,296,100004,96,100013,196,99981,196,100031,196,99980,196,100039,196,99974,296,100042,100,99968,100,100072,100,99953,100,100076,100,99950,100,100089,100,99948,100,100095,200,99947,100,100100,100,99943,100
2019-06-28 09:32:20.000000000,100005,582,99981,482,100013,100,99980,100,100031,100,99974,200,100039,100,99968,100,100042,100,99953,100,100072,100,99950,100,100076,100,99948,100,100089,100,99947,100,100095,200,99943,100,100100,100,99940,100
2019-06-28 09:32:21.329722435,100005,582,99981,482,100013,100,99980,100,100031,100,99974,200,100039,100,99953,100,100042,100,99950,100,100072,100,99948,100,100076,100,99947,100,100089,100,99943,100,100095,200,99940,100,100100,100,99927,100
2019-06-28 09:32:30.000000000,100005,296,99981,196,100013,196,99980,196,100031,196,99974,296,100039,196,99953,196,100042,100,99950,100,100072,100,99948,100,100076,100,99947,100,100089,100,99943,100,100095,200,99940,100,100100,100,99927,100
2019-06-28 09:32:40.000000000,100005,276,99981,176,100013,176,99980,176,100031,176,99974,276,100039,176,99953,176,100042,176,99950,176,100072,100,99948,100,100076,100,99947,100,100089,100,99943,100,100095,200,99940,100,100100,100,99927,100
2019-06-28 09:32:50.000000000,100005,330,99981,230,100013,226,99980,226,100031,226,99974,326,100039,100,99953,100,100042,100,99950,100,100072,100,99948,100,100076,100,99947,100,100089,100,99943,100,100095,200,99940,100,100100,100,99927,100
2019-06-28 09:32:59.324290340,100005,330,99981,230,100013,226,99980,226,100031,226,99974,326,100039,100,99953,100,100042,100,99950,100,100072,100,99948,100,100076,100,99947,100,100089,100,99943,100,100095,200,99940,100,100100,100,99927,100
2019-06-28 09:33:00.000000000,100005,330,99981,230,100013,226,99980,226,100031,226,99974,326,100039,100,99953,100,100042,100,99950,100,100072,100,99948,100,100076,100,99947,100,100089,100,99943,100,100095,200,99940,100,100100,100,99927,100
2019-06-28 09:33:03.071534411,100005,330,99981,130,100013,226,99980,226,100031,226,99974,326,100039,100,99953,100,100042,100,99950,100,100072,100,99948,100,100076,100,99947,100,100089,100,99943,100,100095,200,99940,100,100100,100,99927,100
2019-06-28 09:33:10.000000000,100005,391,99980,291,100013,291,99974,391,100031,100,99953,100,100039,100,99950,100,100042,100,99948,100,100072,100,99947,100,100076,100,99943,100,100089,100,99940,100,100095,200,99927,100,100100,100,99909,100
2019-06-28 09:33:20.000000000,100005,330,99980,230,100013,226,99974,326,100031,226,99953,226,100039,100,99950,100,100042,100,99948,100,100072,100,99947,100,100076,100,99943,100,100089,100,99940,100,100095,200,99927,100,100100,100,99909,100
2019-06-28 09:33:30.000000000,100005,296,99980,196,100013,196,99974,296,100031,196,99953,196,100039,196,99950,196,100042,100,99948,100,100072,100,99947,100,100076,100,99943,100,100089,100,99940,100,100095,200,99927,100,100100,100,99909,100
2019-06-28 09:33:31.513959844,100004,100,99980,196,100005,296,99974,296,100013,196,99953,196,100031,196,99950,196,100039,196,99948,100,100042,100,99947,100,100072,100,99943,100,100076,100,99940,100,100089,100,99927,100,100095,200,99909,100
2019-06-28 09:33:39.315472634,100004,100,99980,196,100005,296,99974,296,100013,196,99953,196,100031,196,99950,196,100039,196,99948,100,100042,100,99947,100,100059,100,99943,100,100072,100,99940,100,100076,100,99927,100,100089,100,99909,100
2019-06-28 09:33:40.000000000,100004,482,99980,482,100005,200,99974,200,100013,100,99953,100,100031,100,99950,100,100039,100,99948,100,100042,100,99947,100,100059,100,99943,100,100072,100,99940,100,100076,100,99927,100,100089,100,99909,100
2019-06-28 09:33:50.000000000,100004,176,99980,176,100005,276,99974,276,100013,176,99953,176,100031,176,99950,176,100039,176,99948,176,100042,100,99947,100,100059,100,99943,100,100072,100,99940,100,100076,100,99927,100,100089,100,99909,100
2019-06-28 09:34:00.000000000,100004,482,99980,482,100005,200,99974,200,100013,100,99953,100,100031,100,99950,100,100039,100,99948,100,100042,100,99947,100,100059,100,99943,100,100072,100,99940,100,100076,100,99927,100,100089,100,99909,100
2019-06-28 09:34:01.975624973,100004,482,99980,482,100005,200,99974,200,100013,100,99953,100,100031,100,99950,100,100039,100,99948,100,100042,100,99947,100,100059,100,99943,100,100072,100,99940,100,100076,100,99927,100,100089,100,99909,100
2019-06-28 09:34:08.389694124,100004,582,99980,482,100005,100,99974,200,100013,100,99953,100,100031,100,99950,100,100039,100,99948,100,100042,100,99947,100,100059,100,99943,100,100072,100,99940,100,100076,100,99927,100,100089,100,99909,100
2019-06-28 09:34:10.000000000,100004,276,99980,176,100005,176,99974,276,100013,176,99953,176,100031,176,99950,176,100039,176,99948,176,100042,100,99947,100,100059,100,99943,100,100072,100,99940,100,100076,100,99927,100,100089,100,99909,100
2019-06-28 09:34:20.000000000,100004,296,99980,196,100005,196,99974,296,100013,196,99953,196,100031,196,99950,196,100039,100,99948,100,100042,100,99947,100,100059,100,99943,100,100072,100,99940,100,100076,100,99927,100,100089,100,99909,100
2019-06-28 09:34:27.723162054,100004,196,99980,196,100005,196,99974,296,100013,196,99953,196,100031,196,99950,196,100039,100,99948,100,100042,100,99947,100,100059,100,99943,100,100072,100,99940,100,100076,100,99927,100,100089,100,99909,100
2019-06-28 09:34:29.221641652,100004,96,99980,196,100005,196,99974,296,100013,196,99953,196,100031,196,99950,196,100039,100,99948,100,100042,100,99947,100,100059,100,99943,100,100072,100,99940,100,100076,100,99927,100,100089,100,99909,100
2019-06-28 09:34:30.000000000,100005,230,99980,230,100013,226,99974,326,100031,226,99953,226,100039,100,99950,100,100042,100,99948,100,100059,100,99947,100,100072,100,99943,100,100076,100,99940,100,100089,100,99927,100,100095,200,99909,100
2019-06-28 09:34:40.000000000,100005,176,99980,176,100013,176,99974,276,100031,176,99953,176,100039,176,99950,176,100042,176,99948,176,100059,100,99947,100,100072,100,99943,100,100076,100,99940,100,100089,100,99927,100,100095,200,99909,100
2019-06-28 09:34:42.413915197,100005,176,99980,176,100013,176,99974,276,100031,176,99953,176,100039,176,99950,176,100042,176,99948,176,100059,100,99947,100,100072,100,99940,100,100076,100,99927,100,100089,100,99909,100,100095,200,99896,100
2019-06-28 09:34:50.000000000,100005,196,99980,196,100013,196,99974,296,100031,196,99953,196,100039,196,99950,196,100042,100,99948,100,100059,100,99947,100,100072,100,99940,100,100076,100,99927,100,100089,100,99909,100,100095,200,99896,100
2019-06-28 09:35:00.000000000,100005,176,99980,176,100013,176,99974,276,100031,176,99953,176,100039,176,99950,176,100042,176,99948,176,100059,100,99947,100,100072,100,99940,100,100076,100,99927,100,100089,100,99909,100,100095,200,99896,100
2019-06-28 09:35:10.000000000,100005,230,99980,230,100013,226,99974,326,100031,226,99953,226,100039,100,99950,100,100042,100,99948,100,100059,100,99947,100,100072,100,99940,100,100076,100,99927,100,100089,100,99909,100,100095,200,99896,100
2019-06-28 09:35:11.292770392,100005,130,99980,230,100013,226,99974,326,100031,226,99953,226,100039,100,99950,100,100042,100,99947,100,100059,100,99940,100,100072,100,99927,100,100076,100,99909,100,100089,100,99896,100,100095,200,99868,100
2019-06-28 09:35:20.000000000,100013,482,99980,482,100031,100,99974,200,100039,100,99953,100,100042,100,99950,100,100059,100,99947,100,100072,100,99940,100,100076,100,99927,100,100089,100,99909,100,100095,200,99896,100,100100,100,99868,100
2019-06-28 09:35:25.120480263,100013,382,99980,482,100031,100,99974,200,100039,100,99953,100,100042,100,99950,100,100059,100,99947,100,100072,100,99940,100,100076,100,99927,100,100089,100,99909,100,100095,200,99896,100,100100,100,99868,100
2019-06-28 09:35:30.000000000,100031,176,99980,176,100039,176,99974,276,100042,176,99953,176,100059,176,99950,176,100072,176,99947,176,100076,100,99940,100,100089,100,99927,100,100095,200,99909,100,100100,100,99896,100,100119,100,99868,100
2019-06-28 09:35:36.883155405,100031,176,100005,100,100039,176,99980,176,100042,176,99974,176,100059,176,99953,176,100072,176,99950,176,100076,100,99947,176,100089,100,99940,100,100095,200,99927,100,100100,100,99909,100,100119,100,99896,100
2019-06-28 09:35:40.000000000,100031,196,100005,196,100039,196,99980,196,100042,196,99974,196,100059,196,99953,196,100072,100,99950,100,100076,100,99947,100,100089,100,99940,100,100095,200,99927,100,100100,100,99909,100,100119,100,99896,100
2019-06-28 09:35:50.000000000,100031,196,100005,196,100039,196,99980,196,100042,196,99974,196,100059,196,99953,196,100072,100,99950,100,100076,100,99947,100,100089,100,99940,100,100095,200,99927,100,100100,100,99909,100,100119,100,99896,100
2019-06-28 09:35:50.832951303,100031,96,100005,196,100039,196,99980,196,100042,196,99974,196,100059,196,99953,196,100072,100,99950,100,100076,100,99947,100,100089,100,99940,100,100095,200,99927,100,100100,100,99896,100,100119,100,99868,100
2019-06-28 09:35:57.855415439,100039,196,100031,4,100042,196,100005,196,100059,196,99980,196,100072,100,99974,196,100076,100,99953,196,100089,100,99950,100,100095,200,99940,100,100100,100,99927,100,100119,100,99896,100,100120,100,99868,100
2019-06-28 09:36:00.000000000,100039,176,100031,80,100042,176,100005,176,100059,176,99980,176,100072,176,99974,176,100076,176,99953,176,100089,100,99950,100,100095,200,99940,100,100100,100,99927,100,100119,100,99896,100,100120,100,99868,100
2019-06-28 09:36:10.000000000,100039,482,100031,386,100042,100,100005,100,100059,100,99980,100,100072,100,99974,100,100076,100,99953,100,100089,100,99950,100,100095,200,99940,100,100100,100,99927,100,100119,100,99896,100,100120,100,99868,100
2019-06-28 09:36:20.000000000,100039,291,100031,195,100042,291,100005,291,100059,100,99980,100,100072,100,99974,100,100076,100,99953,100,100089,100,99950,100,100095,200,99940,100,100100,100,99927,100,100119,100,99896,100,100120,100,99868,100
2019-06-28 09:36:30.000000000,100039,482,100031,386,100042,100,100005,100,100059,100,99980,100,100072,100,99974,100,100076,100,99953,100,100089,100,99950,100,100095,200,99940,100,100100,100,99927,100,100119,100,99896,100,100120,100,99868,100
2019-06-28 09:36:40.000000000,100039,196,100031,100,100042,196,100005,196,100059,196,99980,196,100072,196,99974,196,100076,100,99953,100,100089,100,99950,100,100095,200,99940,100,100100,100,99927,100,100119,100,99896,100,100120,100,99868,100
2019-06-28 09:36:50.000000000,100039,196,100031,100,100042,196,100005,196,100059,196,99980,196,100072,196,99974,196,100076,100,99953,100,100089,100,99950,100,100095,200,99940,100,100100,100,99927,100,100119,100,99896,100,100120,100,99868,100
2019-06-28 09:36:55.562992281,100039,96,100031,100,100042,196,100005,196,100059,196,99980,196,100072,196,99974,196,100076,100,99953,100,100089,100,99950,100,100095,200,99940,100,100100,100,99927,100,100120,100,99896,100,100135,100,99868,100
2019-06-28 09:37:00.000000000,100042,176,100031,80,100059,176,100005,176,100072,176,99980,176,100076,176,99974,176,100089,176,99953,176,100095,200,99950,100,100100,100,99940,100,100120,100,99927,100,100135,100,99896,100,100137,100,99868,100
2019-06-28 09:37:01.885788686,100042,176,100032,100,100059,176,100031,80,100072,176,100005,176,100076,176,99980,176,100089,176,99974,176,100095,200,99953,176,100100,100,99950,100,100120,100,99940,100,100135,100,99927,100,100137,100,99896,100
2019-06-28 09:37:08.662463253,100042,176,100032,200,100059,176,100031,80,100072,176,100005,176,100076,176,99980,176,100089,176,99974,176,100095,200,99953,176,100100,100,99950,100,100120,100,99940,100,100135,100,99927,100,100137,100,99896,100
2019-06-28 09:37:10.000000000,100042,291,100032,391,100059,291,100031,195,100072,100,100005,100,100076,100,99980,100,100089,100,99974,100,100095,200,99953,100,100100,100,99950,100,100120,100,99940,100,100135,100,99927,100,100137,100,99896,100
2019-06-28 09:37:11.938422203,100042,291,100032,491,100059,291,100031,195,100072,100,100005,100,100076,100,99980,100,100089,100,99974,100,100095,200,99953,100,100100,100,99950,100,100120,100,99940,100,100135,100,99927,100,100137,100,99896,100
2019-06-28 09:37:20.000000000,100042,196,100032,396,100059,196,100031,100,100072,196,100005,196,100076,196,99980,196,100089,100,99974,100,100095,200,99953,100,100100,100,99950,100,100120,100,99940,100,100135,100,99927,100,100137,100,99896,100
2019-06-28 09:37:28.862074334,100042,96,100032,396,100059,196,100031,100,100072,196,100005,196,100076,196,99980,196,100089,100,99974,100,100095,200,99953,100,100100,100,99950,100,100120,100,99940,100,100135,100,99927,100,100137,100,99896,100
2019-06-28 09:37:30.000000000,100059,291,100032,491,100072,291,100031,195,100076,100,100005,100,100089,100,99980,100,100095,200,99974,100,100100,100,99953,100,100120,100,99950,100,100135,100,99940,100,100137,100,99927,100,100163,100,99896,100
2019-06-28 09:37:37.322852188,100059,291,100032,491,100072,291,100031,195,100076,100,100005,100,100089,100,99980,100,100095,200,99974,100,100100,100,99953,100,100120,100,99940,100,100135,100,99927,100,100137,100,99896,100,100163,100,99868,100
2019-06-28 09:37:40.000000000,100059,176,100032,376,100072,176,100031,80,100076,176,100005,176,100089,176,99980,176,100095,276,99974,176,100100,100,99953,100,100120,100,99940,100,100135,100,99927,100,100137,100,99896,100,100163,100,99868,100
2019-06-28 09:37:50.000000000,100059,291,100032,491,100072,291,100031,195,100076,100,100005,100,100089,100,99980,100,100095,200,99974,100,100100,100,99953,100,100120,100,99940,100,100135,100,99927,100,100137,100,99896,100,100163,100,99868,100
2019-06-28 09:38:00.000000000,100059,196,100032,396,100072,196,100031,100,100076,196,100005,196,100089,196,99980,196,100095,200,99974,100,100100,100,99953,100,100120,100,99940,100,100135,100,99927,100,100137,100,99896,100,100163,100,99868,100
2019-06-28 09:38:09.156360847,100059,96,100032,396,100072,196,100031,100,100076,196,100005,196,100089,196,99980,196,100095,200,99974,100,100100,100,99953,100,100120,100,99940,100,100135,100,99927,100,100137,100,99896,100,100163,100,99868,100
2019-06-28 09:38:10.000000000,100072,482,100032,682,100076,100,100031,4,100089,100,100005,100,100095,200,99980,100,100100,100,99974,100,100120,100,99953,100,100135,100,99940,100,100137,100,99927,100,100163,100,99896,100,100173,100,99868,100
2019-06-28 09:38:15.548154493,100072,482,100042,100,100076,100,100032,682,100089,100,100031,4,100095,200,100005,100,100100,100,99980,100,100120,100,99974,100,100135,100,99953,100,100137,100,99940,100,100163,100,99927,100,100173,100,99896,100
2019-06-28 09:38:20.000000000,100072,291,100042,291,100076,291,100032,491,100089,100,100031,4,100095,200,100005,100,100100,100,99980,100,100120,100,99974,100,100135,100,99953,100,100137,100,99940,100,100163,100,99927,100,100173,100,99896,100
2019-06-28 09:38:30.000000000,100072,291,100042,291,100076,291,100032,491,100089,100,100031,4,100095,200,100005,100,100100,100,99980,100,100120,100,99974,100,100135,100,99953,100,100137,100,99940,100,100163,100,99927,100,100173,100,99896,100
2019-06-28 09:38:37.219136664,100072,291,100042,291,100076,291,100032,491,100095,200,100031,4,100100,100,100005,100,100120,100,99980,100,100135,100,99974,100,100137,100,99953,100,100163,100,99940,100,100173,100,99927,100,100179,100,99896,100
2019-06-28 09:38:40.000000000,100072,230,100042,230,100076,226,100032,426,100095,326,100031,130,100100,100,100005,100,100120,100,99980,100,100135,100,99974,100,100137,100,99953,100,100163,100,99940,100,100173,100,99927,100,100179,100,99896,100
2019-06-28 09:38:50.000000000,100072,230,100042,230,100076,226,100032,426,100095,326,100031,130,100100,100,100005,100,100120,100,99980,100,100135,100,99974,100,100137,100,99953,100,100163,100,99940,100,100173,100,99927,100,100179,100,99896,100
2019-06-28 09:39:00.000000000,100072,176,100042,176,100076,176,100032,376,100095,276,100031,80,100100,176,100005,176,100120,176,99980,176,100135,100,99974,100,100137,100,99953,100,100163,100,99940,100,100173,100,99927,100,100179,100,99896,100
2019-06-28 09:39:10.000000000,100072,230,100042,230,100076,226,100032,426,100095,326,100031,130,100100,100,100005,100,100120,100,99980,100,100135,100,99974,100,100137,100,99953,100,100163,100,99940,100,100173,100,99927,100,100179,100,99896,100
2019-06-28 09:39:18.547317285,100072,230,100042,230,100076,226,100032,426,100095,326,100031,130,100100,100,100021,100,100120,100,100005,100,100135,100,99980,100,100137,100,99974,100,100163,100,99953,100,100173,100,99927,100,100179,100,99896,100
2019-06-28 09:39:20.000000000,100072,482,100042,482,100076,100,100032,300,100095,200,100031,4,100100,100,100021,100,100120,100,100005,100,100135,100,99980,100,100137,100,99974,100,100163,100,99953,100,100173,100,99927,100,100179,100,99896,100
2019-06-28 09:39:30.000000000,100072,196,100042,196,100076,196,100032,396,100095,296,100031,100,100100,196,100021,196,100120,100,100005,100,100135,100,99980,100,100137,100,99974,100,100163,100,99953,100,100173,100,99927,100,100179,100,99896,100
2019-06-28 09:39:37.330651277,100072,196,100042,196,100076,196,100032,396,100095,196,100031,100,100100,196,100021,196,100120,100,100005,100,100135,100,99980,100,100137,100,99974,100,100163,100,99953,100,100173,100,99927,100,100179,100,99896,100
2019-06-28 09:39:38.026457949,100072,196,100042,96,100076,196,100032,396,100095,196,100031,100,100100,196,100021,196,100120,100,100005,100,100135,100,99980,100,100137,100,99974,100,100163,100,99953,100,100173,100,99927,100,100179,100,99896,100
2019-06-28 09:39:40.000000000,100072,291,100032,491,100076,291,100031,195,100095,100,100021,100,100100,100,100005,100,100120,100,99980,100,100135,100,99974,100,100137,100,99953,100,100163,100,99927,100,100173,100,99896,100,100179,100,99868,100
2019-06-28 09:39:50.000000000,100072,230,100032,430,100076,226,100031,130,100095,226,100021,226,100100,100,100005,100,100120,100,99980,100,100135,100,99974,100,100137,100,99953,100,100163,100,99927,100,100173,100,99896,100,100179,100,99868,100
2019-06-28 09:39:51.875397033,100058,100,100032,430,100072,230,100031,130,100076,226,100021,226,100095,226,100005,100,100100,100,99980,100,100120,100,99974,100,100135,100,99953,100,100137,100,99927,100,100163,100,99896,100,100173,100,99868,100
2019-06-28 09:40:00.000000000,100058,482,100032,682,100072,100,100031,4,100076,100,100021,100,100095,100,100005,100,100100,100,99980,100,100120,100,99974,100,100135,100,99953,100,100137,100,99927,100,100163,100,99896,100,100173,100,99868,100
2019-06-28 09:40:08.022405169,100058,482,100032,682,100072,100,100031,4,100076,100,100021,100,100095,100,100005,100,100100,100,99980,100,100120,100,99974,100,100135,100,99953,100,100137,100,99927,100,100163,100,99896,100,100173,100,99868,100
2019-06-28 09:40:10.000000000,100058,176,100032,376,100072,176,100031,80,100076,176,100021,176,100095,176,100005,176,100100,176,99980,176,100120,100,99974,100,100135,100,99953,100,100137,100,99927,100,100163,100,99896,100,100173,100,99868,100
2019-06-28 09:40:15.880983190,100058,176,100032,376,100072,176,100031,80,100076,176,100021,176,100095,176,100005,176,100100,176,99980,176,100135,100,99974,100,100137,100,99953,100,100163,100,99927,100,100173,100,99896,100,100179,100,99868,100
2019-06-28 09:40:20.000000000,100058,291,100032,491,100072,291,100031,195,100076,100,100021,100,100095,100,100005,100,100100,100,99980,100,100135,100,99974,100,100137,100,99953,100,100163,100,99927,100,100173,100,99896,100,100179,100,99868,100
2019-06-28 09:40:30.000000000,100058,482,100032,682,100072,100,100031,4,100076,100,100021,100,100095,100,100005,100,100100,100,99980,100,100135,100,99974,100,100137,100,99953,100,100163,100,99927,100,100173,100,99896,100,100179,100,99868,100
2019-06-28 09:40:40.000000000,100058,230,100032,430,100072,226,100031,130,100076,226,100021,226,100095,100,100005,100,100100,100,99980,100,100135,100,99974,100,100137,100,99953,100,100163,100,99927,100,100173,100,99896,100,100179,100,99868,100
2019-06-28 09:40:50.000000000,100058,196,100032,396,100072,196,100031,100,100076,196,100021,196,100095,196,100005,196,100100,100,99980,100,100135,100,99974,100,100137,100,99953,100,100163,100,99927,100,100173,100,99896,100,100179,100,99868,100
2019-06-28 09:41:00.000000000,100058,482,100032,682,100072,100,100031,4,100076,100,100021,100,100095,100,100005,100,100100,100,99980,100,100135,100,99974,100,100137,100,99953,100,100163,100,99927,100,100173,100,99896,100,100179,100,99868,100
2019-06-28 09:41:10.000000000,100058,196,100032,396,100072,196,100031,100,100076,196,100021,196,100095,196,100005,196,100100,100,99980,100,100135,100,99974,100,100137,100,99953,100,100163,100,99927,100,100173,100,99896,100,100179,100,99868,100
2019-06-28 09:41:20.000000000,100058,230,100032,430,100072,226,100031,130,100076,226,100021,226,100095,100,100005,100,100100,100,99980,100,100135,100,99974,100,100137,100,99953,100,100163,100,99927,100,100173,100,99896,100,100179,100,99868,100
2019-06-28 09:41:27.905161065,100058,230,100032,430,100072,226,100031,130,100076,226,100021,226,100095,100,100005,100,100100,100,99980,100,100135,100,99974,100,100137,100,99953,100,100163,100,99927,100,100173,100,99896,100,100179,100,99868,100
2019-06-28 09:41:30.000000000,100058,176,100032,376,100072,176,100031,80,100076,176,100021,176,100095,176,100005,176,100100,176,99980,176,100135,100,99974,100,100137,100,99953,100,100163,100,99927,100,100173,100,99896,100,100179,100,99868,100
2019-06-28 09:41:40.000000000,100058,176,100032,376,100072,176,100031,80,100076,176,100021,176,100095,176,100005,176,100100,176,99980,176,100135,100,99974,100,100137,100,99953,100,100163,100,99927,100,100173,100,99896,100,100179,100,99868,100
2019-06-28 09:41:41.956602810,100058,276,100032,376,100072,176,100031,80,100076,176,100021,176,100095,176,100005,176,100100,176,99980,176,100135,100,99974,100,100137,100,99953,100,100163,100,99927,100,100173,100,99896,100,100179,100,99868,100
2019-06-28 09:41:50.000000000,100058,330,100032,430,100072,226,100031,130,100076,226,100021,226,100095,100,100005,100,100100,100,99980,100,100135,100,99974,100,100137,100,99953,100,100163,100,99927,100,100173,100,99896,100,100179,100,99868,100
2019-06-28 09:41:51.814379445,100058,330,100032,330,100072,226,100031,130,100076,226,100021,226,100095,100,100005,100,100100,100,99980,100,100137,100,99974,100,100163,100,99953,100,100173,100,99927,100,100179,100,99896,100,100224,100,99868,100
2019-06-28 09:41:59.103601279,100042,100,100032,230,100058,330,100031,130,100072,226,100021,226,100076,226,100005,100,100095,100,99980,100,100100,100,99974,100,100137,100,99953,100,100163,100,99927,100,100173,100,99896,100,100179,100,99868,100
2019-06-28 09:42:00.000000000,100042,230,100032,230,100058,326,100031,130,100072,226,100021,226,100076,100,100005,100,100095,100,99980,100,100100,100,99974,100,100137,100,99953,100,100163,100,99927,100,100173,100,99896,100,100179,100,99868,100
2019-06-28 09:42:10.000000000,100042,176,100032,176,100058,276,100031,80,100072,176,100021,176,100076,176,100005,176,100095,176,99980,176,100100,100,99974,100,100137,100,99953,100,100163,100,99927,100,100173,100,99896,100,100179,100,99868,100
2019-06-28 09:42:15.784483589,100042,276,100032,176,100058,276,100031,80,100072,176,100021,176,100076,176,100005,176,100095,176,99980,176,100100,100,99974,100,100137,100,99953,100,100163,100,99927,100,100173,100,99896,100,100179,100,99868,100
2019-06-28 09:42:20.000000000,100042,296,100032,196,100058,296,100031,100,100072,196,100021,196,100076,196,100005,196,100095,100,99980,100,100100,100,99974,100,100137,100,99953,100,100163,100,99927,100,100173,100,99896,100,100179,100,99868,100
2019-06-28 09:42:29.439344934,100042,296,100032,196,100058,296,100031,100,100072,196,100021,196,100076,196,100005,196,100095,100,99974,100,100100,100,99953,100,100137,100,99927,100,100163,100,99896,100,100173,100,99868,100,100179,100,99820,100
2019-06-28 09:42:30.000000000,100042,391,100032,291,100058,391,100031,195,100072,100,100021,100,100076,100,100005,100,100095,100,99974,100,100100,100,99953,100,100137,100,99927,100,100163,100,99896,100,100173,100,99868,100,100179,100,99820,100
2019-06-28 09:42:30.894246078,100042,391,100032,291,100058,391,100031,195,100072,100,100021,100,100076,100,100005,100,100095,100,99974,100,100100,100,99953,100,100137,100,99927,100,100163,100,99896,100,100173,100,99868,100,100179,100,99820,100
2019-06-28 09:42:40.000000000,100042,582,100032,482,100058,200,100031,4,100072,100,100021,100,100076,100,100005,100,100095,100,99974,100,100100,100,99953,100,100137,100,99927,100,100163,100,99896,100,100173,100,99868,100,100179,100,99820,100
2019-06-28 09:42:50.000000000,100042,296,100032,196,100058,296,100031,100,100072,196,100021,196,100076,196,100005,196,100095,100,99974,100,100100,100,99953,100,100137,100,99927,100,100163,100,99896,100,100173,100,99868,100,100179,100,99820,100
2019-06-28 09:43:00.000000000,100042,582,100032,482,100058,200,100031,4,100072,100,100021,100,100076,100,100005,100,100095,100,99974,100,100100,100,99953,100,100137,100,99927,100,100163,100,99896,100,100173,100,99868,100,100179,100,99820,100
2019-06-28 09:43:10.000000000,100042,330,100032,230,100058,326,100031,130,100072,226,100021,226,100076,100,100005,100,100095,100,99974,100,100100,100,99953,100,100137,100,99927,100,100163,100,99896,100,100173,100,99868,100,100179,100,99820,100
2019-06-28 09:43:20.000000000,100042,296,100032,196,100058,296,100031,100,100072,196,100021,196,100076,196,100005,196,100095,100,99974,100,100100,100,99953,100,100137,100,99927,100,100163,100,99896,100,100173,100,99868,100,100179,100,99820,100
2019-06-28 09:43:30.000000000,100042,391,100032,291,100058,391,100031,195,100072,100,100021,100,100076,100,100005,100,100095,100,99974,100,100100,100,99953,100,100137,100,99927,100,100163,100,99896,100,100173,100,99868,100,100179,100,99820,100
2019-06-28 09:43:40.000000000,100042,296,100032,196,100058,296,100031,100,100072,196,100021,196,100076,196,100005,196,100095,100,99974,100,100100,100,99953,100,100137,100,99927,100,100163,100,99896,100,100173,100,99868,100,100179,100,99820,100
2019-06-28 09:43:43.370211430,100042,296,100032,96,100058,296,100031,100,100072,196,100021,196,100076,196,100005,196,100095,100,99974,100,100100,100,99953,100,100137,100,99927,100,100163,100,99896,100,100173,100,99868,100,100179,100,99820,100
2019-06-28 09:43:50.000000000,100042,582,100031,386,100058,200,100021,100,100072,100,100005,100,100076,100,99974,100,100095,100,99953,100,100100,100,99927,100,100137,100,99896,100,100163,100,99868,100,100173,100,99820,100,100179,100,99780,100
2019-06-28 09:43:54.608106652,100042,582,100031,386,100058,200,100021,100,100072,100,100005,100,100076,100,99974,100,100095,100,99953,100,100100,100,99927,100,100137,100,99896,100,100163,100,99868,100,100173,100,99820,100,100179,100,99780,100
2019-06-28 09:44:00.000000000,100042,276,100031,80,100058,276,100021,176,100072,176,100005,176,100076,176,99974,176,100095,176,99953,176,100100,100,99927,100,100137,100,99896,100,100163,100,99868,100,100173,100,99820,100,100179,100,99780,100
2019-06-28 09:44:02.104733822,100042,176,100031,80,100058,276,100021,176,100072,176,100005,176,100076,176,99974,176,100095,176,99953,176,100100,100,99927,100,100137,100,99896,100,100163,100,99868,100,100173,100,99820,100,100179,100,99780,100
2019-06-28 09:44:08.317690579,100031,20,100021,176,100042,176,100005,176,100058,276,99974,176,100072,176,99953,176,100076,176,99927,100,100095,176,99896,100,100100,100,99868,100,100137,100,99820,100,100163,100,99780,100,100173,100,99769,100
2019-06-28 09:44:10.000000000,100031,150,100021,230,100042,226,100005,226,100058,326,99974,226,100072,100,99953,100,100076,100,99927,100,100095,100,99896,100,100100,100,99868,100,100137,100,99820,100,100163,100,99780,100,100173,100,99769,100
2019-06-28 09:44:20.000000000,100031,116,100021,196,100042,196,100005,196,100058,296,99974,196,100072,196,99953,196,100076,100,99927,100,100095,100,99896,100,100100,100,99868,100,100137,100,99820,100,100163,100,99780,100,100173,100,99769,100
2019-06-28 09:44:20.120785898,100031,116,100021,196,100042,196,100005,196,100058,296,99974,196,100072,196,99953,196,100076,100,99927,100,100095,100,99896,100,100100,100,99868,100,100137,100,99820,100,100163,100,99769,100,100173,100,99674,100
2019-06-28 09:44:30.000000000,100031,116,100021,196,100042,196,100005,196,100058,296,99974,196,100072,196,99953,196,100076,100,99927,100,100095,100,99896,100,100100,100,99868,100,100137,100,99820,100,100163,100,99769,100,100173,100,99674,100
2019-06-28 09:44:40.000000000,100031,96,100021,176,100042,176,100005,176,100058,276,99974,176,100072,176,99953,176,100076,176,99927,176,100095,100,99896,100,100100,100,99868,100,100137,100,99820,100,100163,100,99769,100,100173,100,99674,100
2019-06-28 09:44:50.000000000,100031,211,100021,291,100042,291,100005,291,100058,200,99974,100,100072,100,99953,100,100076,100,99927,100,100095,100,99896,100,100100,100,99868,100,100137,100,99820,100,100163,100,99769,100,100173,100,99674,100
2019-06-28 09:44:53.296130552,100031,211,100021,291,100032,100,100005,291,100042,291,99974,100,100058,200,99953,100,100072,100,99927,100,100076,100,99896,100,100095,100,99868,100,100100,100,99820,100,100137,100,99769,100,100163,100,99674,100
2019-06-28 09:45:00.000000000,100031,116,100021,196,100032,196,100005,196,100042,196,99974,196,100058,296,99953,196,100072,100,99927,100,100076,100,99896,100,100095,100,99868,100,100100,100,99820,100,100137,100,99769,100,100163,100,99674,100
2019-06-28 09:45:00.180657703,100031,116,100021,196,100032,196,100005,196,100042,196,99974,196,100058,296,99953,196,100072,100,99927,100,100076,100,99896,100,100095,100,99868,100,100100,100,99820,100,100137,100,99769,100,100163,100,99674,100
2019-06-28 09:45:10.000000000,100031,96,100021,176,100032,176,100005,176,100042,176,99974,176,100058,276,99953,176,100072,176,99927,176,100076,100,99896,100,100095,100,99868,100,100100,100,99820,100,100137,100,99769,100,100163,100,99674,100
2019-06-28 09:45:20.000000000,100031,402,100021,482,100032,100,100005,100,100042,100,99974,100,100058,200,99953,100,100072,100,99927,100,100076,100,99896,100,100095,100,99868,100,100100,100,99820,100,100137,100,99769,100,100163,100,99674,100
2019-06-28 09:45:24.571530537,100031,402,100021,482,100032,100,100005,100,100042,100,99974,100,100058,200,99953,100,100072,100,99927,100,100076,100,99896,100,100095,100,99868,100,100100,100,99820,100,100137,100,99769,100,100163,100,99674,100
2019-06-28 09:45:30.000000000,100031,96,100021,176,100032,176,100005,176,100042,176,99974,176,100058,276,99953,176,100072,176,99927,176,100076,100,99896,100,100095,100,99868,100,100100,100,99820,100,100137,100,99769,100,100163,100,99674,100
2019-06-28 09:45:40.000000000,100031,96,100021,176,100032,176,100005,176,100042,176,99974,176,100058,276,99953,176,100072,176,99927,176,100076,100,99896,100,100095,100,99868,100,100100,100,99820,100,100137,100,99769,100,100163,100,99674,100
2019-06-28 09:45:46.981912544,100031,96,100021,176,100032,276,100005,176,100042,176,99974,176,100058,276,99953,176,100072,176,99927,176,100076,100,99896,100,100095,100,99868,100,100100,100,99820,100,100137,100,99769,100,100163,100,99674,100
2019-06-28 09:45:48.226872897,100031,96,100021,176,100032,276,100005,176,100042,176,99974,176,100058,276,99953,176,100072,176,99927,176,100076,100,99896,100,100095,100,99868,100,100100,100,99820,100,100137,100,99769,100,100163,100,99674,100
2019-06-28 09:45:50.000000000,100031,96,100021,176,100032,276,100005,176,100042,176,99974,176,100058,276,99953,176,100072,176,99927,176,100076,100,99896,100,100095,100,99868,100,100100,100,99820,100,100137,100,99769,100,100163,100,99674,100
2019-06-28 09:46:00.000000000,100031,211,100021,291,100032,391,100005,291,100042,100,99974,100,100058,200,99953,100,100072,100,99927,100,100076,100,99896,100,100095,100,99868,100,100100,100,99820,100,100137,100,99769,100,100163,100,99674,100
2019-06-28 09:46:10.000000000,100031,116,100021,196,100032,296,100005,196,100042,196,99974,196,100058,296,99953,196,100072,100,99927,100,100076,100,99896,100,100095,100,99868,100,100100,100,99820,100,100137,100,99769,100,100163,100,99674,100
2019-06-28 09:46:20.000000000,100031,211,100021,291,100032,391,100005,291,100042,100,99974,100,100058,200,99953,100,100072,100,99927,100,100076,100,99896,100,100095,100,99868,100,100100,100,99820,100,100137,100,99769,100,100163,100,99674,100
2019-06-28 09:46:30.000000000,100031,116,100021,196,100032,296,100005,196,100042,196,99974,196,100058,296,99953,196,100072,100,99927,100,100076,100,99896,100,100095,100,99868,100,100100,100,99820,100,100137,100,99769,100,100163,100,99674,100
2019-06-28 09:46:40.000000000,100031,150,100021,230,100032,326,100005,226,100042,226,99974,226,100058,200,99953,100,100072,100,99927,100,100076,100,99896,100,100095,100,99868,100,100100,100,99820,100,100137,100,99769,100,100163,100,99674,100
2019-06-28 09:46:43.659222610,100031,150,100021,230,100032,426,100005,226,100042,226,99974,226,100058,200,99953,100,100072,100,99927,100,100076,100,99896,100,100095,100,99868,100,100100,100,99820,100,100137,100,99769,100,100163,100,99674,100
2019-06-28 09:46:50.000000000,100031,402,100021,482,100032,300,100005,100,100042,100,99974,100,100058,200,99953,100,100072,100,99927,100,100076,100,99896,100,100095,100,99868,100,100100,100,99820,100,100137,100,99769,100,100163,100,99674,100
2019-06-28 09:47:00.000000000,100031,116,100021,196,100032,396,100005,196,100042,196,99974,196,100058,296,99953,196,100072,100,99927,100,100076,100,99896,100,100095,100,99868,100,100100,100,99820,100,100137,100,99769,100,100163,100,99674,100
2019-06-28 09:47:10.000000000,100031,402,100021,482,100032,300,100005,100,100042,100,99974,100,100058,200,99953,100,100072,100,99927,100,100076,100,99896,100,100095,100,99868,100,100100,100,99820,100,100137,100,99769,100,100163,100,99674,100
2019-06-28 09:47:20.000000000,100031,96,100021,176,100032,376,100005,176,100042,176,99974,176,100058,276,99953,176,100072,176,99927,176,100076,100,99896,100,100095,100,99868,100,100100,100,99820,100,100137,100,99769,100,100163,100,99674,100
2019-06-28 09:47:30.000000000,100031,402,100021,482,100032,300,100005,100,100042,100,99974,100,100058,200,99953,100,100072,100,99927,100,100076,100,99896,100,100095,100,99868,100,100100,100,99820,100,100137,100,99769,100,100163,100,99674,100
2019-06-28 09:47:40.000000000,100031,116,100021,196,100032,396,100005,196,100042,196,99974,196,100058,296,99953,196,100072,100,99927,100,100076,100,99896,100,100095,100,99868,100,100100,100,99820,100,100137,100,99769,100,100163,100,99674,100
2019-06-28 09:47:47.553989788,100031,116,100021,196,100032,396,100005,196,100042,196,99974,196,100058,296,99953,196,100072,100,99927,100,100076,100,99896,100,100095,100,99868,100,100100,100,99820,100,100137,100,99769,100,100163,100,99674,100
2019-06-28 09:47:50.000000000,100031,150,100021,230,100032,426,100005,226,100042,226,99974,226,100058,200,99953,100,100072,100,99927,100,100076,100,99896,100,100095,100,99868,100,100100,100,99820,100,100137,100,99769,100,100163,100,99674,100
2019-06-28 09:47:56.979772861,100031,150,100021,230,100032,426,100005,226,100042,226,99974,226,100058,200,99953,100,100072,100,99927,100,100076,100,99896,100,100095,100,99868,100,100100,100,99820,100,100137,100,99769,100,100163,100,99674,100
2019-06-28 09:48:00.000000000,100031,96,100021,176,100032,376,100005,176,100042,176,99974,176,100058,276,99953,176,100072,176,99927,176,100076,100,99896,100,100095,100,99868,100,100100,100,99820,100,100137,100,99769,100,100163,100,99674,100
2019-06-28 09:48:01.431746641,100031,96,100021,176,100032,476,100005,176,100042,176,99974,176,100058,276,99953,176,100072,176,99927,176,100076,100,99896,100,100095,100,99868,100,100100,100,99820,100,100137,100,99769,100,100163,100,99674,100
2019-06-28 09:48:10.000000000,100031,211,100021,291,100032,591,100005,291,100042,100,99974,100,100058,200,99953,100,100072,100,99927,100,100076,100,99896,100,100095,100,99868,100,100100,100,99820,100,100137,100,99769,100,100163,100,99674,100
2019-06-28 09:48:20.000000000,100031,211,100021,291,100032,591,100005,291,100042,100,99974,100,100058,200,99953,100,100072,100,99927,100,100076,100,99896,100,100095,100,99868,100,100100,100,99820,100,100137,100,99769,100,100163,100,99674,100
2019-06-28 09:48:30.000000000,100031,150,100021,230,100032,526,100005,226,100042,226,99974,226,100058,200,99953,100,100072,100,99927,100,100076,100,99896,100,100095,100,99868,100,100100,100,99820,100,100137,100,99769,100,100163,100,99674,100
2019-06-28 09:48:40.000000000,100031,96,100021,176,100032,476,100005,176,100042,176,99974,176,100058,276,99953,176,100072,176,99927,176,100076,100,99896,100,100095,100,99868,100,100100,100,99820,100,100137,100,99769,100,100163,100,99674,100
2019-06-28 09:48:42.496267707,100031,96,100021,176,100032,476,100005,176,100042,176,99974,176,100058,276,99953,176,100072,176,99927,176,100076,100,99896,100,100095,100,99868,100,100100,100,99820,100,100137,100,99769,100,100163,100,99674,100
2019-06-28 09:48:50.000000000,100031,211,100021,291,100032,591,100005,291,100042,100,99974,100,100058,200,99953,100,100072,100,99927,100,100076,100,99896,100,100095,100,99868,100,100100,100,99820,100,100137,100,99769,100,100163,100,99674,100
2019-06-28 09:48:55.613646733,100031,211,100021,191,100032,591,100005,291,100042,100,99974,100,100058,200,99953,100,100072,100,99927,100,100076,100,99896,100,100095,100,99868,100,100100,100,99820,100,100137,100,99769,100,100163,100,99674,100
2019-06-28 09:49:00.000000000,100031,116,100005,196,100032,496,99974,196,100042,196,99953,196,100058,296,99927,196,100072,100,99896,100,100076,100,99868,100,100095,100,99820,100,100100,100,99769,100,100137,100,99674,100,100163,100,99489,100
2019-06-28 09:49:10.000000000,100031,116,100005,196,100032,496,99974,196,100042,196,99953,196,100058,296,99927,196,100072,100,99896,100,100076,100,99868,100,100095,100,99820,100,100100,100,99769,100,100137,100,99674,100,100163,100,99489,100
2019-06-28 09:49:15.991628313,100031,116,100005,96,100032,496,99974,196,100042,196,99953,196,100058,296,99927,196,100072,100,99896,100,100076,100,99868,100,100095,100,99820,100,100100,100,99769,100,100137,100,99674,100,100163,100,99489,100
2019-06-28 09:49:20.000000000,100031,150,99974,230,100032,526,99953,226,100042,226,99927,226,100058,200,99896,100,100072,100,99868,100,100076,100,99820,100,100095,100,99769,100,100100,100,99674,100,100137,100,99489,100,100163,100,99347,100
2019-06-28 09:49:30.000000000,100031,402,99974,482,100032,400,99953,100,100042,100,99927,100,100058,200,99896,100,100072,100,99868,100,100076,100,99820,100,100095,100,99769,100,100100,100,99674,100,100137,100,99489,100,100163,100,99347,100
2019-06-28 09:49:40.000000000,100031,96,99974,176,100032,476,99953,176,100042,176,99927,176,100058,276,99896,176,100072,176,99868,176,100076,100,99820,100,100095,100,99769,100,100100,100,99674,100,100137,100,99489,100,100163,100,99347,100
2019-06-28 09:49:45.050577211,100031,96,99974,76,100032,476,99953,176,100042,176,99927,176,100058,276,99896,176,100072,176,99868,176,100076,100,99820,100,100095,100,99769,100,100100,100,99674,100,100137,100,99489,100,100173,100,99347,100
2019-06-28 09:49:50.000000000,100031,402,99953,482,100032,400,99927,100,100042,100,99896,100,100058,200,99868,100,100072,100,99820,100,100076,100,99769,100,100095,100,99674,100,100100,100,99489,100,100137,100,99347,100,100173,100,99273,100
2019-06-28 09:50:00.000000000,100031,116,99953,196,100032,496,99927,196,100042,196,99896,196,100058,296,99868,196,100072,100,99820,100,100076,100,99769,100,100095,100,99674,100,100100,100,99489,100,100137,100,99347,100,100173,100,99273,100
2019-06-28 09:50:04.916111474,100005,100,99953,196,100031,116,99927,196,100032,396,99896,196,100042,196,99868,196,100058,296,99820,100,100072,100,99769,100,100076,100,99674,100,100095,100,99489,100,100100,100,99347,100,100137,100,99273,100
2019-06-28 09:50:10.000000000,100005,176,99953,176,100031,96,99927,176,100032,376,99896,176,100042,176,99868,176,100058,276,99820,176,100072,100,99769,100,100076,100,99674,100,100095,100,99489,100,100100,100,99347,100,100137,100,99273,100
2019-06-28 09:50:20.000000000,100005,196,99953,196,100031,116,99927,196,100032,396,99896,196,100042,196,99868,196,100058,200,99820,100,100072,100,99769,100,100076,100,99674,100,100095,100,99489,100,100100,100,99347,100,100137,100,99273,100
2019-06-28 09:50:30.000000000,100005,230,99953,230,100031,146,99927,226,100032,426,99896,226,100042,100,99868,100,100058,200,99820,100,100072,100,99769,100,100076,100,99674,100,100095,100,99489,100,100100,100,99347,100,100137,100,99273,100
2019-06-28 09:50:40.000000000,100005,196,99953,196,100031,116,99927,196,100032,396,99896,196,100042,196,99868,196,100058,200,99820,100,100072,100,99769,100,100076,100,99674,100,100095,100,99489,100,100100,100,99347,100,100137,100,99273,100
2019-06-28 09:50:50.000000000,100005,176,99953,176,100031,96,99927,176,100032,376,99896,176,100042,176,99868,176,100058,276,99820,176,100072,100,99769,100,100076,100,99674,100,100095,100,99489,100,100100,100,99347,100,100137,100,99273,100
2019-06-28 09:51:00.000000000,100005,230,99953,230,100031,146,99927,226,100032,426,99896,226,100042,100,99868,100,100058,200,99820,100,100072,100,99769,100,100076,100,99674,100,100095,100,99489,100,100100,100,99347,100,100137,100,99273,100
2019-06-28 09:51:10.000000000,100005,230,99953,230,100031,146,99927,226,100032,426,99896,226,100042,100,99868,100,100058,200,99820,100,100072,100,99769,100,100076,100,99674,100,100095,100,99489,100,100100,100,99347,100,100137,100,99273,100
2019-06-28 09:51:18.098547159,100005,230,99953,130,100031,146,99927,226,100032,426,99896,226,100042,100,99868,100,100058,200,99820,100,100072,100,99769,100,100095,100,99674,100,100100,100,99489,100,100137,100,99347,100,100173,100,99273,100
2019-06-28 09:51:19.988172962,100005,230,99953,30,100031,146,99927,226,100032,426,99896,226,100042,100,99868,100,100058,200,99820,100,100072,100,99769,100,100095,100,99674,100,100100,100,99489,100,100137,100,99347,100,100173,100,99273,100
2019-06-28 09:51:20.000000000,100005,230,99927,230,100031,146,99896,226,100032,426,99868,226,100042,100,99820,100,100058,200,99769,100,100072,100,99674,100,100095,100,99489,100,100100,100,99347,100,100137,100,99273,100,100173,100,99256,100
2019-06-28 09:51:30.000000000,100005,196,99927,196,100031,116,99896,196,100032,396,99868,196,100042,196,99820,196,100058,200,99769,100,100072,100,99674,100,100095,100,99489,100,100100,100,99347,100,100137,100,99273,100,100173,100,99256,100
2019-06-28 09:51:37.506600508,100005,196,99927,196,100031,116,99896,196,100032,396,99868,196,100042,96,99820,196,100058,200,99769,100,100072,100,99674,100,100095,100,99489,100,100100,100,99347,100,100137,100,99273,100,100173,100,99256,100
2019-06-28 09:51:40.000000000,100005,230,99927,230,100031,146,99896,226,100032,426,99868,226,100058,200,99820,100,100072,100,99769,100,100095,100,99674,100,100100,100,99489,100,100137,100,99347,100,100173,100,99273,100,100179,100,99256,100
2019-06-28 09:51:47.987664481,100005,230,99968,100,100031,146,99927,230,100032,426,99896,226,100058,200,99868,226,100072,100,99820,100,100095,100,99769,100,100100,100,99674,100,100137,100,99489,100,100173,100,99347,100,100179,100,99273,100
2019-06-28 09:51:50.000000000,100005,230,99968,230,100031,146,99927,226,100032,426,99896,226,100058,200,99868,100,100072,100,99820,100,100095,100,99769,100,100100,100,99674,100,100137,100,99489,100,100173,100,99347,100,100179,100,99273,100
2019-06-28 09:52:00.000000000,100005,482,99968,482,100031,20,99927,100,100032,300,99896,100,100058,200,99868,100,100072,100,99820,100,100095,100,99769,100,100100,100,99674,100,100137,100,99489,100,100173,100,99347,100,100179,100,99273,100
2019-06-28 09:52:10.000000000,100005,291,99968,291,100031,211,99927,291,100032,300,99896,100,100058,200,99868,100,100072,100,99820,100,100095,100,99769,100,100100,100,99674,100,100137,100,99489,100,100173,100,99347,100,100179,100,99273,100
2019-06-28 09:52:17.784429454,99989,100,99968,291,100005,291,99927,291,100031,191,99896,100,100032,300,99868,100,100058,200,99820,100,100072,100,99769,100,100095,100,99674,100,100100,100,99489,100,100137,100,99347,100,100173,100,99273,100
2019-06-28 09:52:20.000000000,99989,176,99968,176,100005,176,99927,176,100032,376,99896,176,100058,276,99868,176,100072,176,99820,176,100095,100,99769,100,100100,100,99674,100,100137,100,99489,100,100173,100,99347,100,100179,100,99273,100
2019-06-28 09:52:30.000000000,99989,196,99968,196,100005,196,99927,196,100032,396,99896,196,100058,296,99868,196,100072,100,99820,100,100095,100,99769,100,100100,100,99674,100,100137,100,99489,100,100173,100,99347,100,100179,100,99273,100
2019-06-28 09:52:32.087119906,99989,96,99968,196,100005,196,99927,196,100032,396,99896,196,100058,296,99868,196,100072,100,99820,100,100095,100,99769,100,100100,100,99674,100,100137,100,99489,100,100173,100,99347,100,100224,100,99273,100
2019-06-28 09:52:40.000000000,100005,176,99968,176,100032,376,99927,176,100058,276,99896,176,100072,176,99868,176,100095,176,99820,176,100100,100,99769,100,100137,100,99674,100,100173,100,99489,100,100224,100,99347,100,100423,100,99273,100
2019-06-28 09:52:50.000000000,100005,230,99968,230,100032,426,99927,226,100058,326,99896,226,100072,100,99868,100,100095,100,99820,100,100100,100,99769,100,100137,100,99674,100,100173,100,99489,100,100224,100,99347,100,100423,100,99273,100
2019-06-28 09:52:52.298716371,100005,230,99968,230,100032,426,99927,226,100058,326,99896,226,100072,100,99868,100,100095,100,99820,100,100100,100,99769,100,100137,100,99674,100,100173,100,99489,100,100224,100,99347,100,100322,100,99273,100
2019-06-28 09:52:53.146874467,100005,230,99968,230,100032,326,99927,226,100058,326,99896,226,100072,100,99868,100,100095,100,99820,100,100100,100,99769,100,100137,100,99674,100,100173,100,99489,100,100224,100,99347,100,100322,100,99273,100
2019-06-28 09:53:00.000000000,100005,291,99968,291,100032,391,99927,291,100058,200,99896,100,100072,100,99868,100,100095,100,99820,100,100100,100,99769,100,100137,100,99674,100,100173,100,99489,100,100224,100,99347,100,100322,100,99273,100
2019-06-28 09:53:10.000000000,100005,176,99968,176,100032,276,99927,176,100058,276,99896,176,100072,176,99868,176,100095,176,99820,176,100100,100,99769,100,100137,100,99674,100,100173,100,99489,100,100224,100,99347,100,100322,100,99273,100
2019-06-28 09:53:10.760549644,100005,176,99968,176,100032,276,99927,176,100058,276,99896,176,100072,176,99868,176,100095,176,99820,176,100100,100,99769,100,100137,100,99674,100,100173,100,99489,100,100224,100,99347,100,100322,100,99273,100
2019-06-28 09:53:15.692633065,100005,176,99969,100,100032,276,99968,176,100058,176,99927,176,100072,176,99896,176,100095,176,99868,176,100100,100,99820,176,100137,100,99769,100,100173,100,99674,100,100224,100,99489,100,100322,100,99347,100
2019-06-28 09:53:20.000000000,100005,482,99969,482,100032,200,99968,100,100058,100,99927,100,100072,100,99896,100,100095,100,99868,100,100100,100,99820,100,100137,100,99769,100,100173,100,99674,100,100224,100,99489,100,100322,100,99347,100
2019-06-28 09:53:30.000000000,100005,196,99969,196,100032,296,99968,196,100058,196,99927,196,100072,196,99896,196,100095,100,99868,100,100100,100,99820,100,100137,100,99769,100,100173,100,99674,100,100224,100,99489,100,100322,100,99347,100
2019-06-28 09:53:40.000000000,100005,230,99969,230,100032,326,99968,226,100058,226,99927,226,100072,100,99896,100,100095,100,99868,100,100100,100,99820,100,100137,100,99769,100,100173,100,99674,100,100224,100,99489,100,100322,100,99347,100
2019-06-28 09:53:50.000000000,100005,230,99969,230,100032,326,99968,226,100058,226,99927,226,100072,100,99896,100,100095,100,99868,100,100100,100,99820,100,100137,100,99769,100,100173,100,99674,100,100224,100,99489,100,100322,100,99347,100
2019-06-28 09:53:54.830565129,100005,130,99969,230,100032,326,99968,226,100058,226,99927,226,100072,100,99868,100,100095,100,99820,100,100100,100,99769,100,100137,100,99674,100,100173,100,99489,100,100224,100,99347,100,100322,100,99273,100
2019-06-28 09:54:00.000000000,100032,296,99969,196,100058,196,99968,196,100072,196,99927,196,100095,196,99868,196,100100,100,99820,100,100137,100,99769,100,100173,100,99674,100,100224,100,99489,100,100322,100,99347,100,100423,100,99273,100
2019-06-28 09:54:01.936897465,100032,296,99969,196,100058,196,99968,196,100072,196,99927,196,100095,196,99868,196,100100,100,99820,100,100137,100,99769,100,100173,100,99674,100,100224,100,99489,100,100322,100,99347,100,100423,100,99273,100
2019-06-28 09:54:10.000000000,100032,296,99969,196,100058,196,99968,196,100072,196,99927,196,100095,196,99868,196,100100,100,99820,100,100137,100,99769,100,100173,100,99674,100,100224,100,99489,100,100322,100,99347,100,100423,100,99273,100
2019-06-28 09:54:20.000000000,100032,582,99969,482,100058,100,99968,100,100072,100,99927,100,100095,100,99868,100,100100,100,99820,100,100137,100,99769,100,100173,100,99674,100,100224,100,99489,100,100322,100,99347,100,100423,100,99273,100
2019-06-28 09:54:26.470397631,100032,582,99969,482,100058,100,99968,100,100072,100,99868,100,100095,100,99820,100,100100,100,99769,100,100137,100,99674,100,100173,100,99489,100,100224,100,99347,100,100322,100,99273,100,100423,100,99256,100
2019-06-28 09:54:30.000000000,100032,391,99969,291,100058,291,99968,291,100072,100,99868,100,100095,100,99820,100,100100,100,99769,100,100137,100,99674,100,100173,100,99489,100,100224,100,99347,100,100322,100,99273,100,100423,100,99256,100
2019-06-28 09:54:40.000000000,100032,296,99969,196,100058,196,99968,196,100072,196,99868,196,100095,196,99820,196,100100,100,99769,100,100137,100,99674,100,100173,100,99489,100,100224,100,99347,100,100322,100,99273,100,100423,100,99256,100
2019-06-28 09:54:50.000000000,100032,330,99969,230,100058,226,99968,226,100072,226,99868,226,100095,100,99820,100,100100,100,99769,100,100137,100,99674,100,100173,100,99489,100,100224,100,99347,100,100322,100,99273,100,100423,100,99256,100
2019-06-28 09:55:00.000000000,100032,330,99969,230,100058,226,99968,226,100072,226,99868,226,100095,100,99820,100,100100,100,99769,100,100137,100,99674,100,100173,100,99489,100,100224,100,99347,100,100322,100,99273,100,100423,100,99256,100
2019-06-28 09:55:05.434571464,100032,330,99969,230,100058,126,99968,226,100072,226,99868,226,100095,100,99820,100,100100,100,99769,100,100137,100,99674,100,100173,100,99489,100,100224,100,99347,100,100322,100,99273,100,100423,100,99256,100
2019-06-28 09:55:06.987705518,100032,230,99969,230,100058,126,99968,226,100072,226,99868,226,100095,100,99820,100,100100,100,99769,100,100137,100,99674,100,100173,100,99489,100,100224,100,99347,100,100322,100,99273,100,100423,100,99256,100
2019-06-28 09:55:10.000000000,100032,196,99969,196,100072,196,99968,196,100095,196,99868,196,100100,196,99820,196,100137,100,99769,100,100173,100,99674,100,100224,100,99489,100,100322,100,99347,100,100423,100,99273,100,100425,100,99256,100
2019-06-28 09:55:20.000000000,100032,482,99969,482,100072,100,99968,100,100095,100,99868,100,100100,100,99820,100,100137,100,99769,100,100173,100,99674,100,100224,100,99489,100,100322,100,99347,100,100423,100,99273,100,100425,100,99256,100
2019-06-28 09:55:30.000000000,100032,291,99969,291,100072,291,99968,291,100095,100,99868,100,100100,100,99820,100,100137,100,99769,100,100173,100,99674,100,100224,100,99489,100,100322,100,99347,100,100423,100,99273,100,100425,100,99256,100
2019-06-28 09:55:39.060880614,100032,291,99969,291,100072,291,99968,291,100095,100,99868,100,100100,100,99820,100,100137,100,99769,100,100173,100,99674,100,100224,100,99489,100,100322,100,99347,100,100423,100,99273,100,100425,100,99256,100
2019-06-28 09:55:40.000000000,100032,291,99969,291,100072,291,99968,291,100095,100,99868,100,100100,100,99820,100,100137,100,99769,100,100173,100,99674,100,100224,100,99489,100,100322,100,99347,100,100423,100,99273,100,100425,100,99256,100
2019-06-28 09:55:45.455923776,100032,291,99989,100,100072,291,99969,291,100095,100,99968,291,100100,100,99868,100,100137,100,99820,100,100173,100,99769,100,100224,100,99674,100,100322,100,99489,100,100423,100,99347,100,100425,100,99273,100
2019-06-28 09:55:49.682906117,100032,191,99989,100,100072,291,99969,291,100095,100,99968,291,100100,100,99868,100,100137,100,99820,100,100173,100,99769,100,100224,100,99674,100,100322,100,99489,100,100423,100,99347,100,100425,100,99273,100
2019-06-28 09:55:50.000000000,100072,291,99989,291,100095,291,99969,291,100100,100,99968,100,100137,100,99868,100,100173,100,99820,100,100224,100,99769,100,100322,100,99674,100,100423,100,99489,100,100425,100,99347,100,100599,100,99273,100
2019-06-28 09:56:00.000000000,100072,196,99989,196,100095,196,99969,196,100100,196,99968,196,100137,196,99868,196,100173,100,99820,100,100224,100,99769,100,100322,100,99674,100,100423,100,99489,100,100425,100,99347,100,100599,100,99273,100
2019-06-28 09:56:10.000000000,100072,291,99989,291,100095,291,99969,291,100100,100,99968,100,100137,100,99868,100,100173,100,99820,100,100224,100,99769,100,100322,100,99674,100,100423,100,99489,100,100425,100,99347,100,100599,100,99273,100
2019-06-28 09:56:16.287451788,100072,191,99989,291,100095,291,99969,291,100100,100,99968,100,100137,100,99868,100,100173,100,99820,100,100224,100,99769,100,100322,100,99674,100,100423,100,99489,100,100425,100,99347,100,100599,100,99273,100
2019-06-28 09:56:20.000000000,100095,176,99989,176,100100,176,99969,176,100137,176,99968,176,100173,176,99868,176,100224,176,99820,176,100322,100,99769,100,100423,100,99674,100,100425,100,99489,100,100599,100,99347,100,100804,100,99273,100
2019-06-28 09:56:30.000000000,100095,196,99989,196,100100,196,99969,196,100137,196,99968,196,100173,196,99868,196,100224,100,99820,100,100322,100,99769,100,100423,100,99674,100,100425,100,99489,100,100599,100,99347,100,100804,100,99273,100
2019-06-28 09:56:40.000000000,100095,291,99989,291,100100,291,99969,291,100137,100,99968,100,100173,100,99868,100,100224,100,99820,100,100322,100,99769,100,100423,100,99674,100,100425,100,99489,100,100599,100,99347,100,100804,100,99273,100
2019-06-28 09:56:48.456320152,100095,191,99989,291,100100,291,99969,291,100137,100,99968,100,100173,100,99868,100,100224,100,99820,100,100322,100,99769,100,100423,100,99674,100,100425,100,99489,100,100599,100,99347,100,100804,100,99273,100
2019-06-28 09:56:50.000000000,100100,291,99989,291,100137,291,99969,291,100173,100,99968,100,100224,100,99868,100,100322,100,99820,100,100423,100,99769,100,100425,100,99674,100,100599,100,99489,100,100804,100,99347,100,101088,100,99273,100
2019-06-28 09:56:53.458931079,100100,291,100072,100,100137,291,99989,291,100173,100,99969,291,100224,100,99968,100,100322,100,99868,100,100423,100,99820,100,100425,100,99769,100,100599,100,99674,100,100804,100,99489,100,101088,100,99347,100
2019-06-28 09:57:00.000000000,100100,291,100072,291,100137,291,99989,291,100173,100,99969,100,100224,100,99968,100,100322,100,99868,100,100423,100,99820,100,100425,100,99769,100,100599,100,99674,100,100804,100,99489,100,101088,100,99347,100
2019-06-28 09:57:01.717491499,100100,291,100072,291,100137,291,99989,291,100173,100,99969,100,100224,100,99968,100,100322,100,99868,100,100423,100,99820,100,100425,100,99769,100,100599,100,99674,100,100620,100,99489,100,100804,100,99347,100
2019-06-28 09:57:05.758978420,100100,291,100072,291,100137,291,99989,291,100173,100,99969,100,100224,100,99968,100,100322,100,99868,100,100423,100,99820,100,100425,100,99769,100,100443,100,99674,100,100599,100,99489,100,100620,100,99347,100
2019-06-28 09:57:10.000000000,100100,176,100072,176,100137,176,99989,176,100173,176,99969,176,100224,176,99968,176,100322,176,99868,176,100423,100,99820,100,100425,100,99769,100,100443,100,99674,100,100599,100,99489,100,100620,100,99347,100
2019-06-28 09:57:20.000000000,100100,196,100072,196,100137,196,99989,196,100173,196,99969,196,100224,196,99968,196,100322,100,99868,100,100423,100,99820,100,100425,100,99769,100,100443,100,99674,100,100599,100,99489,100,100620,100,99347,100
2019-06-28 09:57:20.776732242,100100,196,100072,196,100137,196,99989,196,100173,196,99969,196,100224,196,99968,196,100322,100,99868,100,100423,100,99820,100,100425,100,99769,100,100443,100,99674,100,100599,100,99489,100,100620,100,99347,100
2019-06-28 09:57:27.312259421,100100,196,100072,196,100137,196,99989,196,100173,196,99969,196,100224,196,99968,196,100322,100,99868,100,100423,100,99820,100,100425,100,99769,100,100443,100,99674,100,100447,100,99489,100,100599,100,99347,100
2019-06-28 09:57:28.707059455,100100,196,100072,296,100137,196,99989,196,100173,196,99969,196,100224,196,99968,196,100322,100,99868,100,100423,100,99820,100,100425,100,99769,100,100443,100,99674,100,100447,100,99489,100,100599,100,99347,100
2019-06-28 09:57:30.000000000,100100,482,100072,582,100137,100,99989,100,100173,100,99969,100,100224,100,99968,100,100322,100,99868,100,100423,100,99820,100,100425,100,99769,100,100443,100,99674,100,100447,100,99489,100,100599,100,99347,100
2019-06-28 09:57:38.952678140,100100,482,100072,582,100137,100,99989,100,100173,100,99969,100,100224,100,99968,100,100322,100,99868,100,100369,100,99820,100,100423,100,99769,100,100425,100,99674,100,100443,100,99489,100,100447,100,99347,100
2019-06-28 09:57:40.000000000,100100,176,100072,276,100137,176,99989,176,100173,176,99969,176,100224,176,99968,176,100322,176,99868,176,100369,100,99820,100,100423,100,99769,100,100425,100,99674,100,100443,100,99489,100,100447,100,99347,100
2019-06-28 09:57:50.000000000,100100,176,100072,276,100137,176,99989,176,100173,176,99969,176,100224,176,99968,176,100322,176,99868,176,100369,100,99820,100,100423,100,99769,100,100425,100,99674,100,100443,100,99489,100,100447,100,99347,100
2019-06-28 09:58:00.000000000,100100,230,100072,330,100137,226,99989,226,100173,226,99969,226,100224,100,99968,100,100322,100,99868,100,100369,100,99820,100,100423,100,99769,100,100425,100,99674,100,100443,100,99489,100,100447,100,99347,100
2019-06-28 09:58:02.405864869,100100,230,100072,430,100137,226,99989,226,100173,226,99969,226,100224,100,99968,100,100322,100,99868,100,100369,100,99820,100,100423,100,99769,100,100425,100,99674,100,100443,100,99489,100,100447,100,99347,100
2019-06-28 09:58:10.000000000,100100,230,100072,430,100137,226,99989,226,100173,226,99969,226,100224,100,99968,100,100322,100,99868,100,100369,100,99820,100,100423,100,99769,100,100425,100,99674,100,100443,100,99489,100,100447,100,99347,100
2019-06-28 09:58:20.000000000,100100,196,100072,396,100137,196,99989,196,100173,196,99969,196,100224,196,99968,196,100322,100,99868,100,100369,100,99820,100,100423,100,99769,100,100425,100,99674,100,100443,100,99489,100,100447,100,99347,100
2019-06-28 09:58:30.000000000,100100,291,100072,491,100137,291,99989,291,100173,100,99969,100,100224,100,99968,100,100322,100,99868,100,100369,100,99820,100,100423,100,99769,100,100425,100,99674,100,100443,100,99489,100,100447,100,99347,100
2019-06-28 09:58:35.530013275,100100,191,100072,491,100137,291,99989,291,100173,100,99969,100,100224,100,99968,100,100322,100,99868,100,100369,100,99820,100,100423,100,99769,100,100425,100,99674,100,100443,100,99489,100,100447,100,99273,100
2019-06-28 09:58:35.645078785,100100,191,100095,100,100137,291,100072,491,100173,100,99989,291,100224,100,99969,100,100322,100,99968,100,100369,100,99868,100,100423,100,99820,100,100425,100,99769,100,100443,100,99674,100,100447,100,99489,100
2019-06-28 09:58:36.489359240,100100,91,100095,100,100137,291,100072,491,100173,100,99989,291,100224,100,99969,100,100322,100,99968,100,100369,100,99868,100,100423,100,99820,100,100425,100,99769,100,100443,100,99674,100,100447,100,99489,100
2019-06-28 09:58:40.000000000,100137,482,100095,482,100173,100,100072,300,100224,100,99989,100,100322,100,99969,100,100369,100,99968,100,100423,100,99868,100,100425,100,99820,100,100443,100,99769,100,100447,100,99674,100,100599,100,99489,100
2019-06-28 09:58:46.149542599,100137,482,100095,482,100173,100,100072,300,100224,100,99989,100,100322,100,99969,100,100369,100,99968,100,100423,100,99868,100,100425,100,99820,100,100443,100,99769,100,100447,100,99674,100,100599,100,99489,100
2019-06-28 09:58:50.000000000,100137,291,100095,291,100173,291,100072,491,100224,100,99989,100,100322,100,99969,100,100369,100,99968,100,100423,100,99868,100,100425,100,99820,100,100443,100,99769,100,100447,100,99674,100,100599,100,99489,100
2019-06-28 09:59:00.000000000,100137,176,100095,176,100173,176,100072,376,100224,176,99989,176,100322,176,99969,176,100369,176,99968,176,100423,100,99868,100,100425,100,99820,100,100443,100,99769,100,100447,100,99674,100,100599,100,99489,100
2019-06-28 09:59:07.047986035,100137,176,100095,176,100173,176,100072,376,100224,176,99989,176,100322,176,99969,176,100369,176,99968,176,100423,100,99868,100,100425,100,99820,100,100443,100,99769,100,100447,100,99674,100,100503,100,99489,100
2019-06-28 09:59:08.006540454,100137,176,100095,176,100173,176,100072,376,100224,176,99989,176,100322,176,99969,176,100369,176,99968,176,100423,100,99868,100,100425,100,99820,100,100443,100,99769,100,100447,100,99674,100,100474,100,99489,100
2019-06-28 09:59:10.000000000,100137,482,100095,482,100173,100,100072,300,100224,100,99989,100,100322,100,99969,100,100369,100,99968,100,100423,100,99868,100,100425,100,99820,100,100443,100,99769,100,100447,100,99674,100,100474,100,99489,100
2019-06-28 09:59:17.246524480,100137,382,100095,482,100173,100,100072,300,100224,100,99989,100,100322,100,99969,100,100369,100,99968,100,100423,100,99868,100,100425,100,99820,100,100443,100,99769,100,100447,100,99674,100,100474,100,99489,100
2019-06-28 09:59:20.000000000,100173,482,100095,482,100224,100,100072,300,100322,100,99989,100,100369,100,99969,100,100423,100,99968,100,100425,100,99868,100,100443,100,99820,100,100447,100,99769,100,100474,100,99674,100,100503,100,99489,100
2019-06-28 09:59:26.483876308,100173,482,100095,482,100224,100,100072,300,100322,100,99989,100,100369,100,99969,100,100423,100,99968,100,100425,100,99868,100,100443,100,99820,100,100447,100,99769,100,100474,100,99674,100,100482,100,99489,100
2019-06-28 09:59:30.000000000,100173,230,100095,230,100224,226,100072,426,100322,226,99989,226,100369,100,99969,100,100423,100,99968,100,100425,100,99868,100,100443,100,99820,100,100447,100,99769,100,100474,100,99674,100,100482,100,99489,100
2019-06-28 09:59:40.000000000,100173,230,100095,230,100224,226,100072,426,100322,226,99989,226,100369,100,99969,100,100423,100,99968,100,100425,100,99868,100,100443,100,99820,100,100447,100,99769,100,100474,100,99674,100,100482,100,99489,100
2019-06-28 09:59:50.000000000,100173,176,100095,176,100224,176,100072,376,100322,176,99989,176,100369,176,99969,176,100423,176,99968,176,100425,100,99868,100,100443,100,99820,100,100447,100,99769,100,100474,100,99674,100,100482,100,99489,100
2019-06-28 09:59:51.838637620,100173,76,100095,176,100224,176,100072,376,100322,176,99989,176,100369,176,99969,176,100423,176,99968,176,100425,100,99868,100,100443,100,99820,100,100447,100,99769,100,100474,100,99674,100,100482,100,99489,100
2019-06-28 10:00:00.000000000,100224,176,100095,176,100322,176,100072,376,100369,176,99989,176,100423,176,99969,176,100425,176,99968,176,100443,100,99868,100,100447,100,99820,100,100474,100,99769,100,100482,100,99674,100,100503,100,99489,100
2019-06-28 10:00:10.000000000,100224,230,100095,230,100322,226,100072,426,100369,226,99989,226,100423,100,99969,100,100425,100,99968,100,100443,100,99868,100,100447,100,99820,100,100474,100,99769,100,100482,100,99674,100,100503,100,99489,100
2019-06-28 10:00:20.000000000,100224,291,100095,291,100322,291,100072,491,100369,100,99989,100,100423,100,99969,100,100425,100,99968,100,100443,100,99868,100,100447,100,99820,100,100474,100,99769,100,100482,100,99674,100,100503,100,99489,100
2019-06-28 10:00:21.123554785,100224,291,100095,291,100322,291,100072,391,100369,100,99989,100,100423,100,99969,100,100425,100,99968,100,100443,100,99868,100,100447,100,99820,100,100474,100,99769,100,100482,100,99674,100,100503,100,99489,100
2019-06-28 10:00:30.000000000,100224,176,100095,176,100322,176,100072,276,100369,176,99989,176,100423,176,99969,176,100425,176,99968,176,100443,100,99868,100,100447,100,99820,100,100474,100,99769,100,100482,100,99674,100,100503,100,99489,100
2019-06-28 10:00:40.000000000,100224,230,100095,230,100322,226,100072,326,100369,226,99989,226,100423,100,99969,100,100425,100,99968,100,100443,100,99868,100,100447,100,99820,100,100474,100,99769,100,100482,100,99674,100,100503,100,99489,100
2019-06-28 10:00:43.991124621,100224,230,100095,230,100322,226,100072,326,100369,226,99989,226,100423,100,99969,100,100425,100,99968,100,100443,100,99868,100,100447,100,99820,100,100474,100,99769,100,100482,100,99674,100,100503,100,99489,100
2019-06-28 10:00:46.499061842,100224,230,100095,230,100322,226,100072,326,100369,226,99989,226,100423,100,99969,100,100425,100,99968,100,100443,100,99868,100,100447,100,99820,100,100474,100,99769,100,100482,100,99674,100,100503,100,99489,100
2019-06-28 10:00:50.000000000,100224,196,100095,196,100322,196,100072,296,100369,196,99989,196,100423,196,99969,196,100425,100,99968,100,100443,100,99868,100,100447,100,99820,100,100474,100,99769,100,100482,100,99674,100,100503,100,99489,100
2019-06-28 10:00:53.316814777,100224,196,100095,196,100322,196,100072,296,100369,196,99989,196,100423,196,99969,196,100425,100,99968,100,100443,100,99868,100,100447,100,99820,100,100474,100,99769,100,100482,100,99674,100,100503,100,99489,100
2019-06-28 10:00:56.762911712,100224,196,100137,100,100322,196,100095,196,100369,196,100072,296,100423,196,99989,196,100425,100,99969,196,100443,100,99968,100,100447,100,99868,100,100474,100,99820,100,100482,100,99769,100,100503,100,99674,100
2019-06-28 10:01:00.000000000,100224,176,100137,176,100322,176,100095,176,100369,176,100072,276,100423,176,99989,176,100425,176,99969,176,100443,100,99968,100,100447,100,99868,100,100474,100,99820,100,100482,100,99769,100,100503,100,99674,100
2019-06-28 10:01:00.209441121,100224,176,100137,276,100322,176,100095,176,100369,176,100072,276,100423,176,99989,176,100425,176,99969,176,100443,100,99968,100,100447,100,99868,100,100474,100,99820,100,100482,100,99769,100,100503,100,99674,100
2019-06-28 10:01:00.782097359,100224,176,100137,276,100322,176,100095,176,100369,176,100072,276,100423,176,99989,176,100425,176,99969,176,100443,100,99968,100,100447,100,99868,100,100474,100,99820,100,100482,100,99769,100,100599,100,99674,100
2019-06-28 10:01:06.930922747,100224,176,100137,276,100322,176,100095,176,100369,176,100072,276,100423,176,99989,176,100425,176,99969,176,100443,100,99968,100,100447,100,99868,100,100474,100,99820,100,100482,100,99769,100,100599,100,99674,100
2019-06-28 10:01:10.000000000,100224,196,100137,296,100322,196,100095,196,100369,196,100072,296,100423,196,99989,196,100425,100,99969,100,100443,100,99968,100,100447,100,99868,100,100474,100,99820,100,100482,100,99769,100,100599,100,99674,100
2019-06-28 10:01:20.000000000,100224,482,100137,582,100322,100,100095,100,100369,100,100072,200,100423,100,99989,100,100425,100,99969,100,100443,100,99968,100,100447,100,99868,100,100474,100,99820,100,100482,100,99769,100,100599,100,99674,100
2019-06-28 10:01:21.627282653,100224,382,100137,582,100322,100,100095,100,100369,100,100072,200,100423,100,99989,100,100425,100,99969,100,100443,100,99968,100,100447,100,99868,100,100474,100,99820,100,100482,100,99769,100,100599,100,99674,100
2019-06-28 10:01:24.674362611,100224,382,100137,582,100322,100,100095,100,100369,100,100072,200,100423,100,99989,100,100443,100,99969,100,100447,100,99968,100,100474,100,99868,100,100482,100,99820,100,100599,100,99769,100,100620,100,99674,100
2019-06-28 10:01:30.000000000,100322,196,100137,296,100369,196,100095,196,100423,196,100072,296,100443,196,99989,196,100447,100,99969,100,100474,100,99968,100,100482,100,99868,100,100599,100,99820,100,100620,100,99769,100,100645,100,99674,100
2019-06-28 10:01:40.000000000,100322,230,100137,330,100369,226,100095,226,100423,226,100072,326,100443,100,99989,100,100447,100,99969,100,100474,100,99968,100,100482,100,99868,100,100599,100,99820,100,100620,100,99769,100,100645,100,99674,100
2019-06-28 10:01:43.719093427,100322,230,100137,330,100369,226,100095,226,100423,226,100072,326,100443,100,99989,100,100447,100,99969,100,100474,100,99968,100,100482,100,99868,100,100599,100,99820,100,100620,100,99769,100,100645,100,99674,100
2019-06-28 10:01:50.000000000,100322,230,100137,330,100369,226,100095,226,100423,226,100072,326,100443,100,99989,100,100447,100,99969,100,100474,100,99968,100,100482,100,99868,100,100599,100,99820,100,100620,100,99769,100,100645,100,99674,100
2019-06-28 10:02:00.000000000,100322,196,100137,296,100369,196,100095,196,100423,196,100072,296,100443,196,99989,196,100447,100,99969,100,100474,100,99968,100,100482,100,99868,100,100599,100,99820,100,100620,100,99769,100,100645,100,99674,100
2019-06-28 10:02:07.579177219,100322,196,100173,100,100369,196,100137,296,100423,196,100095,196,100443,196,100072,296,100447,100,99989,196,100474,100,99969,100,100482,100,99968,100,100599,100,99868,100,100620,100,99820,100,100645,100,99769,100
2019-06-28 10:02:10.000000000,100322,176,100173,176,100369,176,100137,276,100423,176,100095,176,100443,176,100072,276,100447,176,99989,176,100474,100,99969,100,100482,100,99968,100,100599,100,99868,100,100620,100,99820,100,100645,100,99769,100
2019-06-28 10:02:20.000000000,100322,176,100173,176,100369,176,100137,276,100423,176,100095,176,100443,176,100072,276,100447,176,99989,176,100474,100,99969,100,100482,100,99968,100,100599,100,99868,100,100620,100,99820,100,100645,100,99769,100
2019-06-28 10:02:22.031848532,100322,176,100173,276,100369,176,100137,276,100423,176,100095,176,100443,176,100072,276,100447,176,99989,176,100474,100,99969,100,100482,100,99968,100,100599,100,99868,100,100620,100,99820,100,100645,100,99769,100
2019-06-28 10:02:30.000000000,100322,196,100173,296,100369,196,100137,296,100423,196,100095,196,100443,196,100072,296,100447,100,99989,100,100474,100,99969,100,100482,100,99968,100,100599,100,99868,100,100620,100,99820,100,100645,100,99769,100
2019-06-28 10:02:40.000000000,100322,482,100173,582,100369,100,100137,200,100423,100,100095,100,100443,100,100072,200,100447,100,99989,100,100474,100,99969,100,100482,100,99968,100,100599,100,99868,100,100620,100,99820,100,100645,100,99769,100
2019-06-28 10:02:50.000000000,100322,196,100173,296,100369,196,100137,296,100423,196,100095,196,100443,196,100072,296,100447,100,99989,100,100474,100,99969,100,100482,100,99968,100,100599,100,99868,100,100620,100,99820,100,100645,100,99769,100
2019-06-28 10:03:00.000000000,100322,482,100173,582,100369,100,100137,200,100423,100,100095,100,100443,100,100072,200,100447,100,99989,100,100474,100,99969,100,100482,100,99968,100,100599,100,99868,100,100620,100,99820,100,100645,100,99769,100
2019-06-28 10:03:10.000000000,100322,482,100173,582,100369,100,100137,200,100423,100,100095,100,100443,100,100072,200,100447,100,99989,100,100474,100,99969,100,100482,100,99968,100,100599,100,99868,100,100620,100,99820,100,100645,100,99769,100
2019-06-28 10:03:13.856043552,100322,382,100173,582,100369,100,100137,200,100423,100,100095,100,100443,100,100072,200,100447,100,99989,100,100474,100,99969,100,100482,100,99968,100,100599,100,99868,100,100620,100,99820,100,100645,100,99769,100
2019-06-28 10:03:17.102787754,100322,282,100173,582,100369,100,100137,200,100423,100,100095,100,100443,100,100072,200,100447,100,99989,100,100474,100,99969,100,100482,100,99968,100,100599,100,99868,100,100620,100,99820,100,100645,100,99674,100
2019-06-28 10:03:18.185718586,100322,182,100173,582,100369,100,100137,200,100423,100,100095,100,100443,100,100072,200,100447,100,99989,100,100474,100,99969,100,100482,100,99968,100,100599,100,99868,100,100620,100,99820,100,100645,100,99674,100
2019-06-28 10:03:20.000000000,100369,230,100173,330,100423,226,100137,326,100443,226,100095,226,100447,100,100072,200,100474,100,99989,100,100482,100,99969,100,100599,100,99968,100,100620,100,99868,100,100645,100,99820,100,100669,100,99674,100
2019-06-28 10:03:27.126766289,100369,130,100173,330,100423,226,100137,326,100443,226,100095,226,100447,100,100072,200,100474,100,99989,100,100482,100,99969,100,100599,100,99968,100,100645,100,99868,100,100669,100,99820,100,100804,100,99674,100
2019-06-28 10:03:30.000000000,100423,291,100173,391,100443,291,100137,391,100447,100,100095,100,100474,100,100072,200,100482,100,99989,100,100599,100,99969,100,100645,100,99968,100,100669,100,99868,100,100804,100,99820,100,101088,100,99674,100
2019-06-28 10:03:40.000000000,100423,230,100173,330,100443,226,100137,326,100447,226,100095,226,100474,100,100072,200,100482,100,99989,100,100599,100,99969,100,100645,100,99968,100,100669,100,99868,100,100804,100,99820,100,101088,100,99674,100
2019-06-28 10:03:43.163771458,100423,230,100173,330,100443,226,100137,326,100447,226,100095,226,100474,100,100072,200,100482,100,99989,100,100599,100,99969,100,100645,100,99868,100,100669,100,99820,100,100804,100,99674,100,101088,100,99489,100
2019-06-28 10:03:45.108982891,100423,230,100173,330,100443,226,100137,326,100447,226,100095,226,100474,100,100072,200,100482,100,99989,100,100599,100,99969,100,100645,100,99868,100,100669,100,99820,100,100804,100,99674,100,101088,100,99489,100
2019-06-28 10:03:50.000000000,100423,196,100173,296,100443,196,100137,296,100447,196,100095,196,100474,196,100072,296,100482,100,99989,100,100599,100,99969,100,100645,100,99868,100,100669,100,99820,100,100804,100,99674,100,101088,100,99489,100
2019-06-28 10:04:00.000000000,100423,482,100173,582,100443,100,100137,200,100447,100,100095,100,100474,100,100072,200,100482,100,99989,100,100599,100,99969,100,100645,100,99868,100,100669,100,99820,100,100804,100,99674,100,101088,100,99489,100
2019-06-28 10:04:08.284302934,100423,482,100322,100,100443,100,100173,582,100447,100,100137,200,100474,100,100095,100,100482,100,100072,200,100599,100,99989,100,100645,100,99969,100,100669,100,99868,100,100804,100,99820,100,101088,100,99674,100
2019-06-28 10:04:09.244883634,100423,482,100322,100,100443,100,100173,582,100447,100,100137,200,100474,100,100095,100,100482,100,100072,200,100599,100,99989,100,100645,100,99969,100,100669,100,99868,100,100804,100,99820,100,101088,100,99674,100
2019-06-28 10:04:10.000000000,100423,230,100322,230,100443,226,100173,326,100447,226,100137,326,100474,100,100095,100,100482,100,100072,200,100599,100,99989,100,100645,100,99969,100,100669,100,99868,100,100804,100,99820,100,101088,100,99674,100
2019-06-28 10:04:17.084745282,100423,230,100322,230,100443,226,100173,326,100447,226,100137,326,100474,100,100095,100,100482,100,100072,200,100599,100,99989,100,100645,100,99969,100,100669,100,99868,100,100804,100,99820,100,101088,100,99674,100
2019-06-28 10:04:20.000000000,100423,230,100322,230,100443,226,100173,326,100447,226,100137,326,100474,100,100095,100,100482,100,100072,200,100599,100,99989,100,100645,100,99969,100,100669,100,99868,100,100804,100,99820,100,101088,100,99674,100
2019-06-28 10:04:27.330568261,100423,230,100322,330,100443,226,100173,326,100447,226,100137,326,100474,100,100095,100,100482,100,100072,200,100599,100,99989,100,100645,100,99969,100,100669,100,99868,100,100804,100,99820,100,101088,100,99674,100
2019-06-28 10:04:30.000000000,100423,176,100322,276,100443,176,100173,276,100447,176,100137,276,100474,176,100095,176,100482,176,100072,276,100599,100,99989,100,100645,100,99969,100,100669,100,99868,100,100804,100,99820,100,101088,100,99674,100
2019-06-28 10:04:36.349391382,100423,176,100322,276,100443,176,100173,276,100447,176,100137,276,100474,176,100095,176,100482,176,100072,276,100599,100,99989,100,100645,100,99969,100,100669,100,99868,100,100804,100,99820,100,101234,100,99674,100
2019-06-28 10:04:40.000000000,100423,176,100322,276,100443,176,100173,276,100447,176,100137,276,100474,176,100095,176,100482,176,100072,276,100599,100,99989,100,100645,100,99969,100,100669,100,99868,100,100804,100,99820,100,101234,100,99674,100
2019-06-28 10:04:50.000000000,100423,196,100322,296,100443,196,100173,296,100447,196,100137,296,100474,196,100095,196,100482,100,100072,200,100599,100,99989,100,100645,100,99969,100,100669,100,99868,100,100804,100,99820,100,101234,100,99674,100
2019-06-28 10:05:00.000000000,100423,291,100322,391,100443,291,100173,391,100447,100,100137,200,100474,100,100095,100,100482,100,100072,200,100599,100,99989,100,100645,100,99969,100,100669,100,99868,100,100804,100,99820,100,101234,100,99674,100
2019-06-28 10:05:10.000000000,100423,196,100322,296,100443,196,100173,296,100447,196,100137,296,100474,196,100095,196,100482,100,100072,200,100599,100,99989,100,100645,100,99969,100,100669,100,99868,100,100804,100,99820,100,101234,100,99674,100
2019-06-28 10:05:20.000000000,100423,291,100322,391,100443,291,100173,391,100447,100,100137,200,100474,100,100095,100,100482,100,100072,200,100599,100,99989,100,100645,100,99969,100,100669,100,99868,100,100804,100,99820,100,101234,100,99674,100
2019-06-28 10:05:24.343280569,100423,191,100322,391,100443,291,100173,391,100447,100,100137,200,100474,100,100095,100,100482,100,100072,200,100599,100,99989,100,100645,100,99969,100,100669,100,99868,100,100804,100,99820,100,101234,100,99674,100
2019-06-28 10:05:30.000000000,100443,291,100322,391,100447,291,100173,391,100474,100,100137,200,100482,100,100095,100,100599,100,100072,200,100645,100,99989,100,100669,100,99969,100,100804,100,99868,100,101234,100,99820,100,101349,100,99674,100
2019-06-28 10:05:40.000000000,100443,176,100322,276,100447,176,100173,276,100474,176,100137,276,100482,176,100095,176,100599,176,100072,276,100645,100,99989,100,100669,100,99969,100,100804,100,99868,100,101234,100,99820,100,101349,100,99674,100
2019-06-28 10:05:47.481191540,100443,176,100322,276,100447,176,100173,276,100474,176,100137,276,100482,176,100095,176,100599,176,100072,276,100645,100,99989,100,100669,100,99969,100,101087,100,99868,100,101234,100,99820,100,101349,100,99674,100
2019-06-28 10:05:49.106426122,100443,76,100322,276,100447,176,100173,276,100474,176,100137,276,100482,176,100095,176,100599,176,100072,276,100645,100,99989,100,100669,100,99969,100,101087,100,99868,100,101234,100,99820,100,101349,100,99674,100
2019-06-28 10:05:50.000000000,100447,176,100322,276,100474,176,100173,276,100482,176,100137,276,100599,176,100095,176,100645,176,100072,276,100669,100,99989,100,101087,100,99969,100,101234,100,99868,100,101349,100,99820,100,101375,200,99674,100
2019-06-28 10:05:58.902390892,100447,176,100423,100,100474,176,100322,276,100482,176,100173,276,100599,176,100137,276,100645,176,100095,176,100669,100,100072,276,101087,100,99989,100,101234,100,99969,100,101349,100,99868,100,101375,200,99820,100
2019-06-28 10:06:00.000000000,100447,291,100423,291,100474,291,100322,391,100482,100,100173,200,100599,100,100137,200,100645,100,100095,100,100669,100,100072,200,101087,100,99989,100,101234,100,99969,100,101349,100,99868,100,101375,200,99820,100
2019-06-28 10:06:09.470178047,100447,291,100423,291,100474,291,100322,391,100482,100,100173,200,100599,100,100137,100,100645,100,100095,100,100669,100,100072,200,101087,100,99989,100,101234,100,99969,100,101349,100,99868,100,101375,200,99820,100
2019-06-28 10:06:10.000000000,100447,482,100423,482,100474,100,100322,200,100482,100,100173,200,100599,100,100137,100,100645,100,100095,100,100669,100,100072,200,101087,100,99989,100,101234,100,99969,100,101349,100,99868,100,101375,200,99820,100
2019-06-28 10:06:14.581339309,100447,382,100423,482,100474,100,100322,200,100482,100,100173,200,100599,100,100137,100,100645,100,100095,100,100669,100,100072,200,101087,100,99989,100,101234,100,99969,100,101349,100,99868,100,101375,200,99820,100
2019-06-28 10:06:20.000000000,100474,196,100423,196,100482,196,100322,296,100599,196,100173,296,100645,196,100137,196,100669,100,100095,100,101087,100,100072,200,101234,100,99989,100,101349,100,99969,100,101375,200,99868,100,101483,100,99820,100
2019-06-28 10:06:30.000000000,100474,196,100423,196,100482,196,100322,296,100599,196,100173,296,100645,196,100137,196,100669,100,100095,100,101087,100,100072,200,101234,100,99989,100,101349,100,99969,100,101375,200,99868,100,101483,100,99820,100
2019-06-28 10:06:36.650013285,100474,196,100423,196,100482,196,100322,296,100599,196,100173,296,100645,196,100137,196,100669,100,100095,100,100691,100,100072,200,101087,100,99989,100,101234,100,99969,100,101349,100,99868,100,101375,200,99820,100
2019-06-28 10:06:40.000000000,100474,482,100423,482,100482,100,100322,200,100599,100,100173,200,100645,100,100137,100,100669,100,100095,100,100691,100,100072,200,101087,100,99989,100,101234,100,99969,100,101349,100,99868,100,101375,200,99820,100
2019-06-28 10:06:50.000000000,100474,291,100423,291,100482,291,100322,391,100599,100,100173,200,100645,100,100137,100,100669,100,100095,100,100691,100,100072,200,101087,100,99989,100,101234,100,99969,100,101349,100,99868,100,101375,200,99820,100
2019-06-28 10:06:56.445484779,100474,191,100423,291,100482,291,100322,391,100599,100,100173,200,100645,100,100137,100,100669,100,100095,100,100691,100,100072,200,101087,100,99989,100,101234,100,99969,100,101349,100,99868,100,101375,200,99820,100
2019-06-28 10:07:00.000000000,100482,482,100423,482,100599,100,100322,200,100645,100,100173,200,100669,100,100137,100,100691,100,100095,100,101087,100,100072,200,101234,100,99989,100,101349,100,99969,100,101375,200,99868,100,101483,100,99820,100
2019-06-28 10:07:08.076902479,100482,482,100423,482,100599,100,100322,200,100645,100,100173,200,100669,100,100137,100,100691,100,100072,200,101087,100,99989,100,101234,100,99969,100,101349,100,99868,100,101375,200,99820,100,101483,100,99674,100
2019-06-28 10:07:10.000000000,100482,291,100423,291,100599,291,100322,391,100645,100,100173,200,100669,100,100137,100,100691,100,100072,200,101087,100,99989,100,101234,100,99969,100,101349,100,99868,100,101375,200,99820,100,101483,100,99674,100
2019-06-28 10:07:20.000000000,100482,482,100423,482,100599,100,100322,200,100645,100,100173,200,100669,100,100137,100,100691,100,100072,200,101087,100,99989,100,101234,100,99969,100,101349,100,99868,100,101375,200,99820,100,101483,100,99674,100
2019-06-28 10:07:30.000000000,100482,230,100423,230,100599,226,100322,326,100645,226,100173,326,100669,100,100137,100,100691,100,100072,200,101087,100,99989,100,101234,100,99969,100,101349,100,99868,100,101375,200,99820,100,101483,100,99674,100
2019-06-28 10:07:40.000000000,100482,482,100423,482,100599,100,100322,200,100645,100,100173,200,100669,100,100137,100,100691,100,100072,200,101087,100,99989,100,101234,100,99969,100,101349,100,99868,100,101375,200,99820,100,101483,100,99674,100
2019-06-28 10:07:50.000000000,100482,176,100423,176,100599,176,100322,276,100645,176,100173,276,100669,176,100137,176,100691,176,100072,276,101087,100,99989,100,101234,100,99969,100,101349,100,99868,100,101375,200,99820,100,101483,100,99674,100
2019-06-28 10:08:00.000000000,100482,230,100423,230,100599,226,100322,326,100645,226,100173,326,100669,100,100137,100,100691,100,100072,200,101087,100,99989,100,101234,100,99969,100,101349,100,99868,100,101375,200,99820,100,101483,100,99674,100
2019-06-28 10:08:10.000000000,100482,196,100423,196,100599,196,100322,296,100645,196,100173,296,100669,196,100137,196,100691,100,100072,200,101087,100,99989,100,101234,100,99969,100,101349,100,99868,100,101375,200,99820,100,101483,100,99674,100
2019-06-28 10:08:15.390099470,100482,196,100447,100,100599,196,100423,196,100645,196,100322,296,100669,196,100173,296,100691,100,100137,196,101087,100,100072,200,101234,100,99989,100,101349,100,99969,100,101375,200,99868,100,101483,100,99820,100
2019-06-28 10:08:20.000000000,100482,291,100447,291,100599,291,100423,291,100645,100,100322,200,100669,100,100173,200,100691,100,100137,100,101087,100,100072,200,101234,100,99989,100,101349,100,99969,100,101375,200,99868,100,101483,100,99820,100
2019-06-28 10:08:28.268313101,100482,291,100447,291,100599,291,100423,291,100645,100,100322,200,100669,100,100173,200,100691,100,100072,200,101087,100,99989,100,101234,100,99969,100,101349,100,99868,100,101375,200,99820,100,101483,100,99674,100
2019-06-28 10:08:29.271664531,100482,291,100447,291,100599,291,100423,291,100645,100,100322,200,100669,100,100173,200,100691,100,100072,200,100831,100,99989,100,101087,100,99969,100,101234,100,99868,100,101349,100,99820,100,101375,200,99674,100
2019-06-28 10:08:30.000000000,100482,176,100447,176,100599,176,100423,176,100645,176,100322,276,100669,176,100173,276,100691,176,100072,276,100831,100,99989,100,101087,100,99969,100,101234,100,99868,100,101349,100,99820,100,101375,200,99674,100
2019-06-28 10:08:34.811106849,100482,76,100447,176,100599,176,100423,176,100645,176,100322,276,100669,176,100173,276,100691,176,100072,276,100831,100,99989,100,101087,100,99969,100,101234,100,99868,100,101349,100,99820,100,101375,200,99674,100
2019-06-28 10:08:40.000000000,100599,230,100447,230,100645,226,100423,226,100669,226,100322,326,100691,100,100173,200,100831,100,100072,200,101087,100,99989,100,101234,100,99969,100,101349,100,99868,100,101375,200,99820,100,101483,100,99674,100
2019-06-28 10:08:40.108048312,100599,130,100447,230,100645,226,100423,226,100669,226,100322,326,100691,100,100173,200,100831,100,100072,200,101087,100,99989,100,101234,100,99969,100,101349,100,99868,100,101375,200,99820,100,101483,100,99674,100
2019-06-28 10:08:40.773310583,100599,130,100482,100,100645,226,100447,230,100669,226,100423,226,100691,100,100322,326,100831,100,100173,200,101087,100,100072,100,101234,100,99989,100,101349,100,99969,100,101375,200,99868,100,101483,100,99820,100
2019-06-28 10:08:50.000000000,100645,482,100482,482,100669,100,100447,100,100691,100,100423,100,100831,100,100322,200,101087,100,100173,200,101234,100,100072,100,101349,100,99989,100,101375,200,99969,100,101483,100,99868,100,101504,100,99820,100
2019-06-28 10:08:59.992949431,100645,482,100482,482,100669,100,100447,100,100691,100,100423,100,100743,100,100322,200,100831,100,100173,200,101087,100,100072,100,101234,100,99989,100,101349,100,99969,100,101375,200,99868,100,101483,100,99820,100
