,ask_price_1,ask_size_1,bid_price_1,bid_size_1,ask_price_2,ask_size_2,bid_price_2,bid_size_2,ask_price_3,ask_size_3,bid_price_3,bid_size_3,ask_price_4,ask_size_4,bid_price_4,bid_size_4,ask_price_5,ask_size_5,bid_price_5,bid_size_5,ask_price_6,ask_size_6,bid_price_6,bid_size_6,ask_price_7,ask_size_7,bid_price_7,bid_size_7,ask_price_8,ask_size_8,bid_price_8,bid_size_8,ask_price_9,ask_size_9,bid_price_9,bid_size_9,ask_price_10,ask_size_10,bid_price_10,bid_size_10
2019-06-28 09:30:00.000000001,100080,100,99916,100,,,99893,100,,,,,,,,,,,,,,,,,,,,,,,,,,,,,,,,
2019-06-28 09:30:00.000000002,99930,100,99916,100,100013,100,99893,100,100080,100,,,,,,,,,,,,,,,,,,,,,,,,,,,,,,
2019-06-28 09:30:00.000000005,99930,100,99916,100,99975,100,99893,100,100013,100,,,100080,100,,,,,,,,,,,,,,,,,,,,,,,,,,
2019-06-28 09:30:00.000000006,99975,100,99916,100,100013,100,99893,100,100021,100,,,100080,100,,,100122,100,,,,,,,,,,,,,,,,,,,,,,
2019-06-28 09:30:00.000000009,99975,100,99916,100,100013,100,99893,100,100021,100,,,100080,100,,,100109,100,,,100122,100,,,,,,,,,,,,,,,,,,
2019-06-28 09:30:00.000000014,99975,100,99947,100,100013,100,99916,100,100021,100,99893,100,100080,100,,,100109,100,,,100113,100,,,100122,100,,,,,,,,,,,,,,
2019-06-28 09:30:00.000000015,99975,100,99947,100,100013,100,99916,100,100021,100,99893,100,100038,100,,,100080,100,,,100109,100,,,100113,100,,,100122,100,,,,,,,,,,
2019-06-28 09:30:00.000000016,99975,100,99947,100,100013,100,99916,100,100021,100,99898,100,100038,100,99893,100,100080,100,,,100109,100,,,100113,100,,,100122,100,,,,,,,,,,
2019-06-28 09:30:00.000000018,99967,100,99947,100,99975,100,99916,100,100013,100,99898,100,100021,100,99893,100,100038,100,,,100080,100,,,100109,100,,,100113,100,,,100122,100,,,,,,
2019-06-28 09:30:00.000000019,99967,100,99947,100,99975,100,99916,100,100013,100,99898,100,100021,100,99893,100,100038,100,,,100054,100,,,100059,100,,,100080,100,,,100109,100,,,100113,100,,
2019-06-28 09:30:00.000000020,99967,100,99962,100,99975,100,99947,100,100013,100,99916,100,100021,100,99898,100,100038,100,99893,100,100054,100,,,100059,100,,,100080,100,,,100109,100,,,100113,100,,
2019-06-28 09:30:00.000000021,99967,100,99962,100,99975,100,99947,100,100013,100,99923,100,100021,100,99916,100,100038,100,99898,100,100054,100,99893,100,100059,100,,,100080,100,,,100109,100,,,100113,100,,
2019-06-28 09:30:00.000000024,99967,100,99962,100,99975,100,99947,100,100013,100,99923,100,100021,100,99916,100,100038,100,99898,200,100054,100,99893,100,100059,100,,,100080,100,,,100109,100,,,100113,100,,
2019-06-28 09:30:00.000000025,99967,100,99962,100,99975,100,99947,100,100013,100,99923,100,100021,100,99916,100,100038,100,99898,200,100054,100,99893,100,100059,100,,,100080,100,,,100097,100,,,100109,100,,
2019-06-28 09:30:00.000000026,99975,100,99962,100,100013,100,99947,100,100021,100,99923,100,100038,100,99916,100,100054,100,99898,200,100059,100,99893,100,100080,100,,,100097,100,,,100109,100,,,100113,100,,
2019-06-28 09:30:00.000000027,99975,100,99962,100,100013,100,99954,100,100021,100,99947,100,100038,100,99923,100,100054,100,99916,100,100059,100,99898,200,100080,100,99893,100,100097,100,,,100109,100,,,100113,100,,
2019-06-28 09:30:00.000000032,99975,100,99962,100,100013,100,99954,100,100021,100,99947,100,100038,100,99930,100,100054,100,99923,100,100059,100,99916,100,100080,100,99898,200,100097,100,99893,100,100109,100,,,100113,100,,
2019-06-28 09:30:00.000000034,99975,100,99962,100,100013,100,99954,100,100021,100,99947,100,100038,100,99930,100,100054,100,99923,100,100059,100,99916,100,100080,100,99898,200,100097,100,99893,100,100109,100,99847,100,100113,100,,
2019-06-28 09:30:00.000000035,99975,100,99962,100,100013,100,99954,100,100021,100,99947,100,100038,100,99930,100,100054,100,99923,100,100059,100,99916,100,100080,100,99898,200,100097,100,99893,100,100109,100,99889,100,100113,100,99847,100
2019-06-28 09:30:00.000000037,99975,100,99954,100,100013,100,99947,100,100021,100,99930,100,100038,100,99923,100,100054,100,99916,100,100059,100,99898,200,100080,100,99893,100,100097,100,99889,100,100109,100,99847,100,100113,100,,
2019-06-28 09:30:00.000000038,100013,100,99954,100,100021,100,99947,100,100038,100,99930,100,100054,100,99923,100,100059,100,99916,100,100080,100,99898,200,100097,100,99893,100,100109,100,99889,100,100113,100,99847,100,100122,100,,
2019-06-28 09:30:00.000000039,100013,100,99954,100,100021,100,99947,100,100038,100,99930,100,100054,100,99923,100,100059,100,99916,100,100080,100,99915,100,100097,100,99898,200,100109,100,99893,100,100113,100,99889,100,100122,100,99847,100
2019-06-28 09:30:00.000000040,100013,100,99954,100,100021,100,99947,100,100038,100,99930,100,100054,100,99923,100,100059,100,99916,100,100067,100,99915,100,100080,100,99898,200,100097,100,99893,100,100109,100,99889,100,100113,100,99847,100
2019-06-28 09:30:00.000000043,100013,100,99962,100,100021,100,99954,100,100038,100,99947,100,100054,100,99930,100,100059,100,99923,100,100067,100,99916,100,100080,100,99915,100,100097,100,99898,200,100109,100,99893,100,100113,100,99889,100
2019-06-28 09:30:00.000000048,100013,100,99962,100,100021,100,99954,100,100038,100,99947,100,100054,100,99930,100,100059,100,99923,100,100067,100,99919,100,100080,100,99916,100,100097,100,99915,100,100109,100,99898,200,100113,100,99893,100
2019-06-28 09:30:00.000000050,99972,100,99962,100,100013,100,99954,100,100021,100,99947,100,100038,100,99930,100,100054,100,99923,100,100059,100,99919,100,100067,100,99916,100,100080,100,99915,100,100097,100,99898,200,100109,100,99893,100
2019-06-28 09:30:00.000000051,99972,100,99962,200,100013,100,99954,100,100021,100,99947,100,100038,100,99930,100,100054,100,99923,100,100059,100,99919,100,100067,100,99916,100,100080,100,99915,100,100097,100,99898,200,100109,100,99893,100
2019-06-28 09:30:00.000000052,99972,100,99966,100,100013,100,99962,200,100021,100,99954,100,100038,100,99947,100,100054,100,99930,100,100059,100,99923,100,100067,100,99919,100,100080,100,99916,100,100097,100,99915,100,100109,100,99898,200
2019-06-28 09:30:00.000000055,99972,100,99966,100,100013,100,99962,300,100021,100,99954,100,100038,100,99947,100,100054,100,99930,100,100059,100,99923,100,100067,100,99919,100,100080,100,99916,100,100097,100,99915,100,100109,100,99898,200
2019-06-28 09:30:00.000000057,99972,100,99966,100,100013,100,99962,300,100021,100,99954,100,100028,100,99947,100,100038,100,99930,100,100054,100,99923,100,100059,100,99919,100,100067,100,99916,100,100080,100,99915,100,100097,100,99898,200
2019-06-28 09:30:00.000000060,99972,100,99962,300,100013,100,99954,100,100021,100,99947,100,100028,100,99930,100,100038,100,99923,100,100054,100,99919,100,100059,100,99916,100,100067,100,99915,100,100080,100,99898,200,100097,100,99893,100
2019-06-28 09:30:00.000000063,99972,100,99962,300,99997,100,99954,100,100013,100,99947,100,100021,100,99930,100,100028,100,99923,100,100038,100,99919,100,100054,100,99916,100,100059,100,99915,100,100067,100,99898,200,100080,100,99893,100
2019-06-28 09:30:00.000000067,99972,100,99962,300,99997,100,99954,100,100013,100,99947,100,100021,100,99930,100,100028,100,99923,100,100038,100,99919,200,100054,100,99916,100,100059,100,99915,100,100067,100,99898,200,100080,100,99893,100
2019-06-28 09:30:00.000000068,99972,100,99966,100,99997,100,99962,300,100013,100,99954,100,100021,100,99947,100,100028,100,99930,100,100038,100,99923,100,100054,100,99919,200,100059,100,99916,100,100067,100,99915,100,100080,100,99898,200
2019-06-28 09:30:00.000000074,99985,100,99966,100,99997,100,99962,300,100013,100,99954,100,100021,100,99947,100,100028,100,99930,100,100038,100,99923,100,100054,100,99919,200,100059,100,99916,100,100067,100,99915,100,100080,100,99898,200
2019-06-28 09:30:00.000000075,99985,100,99966,100,99997,100,99962,300,100013,100,99954,100,100021,100,99947,100,100028,100,99930,100,100038,100,99923,100,100054,100,99919,200,100059,100,99916,100,100067,100,99915,100,100080,100,99898,200
2019-06-28 09:30:00.000000079,99985,100,99966,100,99997,100,99962,300,100013,100,99954,100,100021,100,99947,100,100028,100,99930,100,100038,100,99923,100,100054,100,99919,200,100059,100,99916,100,100067,100,99915,100,100080,100,99898,200
2019-06-28 09:30:00.000000084,99985,100,99966,100,99997,100,99962,300,100013,100,99954,100,100021,100,99947,100,100028,100,99930,100,100038,100,99923,100,100054,100,99919,200,100059,100,99916,100,100067,100,99915,100,100080,100,99898,200
2019-06-28 09:30:00.000000086,99985,100,99966,100,99997,100,99962,300,100013,100,99954,100,100021,100,99947,100,100028,100,99936,100,100038,100,99930,100,100054,100,99923,100,100059,100,99919,200,100067,100,99916,100,100080,100,99915,100
2019-06-28 09:30:00.000000087,99985,100,99966,100,99997,100,99962,300,100013,100,99954,100,100021,100,99947,100,100028,100,99936,100,100038,100,99930,100,100054,100,99923,100,100059,100,99919,200,100067,100,99916,100,100080,100,99915,100
2019-06-28 09:30:00.000000090,99985,100,99966,100,99997,100,99962,300,100013,100,99954,100,100021,100,99947,100,100028,100,99936,100,100038,100,99930,100,100054,100,99923,100,100059,100,99919,200,100067,100,99916,100,100080,100,99915,100
2019-06-28 09:30:00.000000091,99985,100,99966,100,99997,100,99962,300,100013,100,99954,100,100021,100,99947,100,100028,100,99936,100,100038,100,99930,100,100054,100,99923,100,100059,100,99919,200,100067,100,99916,100,100080,100,99915,100
2019-06-28 09:30:00.000000092,99977,100,99966,100,99985,100,99962,300,99997,100,99954,100,100013,100,99947,100,100021,100,99936,100,100028,100,99930,100,100038,100,99923,100,100054,100,99922,100,100059,100,99919,200,100067,100,99916,100
2019-06-28 09:30:00.000000097,99977,100,99966,100,99985,100,99962,300,99992,100,99954,100,99997,100,99947,100,100013,100,99936,100,100021,100,99930,100,100028,100,99923,100,100038,100,99922,100,100054,100,99919,200,100059,100,99916,100
2019-06-28 09:30:10.000000000,99977,212,99966,212,99985,209,99962,409,99992,209,99954,209,99997,100,99947,100,100013,100,99936,100,100021,100,99930,100,100028,100,99923,100,100038,100,99922,100,100054,100,99919,200,100059,100,99916,100
2019-06-28 09:30:12.264514794,99977,212,99966,112,99985,209,99962,409,99992,209,99954,209,99997,100,99936,100,100013,100,99930,100,100021,100,99923,100,100028,100,99922,100,100038,100,99919,200,100054,100,99916,100,100059,100,99915,100
2019-06-28 09:30:13.960989555,99977,212,99966,112,99985,209,99962,309,99992,209,99954,209,99997,100,99936,100,100013,100,99930,100,100021,100,99923,100,100028,100,99922,100,100038,100,99919,200,100054,100,99916,100,100059,100,99915,100
2019-06-28 09:30:20.000000000,99977,182,99962,282,99985,182,99954,182,99992,182,99936,182,99997,182,99930,182,100013,100,99923,100,100021,100,99922,100,100028,100,99919,200,100038,100,99916,100,100054,100,99915,100,100059,100,99898,200
2019-06-28 09:30:30.000000000,99977,212,99962,312,99985,209,99954,209,99992,209,99936,209,99997,100,99930,100,100013,100,99923,100,100021,100,99922,100,100028,100,99919,200,100038,100,99916,100,100054,100,99915,100,100059,100,99898,200
2019-06-28 09:30:30.338331692,99977,112,99962,312,99985,209,99954,209,99992,209,99936,209,99997,100,99930,100,100021,100,99923,100,100028,100,99922,100,100038,100,99919,200,100054,100,99916,100,100059,100,99915,100,100067,100,99898,200
2019-06-28 09:30:40.000000000,99985,430,99962,530,99992,100,99954,100,99997,100,99936,100,100021,100,99930,100,100028,100,99923,100,100038,100,99922,100,100054,100,99919,200,100059,100,99916,100,100067,100,99915,100,100080,100,99898,200
2019-06-28 09:30:50.000000000,99985,265,99962,365,99992,265,99954,265,99997,100,99936,100,100021,100,99930,100,100028,100,99923,100,100038,100,99922,100,100054,100,99919,200,100059,100,99916,100,100067,100,99915,100,100080,100,99898,200
2019-06-28 09:31:00.000000000,99985,166,99962,266,99992,166,99954,166,99997,166,99936,166,100021,166,99930,166,100028,166,99923,166,100038,100,99922,100,100054,100,99919,200,100059,100,99916,100,100067,100,99915,100,100080,100,99898,200
2019-06-28 09:31:10.000000000,99985,212,99962,312,99992,209,99954,209,99997,209,99936,209,100021,100,99930,100,100028,100,99923,100,100038,100,99922,100,100054,100,99919,200,100059,100,99916,100,100067,100,99915,100,100080,100,99898,200
2019-06-28 09:31:15.768067123,99985,112,99962,312,99992,209,99954,209,99997,209,99936,209,100021,100,99930,100,100028,100,99923,100,100038,100,99922,100,100054,100,99919,200,100059,100,99916,100,100067,100,99915,100,100080,100,99898,100
2019-06-28 09:31:16.041206670,99985,112,99962,312,99992,209,99954,209,99997,209,99936,209,100021,100,99930,100,100028,100,99923,100,100038,100,99922,100,100054,100,99919,200,100059,100,99916,100,100067,100,99915,100,100080,100,99898,100
2019-06-28 09:31:20.000000000,99992,182,99962,282,99997,182,99954,182,100021,182,99936,182,100028,182,99930,182,100038,100,99923,100,100054,100,99922,100,100059,100,99919,200,100067,100,99916,100,100080,100,99915,100,100089,100,99898,100
2019-06-28 09:31:29.636216374,99992,182,99962,282,99997,182,99954,182,100021,182,99936,182,100028,182,99930,182,100038,100,99923,100,100054,100,99922,100,100059,100,99919,200,100067,100,99916,100,100080,100,99915,100,100089,100,99898,100
2019-06-28 09:31:30.000000000,99992,430,99962,530,99997,100,99954,100,100021,100,99936,100,100028,100,99930,100,100038,100,99923,100,100054,100,99922,100,100059,100,99919,200,100067,100,99916,100,100080,100,99915,100,100089,100,99898,100
2019-06-28 09:31:35.433865190,99992,430,99977,100,99997,100,99962,530,100021,100,99954,100,100028,100,99936,100,100038,100,99923,100,100054,100,99922,100,100059,100,99919,200,100067,100,99916,100,100080,100,99915,100,100089,100,99898,100
2019-06-28 09:31:40.000000000,99992,182,99977,182,99997,182,99962,282,100021,182,99954,182,100028,182,99936,182,100038,100,99923,100,100054,100,99922,100,100059,100,99919,200,100067,100,99916,100,100080,100,99915,100,100089,100,99898,100
2019-06-28 09:31:50.000000000,99992,430,99977,430,99997,100,99962,200,100021,100,99954,100,100028,100,99936,100,100038,100,99923,100,100054,100,99922,100,100059,100,99919,200,100067,100,99916,100,100080,100,99915,100,100089,100,99898,100
2019-06-28 09:31:53.603755387,99992,430,99977,430,99997,100,99962,200,100021,100,99954,100,100028,100,99943,100,100038,100,99936,100,100054,100,99923,100,100059,100,99922,100,100067,100,99919,200,100080,100,99916,100,100089,100,99915,100
2019-06-28 09:32:00.000000000,99992,212,99977,212,99997,209,99962,309,100021,209,99954,209,100028,100,99943,100,100038,100,99936,100,100054,100,99923,100,100059,100,99922,100,100067,100,99919,200,100080,100,99916,100,100089,100,99915,100
2019-06-28 09:32:10.000000000,99992,166,99977,166,99997,166,99962,266,100021,166,99954,166,100028,166,99943,166,100038,166,99936,166,100054,100,99923,100,100059,100,99922,100,100067,100,99919,200,100080,100,99916,100,100089,100,99915,100
2019-06-28 09:32:20.000000000,99992,182,99977,182,99997,182,99962,282,100021,182,99954,182,100028,182,99943,182,100038,100,99936,100,100054,100,99923,100,100059,100,99922,100,100067,100,99919,200,100080,100,99916,100,100089,100,99915,100
2019-06-28 09:32:30.000000000,99992,212,99977,212,99997,209,99962,309,100021,209,99954,209,100028,100,99943,100,100038,100,99936,100,100054,100,99923,100,100059,100,99922,100,100067,100,99919,200,100080,100,99916,100,100089,100,99915,100
2019-06-28 09:32:30.871237104,99992,112,99977,212,99997,209,99962,309,100021,209,99954,209,100028,100,99943,100,100038,100,99936,100,100054,100,99923,100,100059,100,99922,100,100067,100,99919,200,100080,100,99916,100,100089,100,99915,100
2019-06-28 09:32:40.000000000,99997,430,99977,430,100021,100,99962,200,100028,100,99954,100,100038,100,99943,100,100054,100,99936,100,100059,100,99923,100,100067,100,99922,100,100080,100,99919,200,100089,100,99916,100,100091,100,99915,100
2019-06-28 09:32:46.115833593,99997,330,99977,430,100021,100,99962,200,100028,100,99954,100,100038,100,99943,100,100054,100,99936,100,100059,100,99923,100,100067,100,99922,100,100080,100,99919,200,100089,100,99916,100,100096,100,99915,100
2019-06-28 09:32:50.000000000,100021,166,99977,166,100028,166,99962,266,100038,166,99954,166,100054,166,99943,166,100059,166,99936,166,100067,100,99923,100,100080,100,99922,100,100089,100,99919,200,100096,100,99916,100,100097,100,99915,100
2019-06-28 09:32:52.627789611,100021,166,99992,100,100028,166,99977,166,100038,166,99962,266,100054,166,99954,166,100059,166,99943,166,100067,100,99936,166,100080,100,99923,100,100089,100,99922,100,100096,100,99919,200,100097,100,99916,100
2019-06-28 09:33:00.000000000,100021,212,99992,212,100028,209,99977,209,100038,209,99962,309,100054,100,99954,100,100059,100,99943,100,100067,100,99936,100,100080,100,99923,100,100089,100,99922,100,100096,100,99919,200,100097,100,99916,100
2019-06-28 09:33:08.296329145,100021,212,99992,212,100028,209,99977,209,100038,209,99962,309,100054,100,99954,100,100059,100,99943,100,100067,100,99936,100,100080,100,99923,100,100089,100,99922,100,100096,100,99919,200,100097,100,99916,100
2019-06-28 09:33:10.000000000,100021,182,99992,182,100028,182,99977,182,100038,182,99962,282,100054,182,99954,182,100059,100,99943,100,100067,100,99936,100,100080,100,99923,100,100089,100,99922,100,100096,100,99919,200,100097,100,99916,100
2019-06-28 09:33:10.658992880,100021,182,99992,282,100028,182,99977,182,100038,182,99962,282,100054,182,99954,182,100059,100,99943,100,100067,100,99936,100,100080,100,99923,100,100089,100,99922,100,100096,100,99919,200,100097,100,99916,100
2019-06-28 09:33:19.051513848,100021,182,99992,282,100028,182,99977,182,100038,182,99962,282,100054,182,99954,182,100059,100,99943,100,100067,100,99936,100,100080,100,99923,100,100089,100,99922,100,100096,100,99919,200,100097,100,99916,100
2019-06-28 09:33:20.000000000,100021,182,99992,282,100028,182,99977,182,100038,182,99962,282,100054,182,99954,182,100059,100,99943,100,100067,100,99936,100,100080,100,99923,100,100089,100,99922,100,100096,100,99919,200,100097,100,99916,100
2019-06-28 09:33:21.559788731,100021,82,99992,282,100028,182,99977,182,100038,182,99962,282,100054,182,99954,182,100059,100,99943,100,100067,100,99936,100,100080,100,99923,100,100096,100,99922,100,100097,100,99919,200,100100,100,99916,100
2019-06-28 09:33:30.000000000,100028,182,99992,282,100038,182,99977,182,100054,182,99962,282,100059,182,99954,182,100067,100,99943,100,100080,100,99936,100,100096,100,99923,100,100097,100,99922,100,100100,100,99919,200,100109,200,99916,100
2019-06-28 09:33:32.733884416,100028,82,99992,282,100038,182,99977,182,100054,182,99962,282,100059,182,99954,182,100067,100,99943,100,100080,100,99936,100,100096,100,99923,100,100097,100,99922,100,100100,100,99919,200,100109,200,99916,100
2019-06-28 09:33:34.592026265,100028,82,100021,100,100038,182,99992,282,100054,182,99977,182,100059,182,99962,282,100067,100,99954,182,100080,100,99943,100,100096,100,99936,100,100097,100,99923,100,100100,100,99922,100,100109,200,99919,200
2019-06-28 09:33:40.000000000,100038,166,100021,166,100054,166,99992,266,100059,166,99977,166,100067,166,99962,266,100080,166,99954,166,100096,100,99943,100,100097,100,99936,100,100100,100,99923,100,100109,200,99922,100,100113,100,99919,200
2019-06-28 09:33:47.317079471,100038,166,100021,166,100054,166,99992,266,100059,166,99977,166,100067,166,99962,266,100080,166,99954,166,100096,100,99943,100,100097,100,99936,100,100100,100,99923,100,100109,200,99922,100,100113,100,99919,200
2019-06-28 09:33:50.000000000,100038,182,100021,182,100054,182,99992,282,100059,182,99977,182,100067,182,99962,282,100080,100,99954,100,100096,100,99943,100,100097,100,99936,100,100100,100,99923,100,100109,200,99922,100,100113,100,99919,200
2019-06-28 09:34:00.000000000,100038,430,100021,430,100054,100,99992,200,100059,100,99977,100,100067,100,99962,200,100080,100,99954,100,100096,100,99943,100,100097,100,99936,100,100100,100,99923,100,100109,200,99922,100,100113,100,99919,200
2019-06-28 09:34:04.606327963,100038,430,100021,430,100054,100,99992,200,100059,100,99977,100,100067,100,99962,200,100080,100,99954,100,100096,100,99943,100,100097,100,99936,100,100100,100,99923,100,100109,200,99922,100,100113,100,99919,200
2019-06-28 09:34:05.073952477,100038,430,100021,530,100054,100,99992,200,100059,100,99977,100,100067,100,99962,200,100080,100,99954,100,100096,100,99943,100,100097,100,99936,100,100100,100,99923,100,100109,200,99922,100,100113,100,99919,200
2019-06-28 09:34:10.000000000,100038,430,100021,530,100054,100,99992,200,100059,100,99977,100,100067,100,99962,200,100080,100,99954,100,100096,100,99943,100,100097,100,99936,100,100100,100,99923,100,100109,200,99922,100,100113,100,99919,200
2019-06-28 09:34:19.584860516,100038,330,100021,530,100054,100,99992,200,100059,100,99977,100,100067,100,99962,200,100080,100,99954,100,100096,100,99943,100,100097,100,99936,100,100100,100,99923,100,100109,200,99922,100,100113,100,99919,200
2019-06-28 09:34:20.000000000,100054,212,100021,312,100059,209,99992,309,100067,209,99977,209,100080,100,99962,200,100096,100,99954,100,100097,100,99943,100,100100,100,99936,100,100109,200,99923,100,100113,100,99922,100,100115,100,99919,200
2019-06-28 09:34:30.000000000,100054,166,100021,266,100059,166,99992,266,100067,166,99977,166,100080,166,99962,266,100096,166,99954,166,100097,100,99943,100,100100,100,99936,100,100109,200,99923,100,100113,100,99922,100,100115,100,99919,200
2019-06-28 09:34:40.000000000,100054,166,100021,266,100059,166,99992,266,100067,166,99977,166,100080,166,99962,266,100096,166,99954,166,100097,100,99943,100,100100,100,99936,100,100109,200,99923,100,100113,100,99922,100,100115,100,99919,200
2019-06-28 09:34:50.000000000,100054,166,100021,266,100059,166,99992,266,100067,166,99977,166,100080,166,99962,266,100096,166,99954,166,100097,100,99943,100,100100,100,99936,100,100109,200,99923,100,100113,100,99922,100,100115,100,99919,200
2019-06-28 09:34:55.617926200,100054,166,100021,266,100059,166,99992,266,100067,166,99977,166,100080,166,99962,266,100096,166,99954,166,100097,100,99943,100,100100,100,99936,100,100109,200,99923,100,100113,100,99922,100,100115,100,99919,100
2019-06-28 09:35:00.000000000,100054,212,100021,312,100059,209,99992,309,100067,209,99977,209,100080,100,99962,200,100096,100,99954,100,100097,100,99943,100,100100,100,99936,100,100109,200,99923,100,100113,100,99922,100,100115,100,99919,100
2019-06-28 09:35:10.000000000,100054,166,100021,266,100059,166,99992,266,100067,166,99977,166,100080,166,99962,266,100096,166,99954,166,100097,100,99943,100,100100,100,99936,100,100109,200,99923,100,100113,100,99922,100,100115,100,99919,100
2019-06-28 09:35:13.199079410,100054,166,100021,266,100059,166,99992,266,100067,166,99977,166,100080,166,99962,266,100096,166,99954,166,100097,100,99943,100,100100,100,99936,100,100109,200,99923,100,100113,100,99922,100,100115,100,99919,100
2019-06-28 09:35:20.000000000,100054,166,100021,266,100059,166,99992,266,100067,166,99977,166,100080,166,99962,266,100096,166,99954,166,100097,100,99943,100,100100,100,99936,100,100109,200,99923,100,100113,100,99922,100,100115,100,99919,100
2019-06-28 09:35:30.000000000,100054,182,100021,282,100059,182,99992,282,100067,182,99977,182,100080,182,99962,282,100096,100,99954,100,100097,100,99943,100,100100,100,99936,100,100109,200,99923,100,100113,100,99922,100,100115,100,99919,100
2019-06-28 09:35:35.611766432,100054,182,100021,282,100059,182,99992,282,100067,182,99977,182,100080,182,99962,282,100096,100,99954,100,100097,100,99943,100,100100,100,99936,100,100109,200,99923,100,100113,100,99922,100,100120,100,99919,100
2019-06-28 09:35:36.254498678,100054,182,100021,282,100059,182,99992,282,100067,182,99977,182,100080,182,99962,282,100096,100,99954,100,100097,100,99943,100,100100,100,99936,100,100109,200,99923,100,100113,100,99922,100,100120,100,99919,100
2019-06-28 09:35:40.000000000,100054,212,100021,312,100059,209,99992,309,100067,209,99977,209,100080,100,99962,200,100096,100,99954,100,100097,100,99943,100,100100,100,99936,100,100109,200,99923,100,100113,100,99922,100,100120,100,99919,100
2019-06-28 09:35:50.000000000,100054,166,100021,266,100059,166,99992,266,100067,166,99977,166,100080,166,99962,266,100096,166,99954,166,100097,100,99943,100,100100,100,99936,100,100109,200,99923,100,100113,100,99922,100,100120,100,99919,100
2019-06-28 09:36:00.000000000,100054,430,100021,530,100059,100,99992,200,100067,100,99977,100,100080,100,99962,200,100096,100,99954,100,100097,100,99943,100,100100,100,99936,100,100109,200,99923,100,100113,100,99922,100,100120,100,99919,100
2019-06-28 09:36:10.000000000,100054,430,100021,530,100059,100,99992,200,100067,100,99977,100,100080,100,99962,200,100096,100,99954,100,100097,100,99943,100,100100,100,99936,100,100109,200,99923,100,100113,100,99922,100,100120,100,99919,100
2019-06-28 09:36:20.000000000,100054,212,100021,312,100059,209,99992,309,100067,209,99977,209,100080,100,99962,200,100096,100,99954,100,100097,100,99943,100,100100,100,99936,100,100109,200,99923,100,100113,100,99922,100,100120,100,99919,100
2019-06-28 09:36:23.360499835,100054,112,100021,312,100059,209,99992,309,100067,209,99977,209,100080,100,99962,200,100096,100,99954,100,100097,100,99943,100,100100,100,99936,100,100109,200,99923,100,100113,100,99922,100,100120,100,99919,100
2019-06-28 09:36:30.000000000,100059,430,100021,530,100067,100,99992,200,100080,100,99977,100,100096,100,99962,200,100097,100,99954,100,100100,100,99943,100,100109,200,99936,100,100113,100,99923,100,100120,100,99922,100,100122,100,99919,100
2019-06-28 09:36:33.628014110,100059,330,100021,530,100067,100,99992,200,100080,100,99977,100,100096,100,99962,200,100097,100,99954,100,100100,100,99943,100,100109,200,99936,100,100113,100,99923,100,100120,100,99922,100,100122,100,99919,100
2019-06-28 09:36:40.000000000,100067,430,100021,530,100080,100,99992,200,100096,100,99977,100,100097,100,99962,200,100100,100,99954,100,100109,200,99943,100,100113,100,99936,100,100120,100,99923,100,100122,100,99922,100,100143,100,99919,100
2019-06-28 09:36:50.000000000,100067,182,100021,282,100080,182,99992,282,100096,182,99977,182,100097,182,99962,282,100100,100,99954,100,100109,200,99943,100,100113,100,99936,100,100120,100,99923,100,100122,100,99922,100,100143,100,99919,100
2019-06-28 09:37:00.000000000,100067,430,100021,530,100080,100,99992,200,100096,100,99977,100,100097,100,99962,200,100100,100,99954,100,100109,200,99943,100,100113,100,99936,100,100120,100,99923,100,100122,100,99922,100,100143,100,99919,100
2019-06-28 09:37:10.000000000,100067,265,100021,365,100080,265,99992,365,100096,100,99977,100,100097,100,99962,200,100100,100,99954,100,100109,200,99943,100,100113,100,99936,100,100120,100,99923,100,100122,100,99922,100,100143,100,99919,100
2019-06-28 09:37:20.000000000,100067,430,100021,530,100080,100,99992,200,100096,100,99977,100,100097,100,99962,200,100100,100,99954,100,100109,200,99943,100,100113,100,99936,100,100120,100,99923,100,100122,100,99922,100,100143,100,99919,100
2019-06-28 09:37:30.000000000,100067,430,100021,530,100080,100,99992,200,100096,100,99977,100,100097,100,99962,200,100100,100,99954,100,100109,200,99943,100,100113,100,99936,100,100120,100,99923,100,100122,100,99922,100,100143,100,99919,100
2019-06-28 09:37:40.000000000,100067,430,100021,530,100080,100,99992,200,100096,100,99977,100,100097,100,99962,200,100100,100,99954,100,100109,200,99943,100,100113,100,99936,100,100120,100,99923,100,100122,100,99922,100,100143,100,99919,100
2019-06-28 09:37:50.000000000,100067,212,100021,312,100080,209,99992,309,100096,209,99977,209,100097,100,99962,200,100100,100,99954,100,100109,200,99943,100,100113,100,99936,100,100120,100,99923,100,100122,100,99922,100,100143,100,99919,100
2019-06-28 09:37:59.539339365,100067,212,100021,312,100080,209,99992,309,100096,209,99977,209,100097,100,99962,200,100100,100,99954,100,100109,200,99943,100,100113,100,99936,100,100120,100,99923,100,100122,100,99922,100,100143,100,99919,100
2019-06-28 09:38:00.000000000,100067,265,100021,365,100080,265,99992,365,100096,100,99977,100,100097,100,99962,200,100100,100,99954,100,100109,200,99943,100,100113,100,99936,100,100120,100,99923,100,100122,100,99922,100,100143,100,99919,100
2019-06-28 09:38:10.000000000,100067,212,100021,312,100080,209,99992,309,100096,209,99977,209,100097,100,99962,200,100100,100,99954,100,100109,200,99943,100,100113,100,99936,100,100120,100,99923,100,100122,100,99922,100,100143,100,99919,100
2019-06-28 09:38:20.000000000,100067,166,100021,266,100080,166,99992,266,100096,166,99977,166,100097,166,99962,266,100100,166,99954,166,100109,200,99943,100,100113,100,99936,100,100120,100,99923,100,100122,100,99922,100,100143,100,99919,100
2019-06-28 09:38:21.972194668,100067,166,100021,166,100080,166,99992,266,100096,166,99977,166,100097,166,99962,266,100100,166,99954,166,100109,200,99943,100,100113,100,99936,100,100120,100,99923,100,100122,100,99922,100,100143,100,99919,100
2019-06-28 09:38:24.400634194,100067,66,100021,166,100080,166,99992,266,100096,166,99977,166,100097,166,99962,266,100100,166,99954,166,100109,200,99943,100,100113,100,99936,100,100120,100,99923,100,100122,100,99922,100,100143,100,99919,100
2019-06-28 09:38:30.000000000,100080,166,100021,166,100096,166,99992,266,100097,166,99977,166,100100,166,99962,266,100109,266,99954,166,100113,100,99943,100,100120,100,99936,100,100122,100,99923,100,100143,100,99922,100,100196,100,99919,100
2019-06-28 09:38:33.987597992,100080,166,100021,166,100096,166,99992,266,100097,166,99977,166,100100,166,99962,266,100109,166,99954,166,100113,100,99943,100,100120,100,99936,100,100122,100,99923,100,100143,100,99922,100,100196,100,99919,100
2019-06-28 09:38:40.000000000,100080,212,100021,212,100096,209,99992,309,100097,209,99977,209,100100,100,99962,200,100109,100,99954,100,100113,100,99943,100,100120,100,99936,100,100122,100,99923,100,100143,100,99922,100,100196,100,99919,100
2019-06-28 09:38:45.192182440,100080,212,100021,112,100096,209,99992,309,100097,209,99977,209,100100,100,99962,200,100109,100,99954,100,100113,100,99943,100,100120,100,99936,100,100122,100,99923,100,100143,100,99922,100,100196,100,99919,100
2019-06-28 09:38:45.587179827,100080,212,100021,112,100096,209,99992,309,100097,209,99977,209,100100,100,99962,200,100109,100,99954,100,100113,100,99943,100,100120,100,99936,100,100122,100,99923,100,100143,100,99922,100,100196,100,99919,100
2019-06-28 09:38:50.000000000,100080,265,99992,365,100096,265,99977,265,100097,100,99962,200,100100,100,99954,100,100109,100,99943,100,100113,100,99936,100,100120,100,99923,100,100122,100,99922,100,100143,100,99919,100,100196,100,99916,100
2019-06-28 09:38:57.913511861,100021,100,99992,365,100080,265,99977,265,100096,265,99962,100,100097,100,99954,100,100100,100,99943,100,100109,100,99936,100,100113,100,99923,100,100120,100,99922,100,100122,100,99919,100,100143,100,99916,100
2019-06-28 09:39:00.000000000,100021,430,99992,530,100080,100,99977,100,100096,100,99962,100,100097,100,99954,100,100100,100,99943,100,100109,100,99936,100,100113,100,99923,100,100120,100,99922,100,100122,100,99919,100,100143,100,99916,100
2019-06-28 09:39:10.000000000,100021,182,99992,282,100080,182,99977,182,100096,182,99962,182,100097,182,99954,182,100100,100,99943,100,100109,100,99936,100,100113,100,99923,100,100120,100,99922,100,100122,100,99919,100,100143,100,99916,100
2019-06-28 09:39:20.000000000,100021,166,99992,266,100080,166,99977,166,100096,166,99962,166,100097,166,99954,166,100100,166,99943,166,100109,100,99936,100,100113,100,99923,100,100120,100,99922,100,100122,100,99919,100,100143,100,99916,100
2019-06-28 09:39:26.629917490,100021,166,99992,166,100080,166,99977,166,100096,166,99962,166,100097,66,99954,166,100100,166,99943,166,100109,100,99936,100,100113,100,99923,100,100120,100,99922,100,100122,100,99919,100,100143,100,99916,100
2019-06-28 09:39:30.000000000,100021,182,99992,182,100080,182,99977,182,100096,182,99962,182,100100,182,99954,182,100109,100,99943,100,100113,100,99936,100,100120,100,99923,100,100122,100,99922,100,100143,100,99919,100,100196,100,99916,100
2019-06-28 09:39:40.000000000,100021,212,99992,212,100080,209,99977,209,100096,209,99962,209,100100,100,99954,100,100109,100,99943,100,100113,100,99936,100,100120,100,99923,100,100122,100,99922,100,100143,100,99919,100,100196,100,99916,100
2019-06-28 09:39:44.907227822,100021,212,99992,112,100080,209,99977,209,100096,209,99962,209,100100,100,99954,100,100109,100,99943,100,100113,100,99936,100,100120,100,99923,100,100122,100,99922,100,100143,100,99919,100,100196,100,99916,100
2019-06-28 09:39:50.000000000,100021,166,99977,166,100080,166,99962,166,100096,166,99954,166,100100,166,99943,166,100109,166,99936,166,100113,100,99923,100,100120,100,99922,100,100122,100,99919,100,100143,100,99916,100,100196,100,99902,100
2019-06-28 09:40:00.000000000,100021,430,99977,430,100080,100,99962,100,100096,100,99954,100,100100,100,99943,100,100109,100,99936,100,100113,100,99923,100,100120,100,99922,100,100122,100,99919,100,100143,100,99916,100,100196,100,99902,100
2019-06-28 09:40:10.000000000,100021,166,99977,166,100080,166,99962,166,100096,166,99954,166,100100,166,99943,166,100109,166,99936,166,100113,100,99923,100,100120,100,99922,100,100122,100,99919,100,100143,100,99916,100,100196,100,99902,100
2019-06-28 09:40:20.000000000,100021,166,99977,166,100080,166,99962,166,100096,166,99954,166,100100,166,99943,166,100109,166,99936,166,100113,100,99923,100,100120,100,99922,100,100122,100,99919,100,100143,100,99916,100,100196,100,99902,100
2019-06-28 09:40:30.000000000,100021,265,99977,265,100080,265,99962,265,100096,100,99954,100,100100,100,99943,100,100109,100,99936,100,100113,100,99923,100,100120,100,99922,100,100122,100,99919,100,100143,100,99916,100,100196,100,99902,100
2019-06-28 09:40:31.544711670,99992,100,99977,265,100021,265,99962,265,100080,165,99954,100,100096,100,99943,100,100100,100,99936,100,100109,100,99923,100,100113,100,99922,100,100120,100,99919,100,100122,100,99916,100,100143,100,99902,100
2019-06-28 09:40:40.000000000,99992,182,99977,182,100021,182,99962,182,100096,182,99954,182,100100,182,99943,182,100109,100,99936,100,100113,100,99923,100,100120,100,99922,100,100122,100,99919,100,100143,100,99916,100,100196,100,99902,100
2019-06-28 09:40:50.000000000,99992,212,99977,212,100021,209,99962,209,100096,209,99954,209,100100,100,99943,100,100109,100,99936,100,100113,100,99923,100,100120,100,99922,100,100122,100,99919,100,100143,100,99916,100,100196,100,99902,100
2019-06-28 09:41:00.000000000,99992,265,99977,265,100021,265,99962,265,100096,100,99954,100,100100,100,99943,100,100109,100,99936,100,100113,100,99923,100,100120,100,99922,100,100122,100,99919,100,100143,100,99916,100,100196,100,99902,100
2019-06-28 09:41:03.116240767,99992,265,99977,265,100021,265,99962,265,100096,100,99954,100,100100,100,99943,100,100109,100,99936,100,100113,100,99923,100,100120,100,99922,100,100122,100,99919,100,100143,100,99916,100,100196,100,99902,100
2019-06-28 09:41:10.000000000,99992,265,99977,265,100021,265,99962,265,100096,100,99954,100,100100,100,99943,100,100109,100,99936,100,100113,100,99923,100,100120,100,99922,100,100122,100,99919,100,100143,100,99916,100,100196,100,99902,100
2019-06-28 09:41:20.000000000,99992,212,99977,212,100021,209,99962,209,100096,209,99954,209,100100,100,99943,100,100109,100,99936,100,100113,100,99923,100,100120,100,99922,100,100122,100,99919,100,100143,100,99916,100,100196,100,99902,100
2019-06-28 09:41:21.841113545,99992,212,99977,212,100021,209,99962,209,100096,209,99954,209,100100,100,99943,100,100109,100,99936,100,100113,100,99923,100,100120,100,99922,100,100122,100,99919,100,100143,100,99916,100,100196,100,99902,100
2019-06-28 09:41:30.000000000,99992,430,99977,430,100021,100,99962,100,100096,100,99954,100,100100,100,99943,100,100109,100,99936,100,100113,100,99923,100,100120,100,99922,100,100122,100,99919,100,100143,100,99916,100,100196,100,99902,100
2019-06-28 09:41:40.000000000,99992,212,99977,212,100021,209,99962,209,100096,209,99954,209,100100,100,99943,100,100109,100,99936,100,100113,100,99923,100,100120,100,99922,100,100122,100,99919,100,100143,100,99916,100,100196,100,99902,100
2019-06-28 09:41:50.000000000,99992,182,99977,182,100021,182,99962,182,100096,182,99954,182,100100,182,99943,182,100109,100,99936,100,100113,100,99923,100,100120,100,99922,100,100122,100,99919,100,100143,100,99916,100,100196,100,99902,100
2019-06-28 09:41:58.354692384,99992,182,99977,182,100021,182,99962,182,100096,182,99954,182,100100,182,99943,182,100109,100,99936,100,100113,100,99923,100,100120,100,99922,100,100122,100,99919,100,100143,100,99916,100,100196,100,99902,100
2019-06-28 09:42:00.000000000,99992,430,99977,430,100021,100,99962,100,100096,100,99954,100,100100,100,99943,100,100109,100,99936,100,100113,100,99923,100,100120,100,99922,100,100122,100,99919,100,100143,100,99916,100,100196,100,99902,100
2019-06-28 09:42:10.000000000,99992,430,99977,430,100021,100,99962,100,100096,100,99954,100,100100,100,99943,100,100109,100,99936,100,100113,100,99923,100,100120,100,99922,100,100122,100,99919,100,100143,100,99916,100,100196,100,99902,100
2019-06-28 09:42:19.828219312,99992,430,99977,430,100021,100,99962,100,100096,100,99954,100,100100,100,99943,100,100109,100,99936,100,100113,100,99923,100,100120,100,99922,100,100122,100,99919,100,100143,100,99916,100,100196,100,99902,100
2019-06-28 09:42:20.000000000,99992,212,99977,212,100021,209,99962,209,100096,209,99954,209,100100,100,99943,100,100109,100,99936,100,100113,100,99923,100,100120,100,99922,100,100122,100,99919,100,100143,100,99916,100,100196,100,99902,100
2019-06-28 09:42:30.000000000,99992,265,99977,265,100021,265,99962,265,100096,100,99954,100,100100,100,99943,100,100109,100,99936,100,100113,100,99923,100,100120,100,99922,100,100122,100,99919,100,100143,100,99916,100,100196,100,99902,100
2019-06-28 09:42:35.605212786,99992,265,99977,165,100021,265,99962,265,100096,100,99954,100,100100,100,99943,100,100109,100,99936,100,100113,100,99923,100,100120,100,99922,100,100122,100,99919,100,100143,100,99916,100,100196,100,99902,100
2019-06-28 09:42:39.465439667,99992,265,99977,65,100021,265,99962,265,100096,100,99954,100,100100,100,99943,100,100109,100,99936,100,100113,100,99923,100,100120,100,99922,100,100122,100,99919,100,100196,100,99916,100,100282,100,99902,100
2019-06-28 09:42:40.000000000,99992,182,99962,182,100021,182,99954,182,100096,182,99943,182,100100,182,99936,182,100109,100,99923,100,100113,100,99922,100,100120,100,99919,100,100122,100,99916,100,100196,100,99902,100,100282,100,99898,100
2019-06-28 09:42:44.826394133,99992,182,99962,182,100021,182,99954,182,100096,182,99943,182,100100,182,99936,182,100109,100,99923,100,100113,100,99922,100,100120,100,99919,100,100122,100,99916,100,100196,100,99902,100,100282,100,99898,100
2019-06-28 09:42:50.000000000,99992,265,99962,265,100021,265,99954,265,100096,100,99943,100,100100,100,99936,100,100109,100,99923,100,100113,100,99922,100,100120,100,99919,100,100122,100,99916,100,100196,100,99902,100,100282,100,99898,100
2019-06-28 09:43:00.000000000,99992,166,99962,166,100021,166,99954,166,100096,166,99943,166,100100,166,99936,166,100109,166,99923,166,100113,100,99922,100,100120,100,99919,100,100122,100,99916,100,100196,100,99902,100,100282,100,99898,100
2019-06-28 09:43:10.000000000,99992,182,99962,182,100021,182,99954,182,100096,182,99943,182,100100,182,99936,182,100109,100,99923,100,100113,100,99922,100,100120,100,99919,100,100122,100,99916,100,100196,100,99902,100,100282,100,99898,100
2019-06-28 09:43:14.191012294,99992,182,99962,82,100021,182,99954,182,100096,182,99943,182,100100,182,99936,182,100109,100,99923,100,100113,100,99922,100,100120,100,99919,100,100122,100,99916,100,100196,100,99902,100,100282,100,99898,100
2019-06-28 09:43:20.000000000,99992,265,99954,265,100021,265,99943,265,100096,100,99936,100,100100,100,99923,100,100109,100,99922,100,100113,100,99919,100,100120,100,99916,100,100122,100,99902,100,100196,100,99898,100,100282,100,99856,100
2019-06-28 09:43:25.880697325,99992,265,99954,165,100021,265,99943,265,100096,100,99936,100,100100,100,99923,100,100109,100,99922,100,100113,100,99919,100,100122,100,99916,100,100196,100,99902,100,100282,100,99898,100,100971,100,99856,100
2019-06-28 09:43:29.118532231,99992,265,99954,65,100021,265,99943,265,100096,100,99936,100,100100,100,99923,100,100109,100,99922,100,100113,100,99919,100,100122,100,99916,100,100196,100,99902,100,100282,100,99898,100,100971,100,99856,100
2019-06-28 09:43:30.000000000,99992,166,99943,166,100021,166,99936,166,100096,166,99923,166,100100,166,99922,166,100109,166,99919,166,100113,100,99916,100,100122,100,99902,100,100196,100,99898,100,100282,100,99856,100,100971,100,99847,100
2019-06-28 09:43:40.000000000,99992,430,99943,430,100021,100,99936,100,100096,100,99923,100,100100,100,99922,100,100109,100,99919,100,100113,100,99916,100,100122,100,99902,100,100196,100,99898,100,100282,100,99856,100,100971,100,99847,100
2019-06-28 09:43:46.656790490,99992,430,99943,330,100021,100,99936,100,100096,100,99923,100,100100,100,99922,100,100109,100,99919,100,100113,100,99916,100,100122,100,99902,100,100196,100,99898,100,100282,100,99856,100,100971,100,99847,100
2019-06-28 09:43:50.000000000,99992,166,99936,166,100021,166,99923,166,100096,166,99922,166,100100,166,99919,166,100109,166,99916,166,100113,100,99902,100,100122,100,99898,100,100196,100,99856,100,100282,100,99847,100,100971,100,99709,100
2019-06-28 09:44:00.000000000,99992,265,99936,265,100021,265,99923,265,100096,100,99922,100,100100,100,99919,100,100109,100,99916,100,100113,100,99902,100,100122,100,99898,100,100196,100,99856,100,100282,100,99847,100,100971,100,99709,100
2019-06-28 09:44:10.000000000,99992,430,99936,430,100021,100,99923,100,100096,100,99922,100,100100,100,99919,100,100109,100,99916,100,100113,100,99902,100,100122,100,99898,100,100196,100,99856,100,100282,100,99847,100,100971,100,99709,100
2019-06-28 09:44:17.070794817,99992,430,99936,430,100021,100,99923,100,100096,100,99922,100,100100,100,99919,100,100109,100,99916,100,100113,100,99902,100,100122,100,99898,100,100196,100,99856,100,100282,100,99847,100,100971,100,99709,100
2019-06-28 09:44:20.000000000,99992,212,99936,212,100021,209,99923,209,100096,209,99922,209,100100,100,99919,100,100109,100,99916,100,100113,100,99902,100,100122,100,99898,100,100196,100,99856,100,100282,100,99847,100,100971,100,99709,100
2019-06-28 09:44:29.451051217,99958,100,99936,212,99992,212,99923,209,100021,209,99922,209,100096,209,99919,100,100100,100,99916,100,100109,100,99902,100,100113,100,99898,100,100122,100,99856,100,100196,100,99847,100,100282,100,99709,100
2019-06-28 09:44:30.000000000,99958,430,99936,430,99992,100,99923,100,100021,100,99922,100,100096,100,99919,100,100100,100,99916,100,100109,100,99902,100,100113,100,99898,100,100122,100,99856,100,100196,100,99847,100,100282,100,99709,100
2019-06-28 09:44:31.870984943,99958,430,99936,430,99992,100,99923,100,100096,100,99922,100,100100,100,99919,100,100109,100,99916,100,100113,100,99902,100,100122,100,99898,100,100196,100,99856,100,100282,100,99847,100,100971,100,99709,100
2019-06-28 09:44:33.667256490,99958,430,99936,430,99992,100,99923,100,100096,100,99922,100,100100,100,99919,100,100109,100,99916,100,100113,100,99902,100,100122,100,99898,100,100196,100,99856,100,100282,100,99847,100,100971,100,99709,100
2019-06-28 09:44:40.000000000,99958,430,99936,430,99992,100,99923,100,100096,100,99922,100,100100,100,99919,100,100109,100,99916,100,100113,100,99902,100,100122,100,99898,100,100196,100,99856,100,100282,100,99847,100,100971,100,99709,100
2019-06-28 09:44:47.129127178,99954,100,99936,430,99958,430,99923,100,99992,100,99922,100,100096,100,99919,100,100100,100,99916,100,100109,100,99902,100,100113,100,99898,100,100122,100,99856,100,100196,100,99847,100,100282,100,99709,100
2019-06-28 09:44:50.000000000,99954,166,99936,166,99958,166,99923,166,99992,166,99922,166,100096,166,99919,166,100100,166,99916,166,100109,100,99902,100,100113,100,99898,100,100122,100,99856,100,100196,100,99847,100,100282,100,99709,100
2019-06-28 09:45:00.000000000,99954,430,99936,430,99958,100,99923,100,99992,100,99922,100,100096,100,99919,100,100100,100,99916,100,100109,100,99902,100,100113,100,99898,100,100122,100,99856,100,100196,100,99847,100,100282,100,99709,100
2019-06-28 09:45:09.519361353,99954,430,99936,430,99958,100,99923,100,99992,100,99922,100,100096,100,99919,100,100100,100,99916,100,100109,100,99902,100,100113,100,99898,100,100122,100,99856,100,100196,100,99847,100,100282,100,99709,100
2019-06-28 09:45:10.000000000,99954,265,99936,265,99958,265,99923,265,99992,100,99922,100,100096,100,99919,100,100100,100,99916,100,100109,100,99902,100,100113,100,99898,100,100122,100,99856,100,100196,100,99847,100,100282,100,99709,100
2019-06-28 09:45:20.000000000,99954,166,99936,166,99958,166,99923,166,99992,166,99922,166,100096,166,99919,166,100100,166,99916,166,100109,100,99902,100,100113,100,99898,100,100122,100,99856,100,100196,100,99847,100,100282,100,99709,100
2019-06-28 09:45:30.000000000,99954,166,99936,166,99958,166,99923,166,99992,166,99922,166,100096,166,99919,166,100100,166,99916,166,100109,100,99902,100,100113,100,99898,100,100122,100,99856,100,100196,100,99847,100,100282,100,99709,100
2019-06-28 09:45:40.000000000,99954,166,99936,166,99958,166,99923,166,99992,166,99922,166,100096,166,99919,166,100100,166,99916,166,100109,100,99902,100,100113,100,99898,100,100122,100,99856,100,100196,100,99847,100,100282,100,99709,100
2019-06-28 09:45:44.187653146,99954,166,99936,66,99958,166,99923,166,99992,166,99922,166,100096,166,99919,166,100100,166,99916,66,100109,100,99902,100,100113,100,99898,100,100122,100,99856,100,100196,100,99847,100,100282,100,99709,100
2019-06-28 09:45:50.000000000,99954,166,99923,166,99958,166,99922,166,99992,166,99919,166,100096,166,99902,166,100100,166,99898,166,100109,100,99856,100,100113,100,99847,100,100122,100,99709,100,100196,100,99597,100,100282,100,99596,100
2019-06-28 09:45:53.055683374,99954,166,99923,66,99958,166,99922,166,99992,166,99919,166,100096,166,99902,166,100100,166,99898,166,100109,100,99856,100,100113,100,99847,100,100122,100,99709,100,100196,100,99597,100,100282,100,99596,100
2019-06-28 09:46:00.000000000,99954,212,99922,212,99958,209,99919,209,99992,209,99902,209,100096,100,99898,100,100100,100,99856,100,100109,100,99847,100,100113,100,99709,100,100122,100,99597,100,100196,100,99596,100,100282,100,99429,100
2019-06-28 09:46:10.000000000,99954,430,99922,430,99958,100,99919,100,99992,100,99902,100,100096,100,99898,100,100100,100,99856,100,100109,100,99847,100,100113,100,99709,100,100122,100,99597,100,100196,100,99596,100,100282,100,99429,100
2019-06-28 09:46:20.000000000,99954,265,99922,265,99958,265,99919,265,99992,100,99902,100,100096,100,99898,100,100100,100,99856,100,100109,100,99847,100,100113,100,99709,100,100122,100,99597,100,100196,100,99596,100,100282,100,99429,100
2019-06-28 09:46:20.286386671,99954,265,99922,165,99958,265,99919,265,99992,100,99902,100,100096,100,99898,100,100100,100,99856,100,100109,100,99847,100,100113,100,99709,100,100122,100,99597,100,100196,100,99596,100,100282,100,99429,100
2019-06-28 09:46:21.851740647,99954,265,99922,65,99958,265,99919,165,99992,100,99902,100,100096,100,99898,100,100100,100,99856,100,100109,100,99847,100,100113,100,99709,100,100122,100,99597,100,100196,100,99596,100,100282,100,99429,100
2019-06-28 09:46:30.000000000,99954,166,99902,166,99958,166,99898,166,99992,166,99856,166,100096,166,99847,166,100100,166,99709,166,100109,100,99597,100,100113,100,99596,100,100122,100,99429,100,100196,100,99322,100,100282,100,99283,100
2019-06-28 09:46:30.631325614,99954,166,99902,166,99958,166,99898,166,99992,166,99856,166,100096,166,99847,166,100100,166,99709,166,100109,100,99597,100,100113,100,99596,100,100122,100,99429,100,100196,100,99322,100,100282,100,99283,100
2019-06-28 09:46:40.000000000,99954,166,99902,166,99958,166,99898,166,99992,166,99856,166,100096,166,99847,166,100100,166,99709,166,100109,100,99597,100,100113,100,99596,100,100122,100,99429,100,100196,100,99322,100,100282,100,99283,100
2019-06-28 09:46:50.000000000,99954,265,99902,265,99958,265,99898,265,99992,100,99856,100,100096,100,99847,100,100100,100,99709,100,100109,100,99597,100,100113,100,99596,100,100122,100,99429,100,100196,100,99322,100,100282,100,99283,100
2019-06-28 09:46:51.898792770,99922,100,99902,265,99954,265,99898,265,99958,265,99856,100,99992,100,99847,100,100096,100,99709,100,100100,100,99597,100,100109,100,99596,100,100113,100,99429,100,100122,100,99322,100,100196,100,99283,100
2019-06-28 09:47:00.000000000,99922,212,99902,212,99954,209,99898,209,99958,209,99856,209,99992,100,99847,100,100096,100,99709,100,100100,100,99597,100,100109,100,99596,100,100113,100,99429,100,100122,100,99322,100,100196,100,99283,100
2019-06-28 09:47:10.000000000,99922,166,99902,166,99954,166,99898,166,99958,166,99856,166,99992,166,99847,166,100096,166,99709,166,100100,100,99597,100,100109,100,99596,100,100113,100,99429,100,100122,100,99322,100,100196,100,99283,100
2019-06-28 09:47:18.084377860,99922,166,99902,166,99954,166,99898,166,99958,166,99856,166,99992,166,99847,166,100096,166,99709,166,100100,100,99597,100,100109,100,99596,100,100113,100,99429,100,100122,100,99322,100,100196,100,99283,100
2019-06-28 09:47:20.000000000,99922,166,99902,166,99954,166,99898,166,99958,166,99856,166,99992,166,99847,166,100096,166,99709,166,100100,100,99597,100,100109,100,99596,100,100113,100,99429,100,100122,100,99322,100,100196,100,99283,100
2019-06-28 09:47:30.000000000,99922,182,99902,182,99954,182,99898,182,99958,182,99856,182,99992,182,99847,182,100096,100,99709,100,100100,100,99597,100,100109,100,99596,100,100113,100,99429,100,100122,100,99322,100,100196,100,99283,100
2019-06-28 09:47:38.695449951,99922,182,99902,82,99954,182,99898,182,99958,182,99856,182,99992,182,99847,182,100096,100,99709,100,100100,100,99597,100,100109,100,99596,100,100113,100,99429,100,100122,100,99322,100,100196,100,99283,100
2019-06-28 09:47:40.000000000,99922,212,99898,212,99954,209,99856,209,99958,209,99847,209,99992,100,99709,100,100096,100,99597,100,100100,100,99596,100,100109,100,99429,100,100113,100,99322,100,100122,100,99283,100,100196,100,99236,100
2019-06-28 09:47:40.889975070,99922,212,99898,112,99954,209,99856,209,99958,209,99847,209,99992,100,99709,100,100100,100,99597,100,100109,100,99596,100,100113,100,99429,100,100122,100,99322,100,100196,100,99283,100,100282,100,99236,100
2019-06-28 09:47:44.737827053,99922,212,99898,112,99954,209,99856,209,99958,209,99847,209,99992,100,99709,100,100109,100,99597,100,100113,100,99596,100,100122,100,99429,100,100196,100,99322,100,100282,100,99283,100,100971,100,99236,100
2019-06-28 09:47:50.000000000,99922,182,99856,182,99954,182,99847,182,99958,182,99709,182,99992,182,99597,182,100109,100,99596,100,100113,100,99429,100,100122,100,99322,100,100196,100,99283,100,100282,100,99236,100,100971,100,99173,100
2019-06-28 09:48:00.000000000,99922,265,99856,265,99954,265,99847,265,99958,100,99709,100,99992,100,99597,100,100109,100,99596,100,100113,100,99429,100,100122,100,99322,100,100196,100,99283,100,100282,100,99236,100,100971,100,99173,100
2019-06-28 09:48:07.563370563,99922,265,99856,265,99954,265,99847,265,99958,100,99709,100,99992,100,99597,100,100109,100,99596,100,100113,100,99429,100,100122,100,99322,100,100196,100,99283,100,100282,100,99236,100,100971,100,99173,100
2019-06-28 09:48:10.000000000,99922,265,99856,265,99954,265,99847,265,99958,100,99709,100,99992,100,99597,100,100109,100,99596,100,100113,100,99429,100,100122,100,99322,100,100196,100,99283,100,100282,100,99236,100,100971,100,99173,100
2019-06-28 09:48:20.000000000,99922,430,99856,430,99954,100,99847,100,99958,100,99709,100,99992,100,99597,100,100109,100,99596,100,100113,100,99429,100,100122,100,99322,100,100196,100,99283,100,100282,100,99236,100,100971,100,99173,100
2019-06-28 09:48:30.000000000,99922,265,99856,265,99954,265,99847,265,99958,100,99709,100,99992,100,99597,100,100109,100,99596,100,100113,100,99429,100,100122,100,99322,100,100196,100,99283,100,100282,100,99236,100,100971,100,99173,100
2019-06-28 09:48:30.257183796,99922,265,99856,165,99954,265,99847,265,99958,100,99709,100,99992,100,99597,100,100109,100,99596,100,100113,100,99429,100,100122,100,99322,100,100196,100,99283,100,100282,100,99236,100,100971,100,99173,100
2019-06-28 09:48:40.000000000,99922,182,99847,182,99954,182,99709,182,99958,182,99597,182,99992,182,99596,182,100109,100,99429,100,100113,100,99322,100,100122,100,99283,100,100196,100,99236,100,100282,100,99173,100,100971,100,99009,100
2019-06-28 09:48:50.000000000,99922,182,99847,182,99954,182,99709,182,99958,182,99597,182,99992,182,99596,182,100109,100,99429,100,100113,100,99322,100,100122,100,99283,100,100196,100,99236,100,100282,100,99173,100,100971,100,99009,100
2019-06-28 09:49:00.000000000,99922,212,99847,212,99954,209,99709,209,99958,209,99597,209,99992,100,99596,100,100109,100,99429,100,100113,100,99322,100,100122,100,99283,100,100196,100,99236,100,100282,100,99173,100,100971,100,99009,100
2019-06-28 09:49:03.158228207,99922,212,99847,212,99954,209,99709,209,99958,209,99597,209,99992,100,99596,100,100109,100,99429,100,100113,100,99322,100,100122,100,99283,100,100196,100,99236,100,100971,100,99173,100,100982,100,99009,100
2019-06-28 09:49:09.519768155,99922,212,99847,112,99954,209,99709,209,99958,109,99597,209,99992,100,99596,100,100109,100,99429,100,100113,100,99322,100,100122,100,99283,100,100196,100,99236,100,100971,100,99173,100,100982,100,99009,100
2019-06-28 09:49:09.927010334,99922,212,99847,12,99954,209,99709,209,99958,109,99597,209,99992,100,99596,100,100109,100,99429,100,100113,100,99322,100,100122,100,99283,100,100196,100,99236,100,100971,100,99173,100,100982,100,99009,100
2019-06-28 09:49:10.000000000,99922,166,99709,166,99954,166,99597,166,99992,166,99596,166,100109,166,99429,166,100113,166,99322,166,100122,100,99283,100,100196,100,99236,100,100971,100,99173,100,100982,100,99009,100,101031,100,98868,100
2019-06-28 09:49:20.000000000,99922,166,99709,166,99954,166,99597,166,99992,166,99596,166,100109,166,99429,166,100113,166,99322,166,100122,100,99283,100,100196,100,99236,100,100971,100,99173,100,100982,100,99009,100,101031,100,98868,100
2019-06-28 09:49:23.771160020,99847,100,99709,166,99922,166,99597,166,99954,166,99596,166,99992,166,99429,166,100109,166,99322,166,100113,166,99283,100,100122,100,99236,100,100196,100,99173,100,100971,100,99009,100,100982,100,98868,100
2019-06-28 09:49:24.357461856,99847,200,99709,166,99922,166,99597,166,99954,166,99596,166,99992,166,99429,166,100109,166,99322,166,100113,166,99283,100,100122,100,99236,100,100196,100,99173,100,100971,100,99009,100,100982,100,98868,100
2019-06-28 09:49:30.000000000,99847,530,99709,430,99922,100,99597,100,99954,100,99596,100,99992,100,99429,100,100109,100,99322,100,100113,100,99283,100,100122,100,99236,100,100196,100,99173,100,100971,100,99009,100,100982,100,98868,100
2019-06-28 09:49:40.000000000,99847,365,99709,265,99922,265,99597,265,99954,100,99596,100,99992,100,99429,100,100109,100,99322,100,100113,100,99283,100,100122,100,99236,100,100196,100,99173,100,100971,100,99009,100,100982,100,98868,100
2019-06-28 09:49:50.000000000,99847,365,99709,265,99922,265,99597,265,99954,100,99596,100,99992,100,99429,100,100109,100,99322,100,100113,100,99283,100,100122,100,99236,100,100196,100,99173,100,100971,100,99009,100,100982,100,98868,100
2019-06-28 09:49:57.876526866,99847,365,99709,165,99922,265,99597,265,99954,100,99596,100,99992,100,99429,100,100109,100,99322,100,100113,100,99283,100,100122,100,99236,100,100196,100,99173,100,100971,100,99009,100,100982,100,98868,100
2019-06-28 09:50:00.000000000,99847,266,99597,166,99922,166,99596,166,99954,166,99429,166,99992,166,99322,166,100109,166,99283,166,100113,100,99236,100,100122,100,99173,100,100196,100,99009,100,100971,100,98868,100,100982,100,98750,100
2019-06-28 09:50:07.035254750,99847,266,99597,166,99922,166,99596,166,99954,166,99429,166,99992,66,99322,166,100109,166,99283,166,100113,100,99236,100,100122,100,99173,100,100196,100,99009,100,100971,100,98868,100,100982,100,98750,100
2019-06-28 09:50:10.000000000,99847,266,99597,166,99922,166,99596,166,99954,166,99429,166,100109,166,99322,166,100113,166,99283,166,100122,100,99236,100,100196,100,99173,100,100971,100,99009,100,100982,100,98868,100,101031,100,98750,100
2019-06-28 09:50:20.000000000,99847,266,99597,166,99922,166,99596,166,99954,166,99429,166,100109,166,99322,166,100113,166,99283,166,100122,100,99236,100,100196,100,99173,100,100971,100,99009,100,100982,100,98868,100,101031,100,98750,100
2019-06-28 09:50:24.841342102,99847,166,99597,166,99922,166,99596,166,99954,166,99429,166,100109,166,99322,166,100113,166,99283,166,100122,100,99236,100,100196,100,99173,100,100971,100,99009,100,100982,100,98868,100,101031,100,98750,100
2019-06-28 09:50:29.296081552,99847,166,99722,100,99922,166,99597,166,99954,166,99596,166,100109,166,99429,166,100113,166,99322,166,100122,100,99283,166,100196,100,99236,100,100971,100,99173,100,100982,100,99009,100,101031,100,98868,100
2019-06-28 09:50:30.000000000,99847,166,99722,166,99922,166,99597,166,99954,166,99596,166,100109,166,99429,166,100113,166,99322,166,100122,100,99283,100,100196,100,99236,100,100971,100,99173,100,100982,100,99009,100,101031,100,98868,100
2019-06-28 09:50:32.776103866,99847,166,99722,166,99922,166,99597,166,99954,166,99596,166,100109,166,99517,100,100113,166,99429,166,100122,100,99322,166,100196,100,99283,100,100971,100,99236,100,101031,100,99173,100,,,99009,100
2019-06-28 09:50:40.000000000,99847,212,99722,212,99922,209,99597,209,99954,209,99596,209,100109,100,99517,100,100113,100,99429,100,100122,100,99322,100,100196,100,99283,100,100971,100,99236,100,101031,100,99173,100,,,99009,100
2019-06-28 09:50:44.751447947,99847,212,99816,100,99922,209,99722,212,99954,209,99597,209,100109,100,99596,209,100113,100,99517,100,100122,100,99429,100,100196,100,99322,100,100971,100,99283,100,101031,100,99236,100,,,99173,100
2019-06-28 09:50:50.000000000,99847,430,99816,430,99922,100,99722,100,99954,100,99597,100,100109,100,99596,100,100113,100,99517,100,100122,100,99429,100,100196,100,99322,100,100971,100,99283,100,101031,100,99236,100,,,99173,100
2019-06-28 09:51:00.000000000,99847,265,99816,265,99922,265,99722,265,99954,100,99597,100,100109,100,99596,100,100113,100,99517,100,100122,100,99429,100,100196,100,99322,100,100971,100,99283,100,101031,100,99236,100,,,99173,100
2019-06-28 09:51:01.251951707,99847,165,99816,265,99922,265,99722,265,99954,100,99597,100,100109,100,99596,100,100113,100,99517,100,100122,100,99429,100,100196,100,99322,100,100971,100,99283,100,101031,100,99236,100,,,99173,100
2019-06-28 09:51:10.000000000,99922,212,99816,212,99954,209,99722,209,100109,209,99597,209,100113,100,99596,100,100122,100,99517,100,100196,100,99429,100,100971,100,99322,100,101031,100,99283,100,,,99236,100,,,99173,100
2019-06-28 09:51:17.014545544,99922,212,99816,212,99954,209,99722,209,100109,209,99597,209,100113,100,99596,100,100122,100,99517,100,100196,100,99429,100,100600,100,99322,100,100971,100,99283,100,101031,100,99236,100,,,99173,100
2019-06-28 09:51:20.000000000,99922,212,99816,212,99954,209,99722,209,100109,209,99597,209,100113,100,99596,100,100122,100,99517,100,100196,100,99429,100,100600,100,99322,100,100971,100,99283,100,101031,100,99236,100,,,99173,100
2019-06-28 09:51:30.000000000,99922,166,99816,166,99954,166,99722,166,100109,166,99597,166,100113,166,99596,166,100122,166,99517,166,100196,100,99429,100,100600,100,99322,100,100971,100,99283,100,101031,100,99236,100,,,99173,100
2019-06-28 09:51:39.064611479,99922,166,99847,100,99954,166,99816,166,100109,166,99722,166,100113,166,99597,166,100122,166,99596,166,100196,100,99517,166,100600,100,99429,100,100971,100,99322,100,101031,100,99283,100,,,99236,100
2019-06-28 09:51:40.000000000,99922,166,99847,166,99954,166,99816,166,100109,166,99722,166,100113,166,99597,166,100122,166,99596,166,100196,100,99517,100,100600,100,99429,100,100971,100,99322,100,101031,100,99283,100,,,99236,100
2019-06-28 09:51:47.748166491,99922,166,99847,166,99954,166,99816,166,100109,166,99722,166,100113,166,99597,166,100122,166,99596,166,100196,100,99517,100,100423,100,99429,100,100600,100,99283,100,100971,100,99236,100,101031,100,99173,100
2019-06-28 09:51:50.000000000,99922,265,99847,265,99954,265,99816,265,100109,100,99722,100,100113,100,99597,100,100122,100,99596,100,100196,100,99517,100,100423,100,99429,100,100600,100,99283,100,100971,100,99236,100,101031,100,99173,100
2019-06-28 09:52:00.000000000,99922,212,99847,212,99954,209,99816,209,100109,209,99722,209,100113,100,99597,100,100122,100,99596,100,100196,100,99517,100,100423,100,99429,100,100600,100,99283,100,100971,100,99236,100,101031,100,99173,100
2019-06-28 09:52:07.590938034,99922,212,99847,212,99954,209,99816,209,100109,209,99736,100,100113,100,99722,209,100122,100,99597,100,100196,100,99596,100,100423,100,99429,100,100600,100,99283,100,100971,100,99236,100,101031,100,99173,100
2019-06-28 09:52:07.653599351,99866,100,99847,212,99922,212,99816,209,99954,209,99736,100,100109,209,99722,209,100113,100,99597,100,100122,100,99596,100,100196,100,99429,100,100423,100,99283,100,100600,100,99236,100,100971,100,99173,100
2019-06-28 09:52:10.000000000,99866,166,99847,166,99922,166,99816,166,99954,166,99736,166,100109,166,99722,166,100113,166,99597,166,100122,100,99596,100,100196,100,99429,100,100423,100,99283,100,100600,100,99236,100,100971,100,99173,100
2019-06-28 09:52:20.000000000,99866,212,99847,212,99922,209,99816,209,99954,209,99736,209,100109,100,99722,100,100113,100,99597,100,100122,100,99596,100,100196,100,99429,100,100423,100,99283,100,100600,100,99236,100,100971,100,99173,100
2019-06-28 09:52:28.834946302,99866,112,99864,100,99922,209,99847,212,99954,209,99816,209,100109,100,99736,209,100113,100,99722,100,100122,100,99597,100,100196,100,99596,100,100423,100,99429,100,100600,100,99283,100,100971,100,99236,100
2019-06-28 09:52:30.000000000,99922,182,99864,182,99954,182,99847,182,100109,182,99816,182,100113,182,99736,182,100122,100,99722,100,100196,100,99597,100,100423,100,99596,100,100600,100,99429,100,100971,100,99283,100,,,99236,100
2019-06-28 09:52:32.178264592,99922,182,99864,182,99954,182,99847,282,100109,182,99816,182,100113,182,99736,182,100122,100,99722,100,100196,100,99597,100,100423,100,99596,100,100600,100,99429,100,100971,100,99283,100,,,99236,100
2019-06-28 09:52:33.123475958,99922,182,99864,182,99954,182,99847,282,100109,182,99816,182,100113,182,99736,182,100122,100,99722,100,100196,100,99597,100,100423,100,99596,100,100600,100,99429,100,100971,100,99283,100,,,99236,100
2019-06-28 09:52:34.803757249,99922,82,99864,182,99954,182,99847,282,100109,182,99816,182,100113,182,99736,182,100122,100,99722,100,100196,100,99597,100,100423,100,99596,100,100600,100,99429,100,100971,100,99283,100,,,99236,100
2019-06-28 09:52:40.000000000,99954,430,99864,430,100109,100,99847,200,100113,100,99816,100,100122,100,99736,100,100196,100,99722,100,100423,100,99597,100,100600,100,99596,100,100971,100,99429,100,,,99283,100,,,99236,100
2019-06-28 09:52:41.024314420,99954,430,99864,430,100109,100,99847,200,100113,100,99816,100,100122,100,99755,100,100196,100,99736,100,100423,100,99722,100,100600,100,99597,100,100971,100,99596,100,,,99429,100,,,99283,100
2019-06-28 09:52:50.000000000,99954,212,99864,212,100109,209,99847,309,100113,209,99816,209,100122,100,99755,100,100196,100,99736,100,100423,100,99722,100,100600,100,99597,100,100971,100,99596,100,,,99429,100,,,99283,100
2019-06-28 09:52:50.313220643,99954,212,99864,212,100057,100,99847,309,100109,209,99816,209,100113,209,99755,100,100122,100,99736,100,100196,100,99722,100,100423,100,99597,100,100600,100,99596,100,100971,100,99429,100,,,99283,100
2019-06-28 09:53:00.000000000,99954,212,99864,212,100057,209,99847,309,100109,209,99816,209,100113,100,99755,100,100122,100,99736,100,100196,100,99722,100,100423,100,99597,100,100600,100,99596,100,100971,100,99429,100,,,99283,100
2019-06-28 09:53:10.000000000,99954,166,99864,166,100057,166,99847,266,100109,166,99816,166,100113,166,99755,166,100122,166,99736,166,100196,100,99722,100,100423,100,99597,100,100600,100,99596,100,100971,100,99429,100,,,99283,100
2019-06-28 09:53:16.839491234,99954,166,99864,166,100057,166,99847,266,100109,166,99816,166,100113,166,99755,166,100122,166,99736,166,100196,100,99722,100,100423,100,99597,100,100600,100,99596,100,100971,100,99429,100,,,99283,100
2019-06-28 09:53:19.228474656,99954,166,99864,166,100057,166,99847,266,100109,166,99816,166,100113,166,99755,166,100122,166,99736,166,100196,100,99722,100,100423,100,99597,100,100600,100,99596,100,100971,100,99429,100,,,99283,100
2019-06-28 09:53:20.000000000,99954,265,99864,265,100057,265,99847,365,100109,100,99816,100,100113,100,99755,100,100122,100,99736,100,100196,100,99722,100,100423,100,99597,100,100600,100,99596,100,100971,100,99429,100,,,99283,100
2019-06-28 09:53:30.000000000,99954,265,99864,265,100057,265,99847,365,100109,100,99816,100,100113,100,99755,100,100122,100,99736,100,100196,100,99722,100,100423,100,99597,100,100600,100,99596,100,100971,100,99429,100,,,99283,100
2019-06-28 09:53:40.000000000,99954,182,99864,182,100057,182,99847,282,100109,182,99816,182,100113,182,99755,182,100122,100,99736,100,100196,100,99722,100,100423,100,99597,100,100600,100,99596,100,100971,100,99429,100,,,99283,100
2019-06-28 09:53:40.208758150,99954,182,99864,82,100057,182,99847,282,100109,182,99816,182,100113,182,99755,182,100122,100,99736,100,100196,100,99722,100,100423,100,99597,100,100600,100,99596,100,100971,100,99429,100,,,99283,100
2019-06-28 09:53:40.731938885,99954,182,99864,82,100057,182,99847,282,100109,182,99816,182,100113,182,99755,182,100122,100,99736,100,100196,100,99722,100,100423,100,99597,100,100600,100,99429,100,100971,100,99349,100,,,99283,100
2019-06-28 09:53:44.853076532,99864,18,99847,282,99954,182,99816,82,100057,182,99755,182,100109,182,99736,100,100113,182,99722,100,100122,100,99597,100,100196,100,99429,100,100423,100,99349,100,100600,100,99283,100,100971,100,99236,100
2019-06-28 09:53:50.000000000,99864,183,99847,365,99954,265,99755,265,100057,100,99736,100,100109,100,99722,100,100113,100,99597,100,100122,100,99429,100,100196,100,99349,100,100423,100,99283,100,100600,100,99236,100,100971,100,99233,100
2019-06-28 09:54:00.000000000,99864,183,99847,365,99954,265,99755,265,100057,100,99736,100,100109,100,99722,100,100113,100,99597,100,100122,100,99429,100,100196,100,99349,100,100423,100,99283,100,100600,100,99236,100,100971,100,99233,100
2019-06-28 09:54:02.390025294,99864,183,99847,365,99954,265,99755,265,100057,100,99736,100,100109,100,99722,100,100113,100,99597,100,100122,100,99429,100,100423,100,99349,100,100600,100,99283,100,100971,100,99236,100,,,99233,100
2019-06-28 09:54:10.000000000,99864,100,99847,282,99954,182,99755,182,100057,182,99736,182,100109,182,99722,182,100113,100,99597,100,100122,100,99429,100,100423,100,99349,100,100600,100,99283,100,100971,100,99236,100,,,99233,100
2019-06-28 09:54:15.407022433,99864,100,99847,182,99954,182,99755,182,100057,182,99736,182,100109,182,99722,182,100113,100,99597,100,100122,100,99429,100,100423,100,99349,100,100600,100,99283,100,100971,100,99236,100,,,99233,100
2019-06-28 09:54:20.000000000,99864,130,99847,212,99954,209,99755,209,100057,209,99736,209,100109,100,99722,100,100113,100,99597,100,100122,100,99429,100,100423,100,99349,100,100600,100,99283,100,100971,100,99236,100,,,99233,100
2019-06-28 09:54:30.000000000,99864,100,99847,182,99954,182,99755,182,100057,182,99736,182,100109,182,99722,182,100113,100,99597,100,100122,100,99429,100,100423,100,99349,100,100600,100,99283,100,100971,100,99236,100,,,99233,100
2019-06-28 09:54:30.091684194,99864,100,99847,82,99954,182,99755,182,100057,182,99736,182,100109,182,99722,182,100113,100,99597,100,100122,100,99429,100,100423,100,99349,100,100600,100,99283,100,100971,100,99236,100,,,99233,100
2019-06-28 09:54:31.049701925,99847,18,99755,182,99864,100,99736,182,99954,182,99722,182,100057,182,99597,100,100109,182,99429,100,100113,100,99349,100,100122,100,99283,100,100423,100,99236,100,100600,100,99233,100,100971,100,99173,100
2019-06-28 09:54:40.000000000,99847,130,99755,212,99864,127,99736,209,99954,209,99722,209,100057,100,99597,100,100109,100,99429,100,100113,100,99349,100,100122,100,99283,100,100423,100,99236,100,100600,100,99233,100,100971,100,99173,100
2019-06-28 09:54:42.152406999,99847,130,99755,112,99864,127,99736,209,99954,209,99722,209,100057,100,99597,100,100109,100,99429,100,100113,100,99349,100,100122,100,99283,100,100423,100,99233,100,100600,100,99173,100,100971,100,99151,100
2019-06-28 09:54:43.723389553,99847,130,99755,12,99864,127,99736,209,99954,209,99722,209,100057,100,99597,100,100109,100,99429,100,100113,100,99349,100,100122,100,99283,100,100423,100,99233,100,100600,100,99173,100,100971,100,99151,100
2019-06-28 09:54:47.313506833,99755,88,99736,209,99847,130,99722,209,99864,127,99597,100,99954,209,99429,100,100057,100,99349,100,100113,100,99283,100,100122,100,99233,100,100423,100,99173,100,100600,100,99151,100,100971,100,99073,100
2019-06-28 09:54:50.000000000,99755,253,99736,265,99847,183,99722,265,99864,18,99597,100,99954,100,99429,100,100057,100,99349,100,100113,100,99283,100,100122,100,99233,100,100423,100,99173,100,100600,100,99151,100,100971,100,99073,100
2019-06-28 09:54:51.212793628,99755,253,99736,165,99847,183,99722,265,99864,18,99597,100,99954,100,99429,100,100057,100,99349,100,100113,100,99283,100,100122,100,99233,100,100423,100,99173,100,100600,100,99151,100,100971,100,99073,100
2019-06-28 09:54:55.038173111,99755,253,99736,165,99847,183,99722,165,99864,18,99597,100,99954,100,99518,100,100057,100,99429,100,100113,100,99349,100,100122,100,99283,100,100423,100,99233,100,100600,100,99173,100,100971,100,99151,100
2019-06-28 09:54:59.997075754,99755,253,99736,65,99847,183,99722,165,99864,18,99597,100,99954,100,99429,100,100057,100,99349,100,100113,100,99283,100,100122,100,99233,100,100423,100,99173,100,100600,100,99151,100,100971,100,99073,100
2019-06-28 09:55:00.000000000,99755,154,99597,166,99847,84,99429,166,99864,84,99349,166,99954,166,99283,166,100057,166,99233,166,100113,100,99173,100,100122,100,99151,100,100423,100,99073,100,100600,100,99009,100,100971,100,98868,100
2019-06-28 09:55:10.000000000,99755,418,99597,430,99847,18,99429,100,99864,18,99349,100,99954,100,99283,100,100057,100,99233,100,100113,100,99173,100,100122,100,99151,100,100423,100,99073,100,100600,100,99009,100,100971,100,98868,100
2019-06-28 09:55:20.000000000,99755,200,99597,212,99847,127,99429,209,99864,127,99349,209,99954,100,99283,100,100057,100,99233,100,100113,100,99173,100,100122,100,99151,100,100423,100,99073,100,100600,100,99009,100,100971,100,98868,100
2019-06-28 09:55:30.000000000,99755,253,99597,265,99847,183,99429,265,99864,18,99349,100,99954,100,99283,100,100057,100,99233,100,100113,100,99173,100,100122,100,99151,100,100423,100,99073,100,100600,100,99009,100,100971,100,98868,100
2019-06-28 09:55:40.000000000,99755,154,99597,166,99847,84,99429,166,99864,84,99349,166,99954,166,99283,166,100057,166,99233,166,100113,100,99173,100,100122,100,99151,100,100423,100,99073,100,100600,100,99009,100,100971,100,98868,100
2019-06-28 09:55:41.885800418,99736,100,99597,166,99755,154,99429,166,99847,84,99349,166,99864,84,99283,166,99954,166,99233,166,100057,166,99173,100,100113,100,99151,100,100122,100,99073,100,100423,100,99009,100,100600,100,98868,100
2019-06-28 09:55:42.027647659,99736,100,99597,66,99755,154,99429,166,99847,84,99349,166,99864,84,99283,166,99954,166,99233,166,100057,166,99173,100,100113,100,99151,100,100122,100,99073,100,100423,100,99009,100,100600,100,98868,100
2019-06-28 09:55:49.923472110,99736,100,99597,66,99755,154,99429,166,99847,84,99349,166,99864,84,99283,166,99954,166,99233,166,100057,166,99173,100,100113,100,99151,100,100122,100,99073,100,100423,100,99057,100,100600,100,99009,100
2019-06-28 09:55:50.000000000,99736,182,99429,182,99755,170,99349,182,99847,100,99283,182,99864,100,99233,182,99954,100,99173,100,100057,100,99151,100,100113,100,99073,100,100122,100,99057,100,100423,100,99009,100,100600,100,98868,100
2019-06-28 09:56:00.000000000,99736,166,99429,166,99755,154,99349,166,99847,84,99283,166,99864,84,99233,166,99954,166,99173,166,100057,100,99151,100,100113,100,99073,100,100122,100,99057,100,100423,100,99009,100,100600,100,98868,100
2019-06-28 09:56:02.018263844,99736,166,99429,66,99755,154,99349,166,99847,84,99283,166,99864,84,99233,166,99954,166,99173,66,100057,100,99151,100,100113,100,99073,100,100122,100,99057,100,100423,100,99009,100,100600,100,98868,100
2019-06-28 09:56:10.000000000,99736,212,99349,212,99755,197,99283,209,99847,127,99233,209,99864,18,99151,100,99954,100,99073,100,100057,100,99057,100,100113,100,99009,100,100122,100,98868,100,100423,100,98750,100,100600,100,,
2019-06-28 09:56:17.247529194,99736,212,99349,212,99755,197,99283,209,99847,127,99233,209,99864,18,99151,100,99954,100,99073,100,100057,100,99057,100,100113,100,99023,100,100122,100,99009,100,100423,100,98868,100,100600,100,98750,100
2019-06-28 09:56:20.000000000,99736,430,99349,430,99755,88,99283,100,99847,18,99233,100,99864,18,99151,100,99954,100,99073,100,100057,100,99057,100,100113,100,99023,100,100122,100,99009,100,100423,100,98868,100,100600,100,98750,100
2019-06-28 09:56:24.644575440,99597,100,99349,430,99736,430,99283,100,99755,88,99233,100,99847,18,99151,100,99864,18,99073,100,99954,100,99057,100,100057,100,99023,100,100113,100,99009,100,100122,100,98868,100,100423,100,98750,100
2019-06-28 09:56:30.000000000,99597,166,99349,166,99736,166,99283,166,99755,154,99233,166,99847,84,99151,166,99864,84,99073,166,99954,100,99057,100,100057,100,99023,100,100113,100,99009,100,100122,100,98868,100,100423,100,98750,100
2019-06-28 09:56:40.000000000,99597,265,99349,265,99736,265,99283,265,99755,88,99233,100,99847,18,99151,100,99864,18,99073,100,99954,100,99057,100,100057,100,99023,100,100113,100,99009,100,100122,100,98868,100,100423,100,98750,100
2019-06-28 09:56:45.554843816,99597,365,99349,265,99736,265,99283,265,99755,88,99233,100,99847,18,99151,100,99864,18,99073,100,99954,100,99057,100,100057,100,99023,100,100113,100,99009,100,100122,100,98868,100,100423,100,98750,100
2019-06-28 09:56:50.000000000,99597,282,99349,182,99736,182,99283,182,99755,170,99233,182,99847,100,99151,182,99864,18,99073,100,99954,100,99057,100,100057,100,99023,100,100113,100,99009,100,100122,100,98868,100,100423,100,98750,100
2019-06-28 09:56:54.744297594,99597,282,99349,182,99736,182,99344,100,99755,170,99283,182,99847,100,99233,182,99864,18,99151,182,99954,100,99073,100,100057,100,99057,100,100113,100,99023,100,100122,100,99009,100,100423,100,98868,100
2019-06-28 09:57:00.000000000,99597,530,99349,430,99736,100,99344,100,99755,88,99283,100,99847,18,99233,100,99864,18,99151,100,99954,100,99073,100,100057,100,99057,100,100113,100,99023,100,100122,100,99009,100,100423,100,98868,100
2019-06-28 09:57:10.000000000,99597,365,99349,265,99736,265,99344,265,99755,88,99283,100,99847,18,99233,100,99864,18,99151,100,99954,100,99073,100,100057,100,99057,100,100113,100,99023,100,100122,100,99009,100,100423,100,98868,100
2019-06-28 09:57:12.491404867,99597,365,99349,165,99736,265,99344,265,99755,88,99283,100,99847,18,99233,100,99864,18,99151,100,99954,100,99073,100,100057,100,99057,100,100113,100,99023,100,100122,100,99009,100,100423,100,98868,100
2019-06-28 09:57:13.245054681,99597,365,99349,65,99736,265,99344,265,99755,88,99283,100,99847,18,99233,100,99864,18,99151,100,99954,100,99073,100,100057,100,99057,100,100113,100,99023,100,100122,100,99009,100,100423,100,98868,100
2019-06-28 09:57:20.000000000,99597,266,99344,166,99736,166,99283,166,99755,154,99233,166,99847,84,99151,166,99864,84,99073,166,99954,100,99057,100,100057,100,99023,100,100113,100,99009,100,100122,100,98868,100,100423,100,98750,100
2019-06-28 09:57:22.993299791,99597,266,99344,166,99736,166,99283,166,99755,154,99233,166,99847,84,99151,166,99864,84,99090,100,99954,100,99073,166,100057,100,99057,100,100113,100,99023,100,100122,100,99009,100,100423,100,98868,100
2019-06-28 09:57:30.000000000,99597,365,99344,265,99736,265,99283,265,99755,88,99233,100,99847,18,99151,100,99864,18,99090,100,99954,100,99073,100,100057,100,99057,100,100113,100,99023,100,100122,100,99009,100,100423,100,98868,100
2019-06-28 09:57:30.379271535,99597,365,99344,265,99736,265,99283,265,99755,88,99233,100,99847,18,99151,100,99864,18,99145,100,99954,100,99090,100,100057,100,99073,100,100113,100,99057,100,100122,100,99023,100,100423,100,99009,100
2019-06-28 09:57:40.000000000,99597,530,99344,430,99736,100,99283,100,99755,88,99233,100,99847,18,99151,100,99864,18,99145,100,99954,100,99090,100,100057,100,99073,100,100113,100,99057,100,100122,100,99023,100,100423,100,99009,100
2019-06-28 09:57:42.652012003,99597,530,99344,430,99736,100,99283,100,99755,88,99233,100,99847,18,99151,100,99864,18,99145,100,99954,100,99091,100,100057,100,99090,100,100113,100,99073,100,100122,100,99057,100,100423,100,99023,100
2019-06-28 09:57:50.000000000,99597,282,99344,182,99736,182,99283,182,99755,170,99233,182,99847,100,99151,182,99864,18,99145,100,99954,100,99091,100,100057,100,99090,100,100113,100,99073,100,100122,100,99057,100,100423,100,99023,100
2019-06-28 09:57:51.553609611,99349,100,99344,182,99597,182,99283,182,99736,182,99233,182,99755,170,99151,182,99847,100,99145,100,99864,18,99091,100,99954,100,99090,100,100057,100,99073,100,100113,100,99057,100,100122,100,99023,100
2019-06-28 09:58:00.000000000,99349,182,99344,182,99597,182,99283,182,99736,182,99233,182,99755,170,99151,182,99847,18,99145,100,99864,18,99091,100,99954,100,99090,100,100057,100,99073,100,100113,100,99057,100,100122,100,99023,100
2019-06-28 09:58:10.000000000,99349,430,99344,430,99597,100,99283,100,99736,100,99233,100,99755,88,99151,100,99847,18,99145,100,99864,18,99091,100,99954,100,99090,100,100057,100,99073,100,100113,100,99057,100,100122,100,99023,100
2019-06-28 09:58:20.000000000,99349,182,99344,182,99597,182,99283,182,99736,182,99233,182,99755,170,99151,182,99847,18,99145,100,99864,18,99091,100,99954,100,99090,100,100057,100,99073,100,100113,100,99057,100,100122,100,99023,100
2019-06-28 09:58:30.000000000,99349,166,99344,166,99597,166,99283,166,99736,166,99233,166,99755,154,99151,166,99847,84,99145,166,99864,18,99091,100,99954,100,99090,100,100057,100,99073,100,100113,100,99057,100,100122,100,99023,100
2019-06-28 09:58:31.423150521,99349,166,99344,166,99597,166,99283,166,99736,166,99233,166,99755,154,99151,166,99847,84,99145,166,99864,18,99091,100,99887,100,99090,100,99954,100,99073,100,100057,100,99057,100,100113,100,99023,100
2019-06-28 09:58:40.000000000,99349,265,99344,265,99597,265,99283,265,99736,100,99233,100,99755,88,99151,100,99847,18,99145,100,99864,18,99091,100,99887,100,99090,100,99954,100,99073,100,100057,100,99057,100,100113,100,99023,100
2019-06-28 09:58:50.000000000,99349,265,99344,265,99597,265,99283,265,99736,100,99233,100,99755,88,99151,100,99847,18,99145,100,99864,18,99091,100,99887,100,99090,100,99954,100,99073,100,100057,100,99057,100,100113,100,99023,100
2019-06-28 09:58:55.465250022,99349,165,99344,265,99597,265,99283,265,99736,100,99233,100,99755,88,99151,100,99847,18,99145,100,99864,18,99091,100,99887,100,99090,100,99954,100,99073,100,100057,100,99057,100,100113,100,99023,100
2019-06-28 09:59:00.000000000,99597,166,99344,166,99736,166,99283,166,99755,154,99233,166,99847,84,99151,166,99864,84,99145,166,99887,100,99091,100,99954,100,99090,100,100057,100,99073,100,100113,100,99057,100,100122,100,99023,100
2019-06-28 09:59:10.000000000,99597,212,99344,212,99736,209,99283,209,99755,197,99233,209,99847,18,99151,100,99864,18,99145,100,99887,100,99091,100,99954,100,99090,100,100057,100,99073,100,100113,100,99057,100,100122,100,99023,100
2019-06-28 09:59:20.000000000,99597,212,99344,212,99736,209,99283,209,99755,197,99233,209,99847,18,99151,100,99864,18,99145,100,99887,100,99091,100,99954,100,99090,100,100057,100,99073,100,100113,100,99057,100,100122,100,99023,100
2019-06-28 09:59:30.000000000,99597,212,99344,212,99736,209,99283,209,99755,197,99233,209,99847,18,99151,100,99864,18,99145,100,99887,100,99091,100,99954,100,99090,100,100057,100,99073,100,100113,100,99057,100,100122,100,99023,100
2019-06-28 09:59:40.000000000,99597,265,99344,265,99736,265,99283,265,99755,88,99233,100,99847,18,99151,100,99864,18,99145,100,99887,100,99091,100,99954,100,99090,100,100057,100,99073,100,100113,100,99057,100,100122,100,99023,100
2019-06-28 09:59:41.542717283,99597,265,99344,265,99736,265,99283,265,99755,88,99233,100,99847,18,99151,100,99864,18,99145,100,99887,100,99091,100,99954,100,99090,100,100057,100,99073,100,100113,100,99057,100,100122,100,99023,100
2019-06-28 09:59:50.000000000,99597,430,99344,430,99736,100,99283,100,99755,88,99233,100,99847,18,99151,100,99864,18,99145,100,99887,100,99091,100,99954,100,99090,100,100057,100,99073,100,100113,100,99057,100,100122,100,99023,100
2019-06-28 09:59:57.623307682,99597,430,99344,430,99736,100,99283,100,99755,88,99233,100,99847,18,99151,100,99864,18,99145,100,99887,100,99091,100,99954,100,99090,100,100057,100,99073,100,100113,100,99057,100,100122,100,99023,100
2019-06-28 10:00:00.000000000,99597,182,99344,182,99736,182,99283,182,99755,170,99233,182,99847,100,99151,182,99864,18,99145,100,99887,100,99091,100,99954,100,99090,100,100057,100,99073,100,100113,100,99057,100,100122,100,99023,100
2019-06-28 10:00:01.654866478,99597,82,99344,182,99736,182,99283,182,99755,170,99233,182,99847,100,99151,182,99864,18,99145,100,99887,100,99091,100,99954,100,99090,100,100057,100,99073,100,100113,100,99057,100,100122,100,99023,100
2019-06-28 10:00:05.636120333,99597,82,99344,182,99736,182,99283,182,99755,170,99233,182,99847,100,99151,182,99864,18,99145,100,99887,100,99091,100,99954,100,99090,100,100001,100,99073,100,100057,100,99057,100,100122,100,99023,100
2019-06-28 10:00:05.801922321,99597,82,99344,182,99736,182,99283,182,99755,170,99233,182,99847,100,99151,182,99864,18,99145,100,99887,100,99091,100,99954,100,99090,100,100001,100,99073,100,100046,100,99057,100,100057,100,99023,100
2019-06-28 10:00:09.940175614,99597,82,99349,100,99736,182,99344,182,99755,170,99283,182,99847,100,99233,182,99864,18,99151,182,99887,100,99145,100,99954,100,99091,100,100001,100,99090,100,100046,100,99073,100,100057,100,99057,100
2019-06-28 10:00:10.000000000,99736,265,99349,265,99755,253,99344,265,99847,18,99283,100,99864,18,99233,100,99887,100,99151,100,99954,100,99145,100,100001,100,99091,100,100046,100,99090,100,100057,100,99073,100,100123,100,99057,100
2019-06-28 10:00:10.588383387,99736,265,99349,365,99755,253,99344,265,99847,18,99283,100,99864,18,99233,100,99887,100,99151,100,99954,100,99145,100,100001,100,99091,100,100046,100,99090,100,100057,100,99073,100,100123,100,99057,100
2019-06-28 10:00:12.990912358,99736,265,99349,365,99755,253,99344,265,99847,18,99283,100,99864,18,99233,100,99887,100,99151,100,99954,100,99145,100,100001,100,99091,100,100046,100,99090,100,100057,100,99073,100,100123,100,99057,100
2019-06-28 10:00:20.000000000,99736,430,99349,530,99755,88,99344,100,99847,18,99283,100,99864,18,99233,100,99887,100,99151,100,99954,100,99145,100,100001,100,99091,100,100046,100,99090,100,100057,100,99073,100,100123,100,99057,100
2019-06-28 10:00:22.681465643,99736,330,99349,530,99755,88,99344,100,99847,18,99283,100,99864,18,99233,100,99887,100,99151,100,99954,100,99145,100,100001,100,99091,100,100046,100,99090,100,100057,100,99073,100,100123,100,99057,100
2019-06-28 10:00:30.000000000,99755,253,99349,365,99847,183,99344,265,99864,18,99283,100,99887,100,99233,100,99954,100,99151,100,100001,100,99145,100,100046,100,99091,100,100057,100,99090,100,100123,100,99073,100,100162,100,99057,100
2019-06-28 10:00:40.000000000,99755,170,99349,282,99847,100,99344,182,99864,100,99283,182,99887,182,99233,182,99954,100,99151,100,100001,100,99145,100,100046,100,99091,100,100057,100,99090,100,100123,100,99073,100,100162,100,99057,100
2019-06-28 10:00:40.234937307,99755,170,99349,282,99847,100,99344,182,99864,100,99283,182,99887,182,99233,182,99954,100,99151,100,99965,100,99145,100,100001,100,99091,100,100046,100,99090,100,100057,100,99073,100,100123,100,99057,100
2019-06-28 10:00:42.331725190,99755,70,99349,282,99847,100,99344,82,99864,100,99283,182,99887,182,99233,182,99954,100,99151,100,99965,100,99145,100,100001,100,99091,100,100046,100,99090,100,100057,100,99073,100,100123,100,99057,100
2019-06-28 10:00:44.067338745,99847,100,99755,30,99864,100,99349,282,99887,182,99344,82,99954,100,99283,182,99965,100,99233,182,100001,100,99151,100,100046,100,99145,100,100057,100,99091,100,100123,100,99090,100,100162,100,99073,100
2019-06-28 10:00:50.000000000,99847,84,99755,96,99864,84,99349,266,99887,166,99283,166,99954,166,99233,166,99965,166,99151,166,100001,100,99145,100,100046,100,99091,100,100057,100,99090,100,100123,100,99073,100,100162,100,99057,100
2019-06-28 10:01:00.000000000,99847,100,99755,112,99864,100,99349,282,99887,182,99283,182,99954,182,99233,182,99965,100,99151,100,100001,100,99145,100,100046,100,99091,100,100057,100,99090,100,100123,100,99073,100,100162,100,99057,100
2019-06-28 10:01:04.553428182,99847,100,99755,112,99864,100,99349,182,99887,182,99283,182,99954,182,99233,182,99965,100,99151,100,100001,100,99145,100,100046,100,99091,100,100057,100,99090,100,100123,100,99073,100,100162,100,99057,100
2019-06-28 10:01:10.000000000,99847,183,99755,195,99864,183,99349,265,99887,100,99283,100,99954,100,99233,100,99965,100,99151,100,100001,100,99145,100,100046,100,99091,100,100057,100,99090,100,100123,100,99073,100,100162,100,99057,100
2019-06-28 10:01:10.761076981,99847,183,99755,195,99864,183,99349,265,99887,100,99283,100,99954,100,99233,100,99965,100,99151,100,100001,100,99145,100,100046,100,99091,100,100057,100,99090,100,100084,100,99073,100,100123,100,99057,100
2019-06-28 10:01:20.000000000,99847,348,99755,360,99864,18,99349,100,99887,100,99283,100,99954,100,99233,100,99965,100,99151,100,100001,100,99145,100,100046,100,99091,100,100057,100,99090,100,100084,100,99073,100,100123,100,99057,100
2019-06-28 10:01:21.549415692,99847,348,99755,360,99864,18,99349,100,99887,100,99283,100,99954,100,99233,100,99965,100,99151,100,100001,100,99145,100,100046,100,99091,100,100057,100,99090,100,100084,100,99073,100,100123,100,99057,100
2019-06-28 10:01:30.000000000,99847,84,99755,96,99864,84,99349,166,99887,166,99283,166,99954,166,99233,166,99965,166,99151,166,100001,100,99145,100,100046,100,99091,100,100057,100,99090,100,100084,100,99073,100,100123,100,99057,100
2019-06-28 10:01:33.941516478,99847,84,99755,96,99864,84,99349,166,99866,100,99283,166,99887,166,99233,166,99954,166,99151,166,99965,166,99145,100,100001,100,99091,100,100046,100,99090,100,100057,100,99073,100,100084,100,99057,100
2019-06-28 10:01:38.144348647,99847,84,99755,66,99864,84,99349,166,99866,100,99283,166,99887,166,99233,166,99954,166,99151,166,99958,100,99145,100,99965,166,99091,100,100001,100,99090,100,100046,100,99073,100,100057,100,99057,100
2019-06-28 10:01:40.000000000,99847,183,99349,265,99864,183,99283,265,99866,100,99233,100,99887,100,99151,100,99954,100,99145,100,99958,100,99091,100,99965,100,99090,100,100001,100,99073,100,100046,100,99057,100,100057,100,99023,100
2019-06-28 10:01:44.110529001,99847,183,99349,265,99864,183,99283,265,99866,100,99233,100,99881,100,99151,100,99887,100,99145,100,99954,100,99091,100,99958,100,99090,100,99965,100,99073,100,100001,100,99057,100,100046,100,99023,100
2019-06-28 10:01:50.000000000,99847,100,99349,182,99864,100,99283,182,99866,182,99233,182,99881,182,99151,182,99887,100,99145,100,99954,100,99091,100,99958,100,99090,100,99965,100,99073,100,100001,100,99057,100,100046,100,99023,100
2019-06-28 10:01:54.005152498,99847,100,99755,100,99864,100,99349,182,99866,182,99283,182,99881,182,99233,182,99887,100,99151,182,99954,100,99145,100,99958,100,99091,100,99965,100,99090,100,100001,100,99073,100,100046,100,99057,100
2019-06-28 10:01:59.594980911,99847,100,99755,200,99864,100,99349,182,99866,182,99283,182,99881,182,99233,182,99887,100,99151,182,99954,100,99145,100,99958,100,99091,100,99965,100,99090,100,100001,100,99073,100,100046,100,99057,100
2019-06-28 10:02:00.000000000,99847,183,99755,365,99864,183,99349,265,99866,100,99283,100,99881,100,99233,100,99887,100,99151,100,99954,100,99145,100,99958,100,99091,100,99965,100,99090,100,100001,100,99073,100,100046,100,99057,100
2019-06-28 10:02:10.000000000,99847,130,99755,312,99864,127,99349,209,99866,209,99283,209,99881,100,99233,100,99887,100,99151,100,99954,100,99145,100,99958,100,99091,100,99965,100,99090,100,100001,100,99073,100,100046,100,99057,100
2019-06-28 10:02:10.780628093,99847,30,99755,312,99864,127,99349,209,99866,209,99283,209,99881,100,99151,100,99887,100,99145,100,99954,100,99091,100,99958,100,99090,100,99965,100,99073,100,100001,100,99057,100,100046,100,99023,100
2019-06-28 10:02:20.000000000,99864,130,99755,312,99866,209,99349,209,99881,209,99283,209,99887,100,99151,100,99954,100,99145,100,99958,100,99091,100,99965,100,99090,100,100001,100,99073,100,100046,100,99057,100,100057,100,99023,100
2019-06-28 10:02:25.460385701,99864,30,99755,312,99866,209,99349,209,99881,209,99283,209,99887,100,99151,100,99954,100,99145,100,99958,100,99091,100,99965,100,99090,100,100001,100,99073,100,100046,100,99057,100,100057,100,99023,100
2019-06-28 10:02:30.000000000,99866,166,99755,266,99881,166,99349,166,99887,166,99283,166,99954,166,99151,166,99958,166,99145,166,99965,100,99091,100,100001,100,99090,100,100046,100,99073,100,100057,100,99057,100,100084,100,99023,100
2019-06-28 10:02:32.987913187,99866,166,99839,100,99881,166,99755,266,99887,166,99349,166,99954,166,99283,166,99958,166,99151,166,99965,100,99145,166,100001,100,99091,100,100046,100,99090,100,100057,100,99073,100,100084,100,99057,100
2019-06-28 10:02:40.000000000,99866,166,99839,166,99881,166,99755,266,99887,166,99349,166,99954,166,99283,166,99958,166,99151,166,99965,100,99145,100,100001,100,99091,100,100046,100,99090,100,100057,100,99073,100,100084,100,99057,100
2019-06-28 10:02:50.000000000,99866,182,99839,182,99881,182,99755,282,99887,182,99349,182,99954,182,99283,182,99958,100,99151,100,99965,100,99145,100,100001,100,99091,100,100046,100,99090,100,100057,100,99073,100,100084,100,99057,100
2019-06-28 10:03:00.000000000,99866,430,99839,430,99881,100,99755,200,99887,100,99349,100,99954,100,99283,100,99958,100,99151,100,99965,100,99145,100,100001,100,99091,100,100046,100,99090,100,100057,100,99073,100,100084,100,99057,100
2019-06-28 10:03:01.166300052,99866,330,99839,430,99881,100,99755,200,99887,100,99349,100,99954,100,99283,100,99958,100,99151,100,99965,100,99145,100,100001,100,99091,100,100046,100,99090,100,100057,100,99073,100,100084,100,99057,100
2019-06-28 10:03:10.000000000,99881,265,99839,265,99887,265,99755,365,99954,100,99349,100,99958,100,99283,100,99965,100,99151,100,100001,100,99145,100,100046,100,99091,100,100057,100,99090,100,100084,100,99073,100,100123,100,99057,100
2019-06-28 10:03:20.000000000,99881,430,99839,430,99887,100,99755,200,99954,100,99349,100,99958,100,99283,100,99965,100,99151,100,100001,100,99145,100,100046,100,99091,100,100057,100,99090,100,100084,100,99073,100,100123,100,99057,100
2019-06-28 10:03:30.000000000,99881,182,99839,182,99887,182,99755,282,99954,182,99349,182,99958,182,99283,182,99965,100,99151,100,100001,100,99145,100,100046,100,99091,100,100057,100,99090,100,100084,100,99073,100,100123,100,99057,100
2019-06-28 10:03:35.438958536,99881,182,99839,182,99887,182,99755,282,99954,182,99349,182,99958,182,99283,182,99965,100,99176,100,100001,100,99151,100,100046,100,99145,100,100057,100,99091,100,100084,100,99090,100,100123,100,99073,100
2019-06-28 10:03:40.000000000,99881,212,99839,212,99887,209,99755,309,99954,209,99349,209,99958,100,99283,100,99965,100,99176,100,100001,100,99151,100,100046,100,99145,100,100057,100,99091,100,100084,100,99090,100,100123,100,99073,100
2019-06-28 10:03:41.120564413,99881,212,99839,212,99887,209,99755,309,99954,209,99349,209,99958,100,99301,100,99965,100,99283,100,100001,100,99176,100,100046,100,99151,100,100057,100,99145,100,100084,100,99091,100,100123,100,99090,100
2019-06-28 10:03:41.584761369,99881,212,99839,212,99887,209,99755,309,99954,209,99349,209,99958,100,99301,100,99965,100,99283,100,100001,100,99176,100,100046,100,99151,100,100057,100,99145,100,100084,100,99137,100,100123,100,99091,100
2019-06-28 10:03:50.000000000,99881,212,99839,212,99887,209,99755,309,99954,209,99349,209,99958,100,99301,100,99965,100,99283,100,100001,100,99176,100,100046,100,99151,100,100057,100,99145,100,100084,100,99137,100,100123,100,99091,100
2019-06-28 10:04:00.000000000,99881,166,99839,166,99887,166,99755,266,99954,166,99349,166,99958,166,99301,166,99965,166,99283,166,100001,100,99176,100,100046,100,99151,100,100057,100,99145,100,100084,100,99137,100,100123,100,99091,100
2019-06-28 10:04:00.053770370,99881,166,99839,66,99887,166,99755,266,99954,166,99349,166,99958,166,99301,166,99965,166,99283,166,100001,100,99176,100,100046,100,99145,100,100057,100,99137,100,100084,100,99091,100,100123,100,99090,100
2019-06-28 10:04:10.000000000,99881,182,99755,282,99887,182,99349,182,99954,182,99301,182,99958,182,99283,182,99965,100,99176,100,100001,100,99145,100,100046,100,99137,100,100057,100,99091,100,100084,100,99090,100,100123,100,99073,100
2019-06-28 10:04:20.000000000,99881,430,99755,530,99887,100,99349,100,99954,100,99301,100,99958,100,99283,100,99965,100,99176,100,100001,100,99145,100,100046,100,99137,100,100057,100,99091,100,100084,100,99090,100,100123,100,99073,100
2019-06-28 10:04:21.126806131,99881,430,99755,530,99887,100,99349,100,99954,100,99301,100,99958,100,99283,100,99965,100,99176,100,100001,100,99145,100,100046,100,99137,100,100057,100,99091,100,100084,100,99090,100,100123,100,99073,100
2019-06-28 10:04:30.000000000,99881,265,99755,365,99887,265,99349,265,99954,100,99301,100,99958,100,99283,100,99965,100,99176,100,100001,100,99145,100,100046,100,99137,100,100057,100,99091,100,100084,100,99090,100,100123,100,99073,100
2019-06-28 10:04:40.000000000,99881,166,99755,266,99887,166,99349,166,99954,166,99301,166,99958,166,99283,166,99965,166,99176,166,100001,100,99145,100,100046,100,99137,100,100057,100,99091,100,100084,100,99090,100,100123,100,99073,100
2019-06-28 10:04:50.000000000,99881,166,99755,266,99887,166,99349,166,99954,166,99301,166,99958,166,99283,166,99965,166,99176,166,100001,100,99145,100,100046,100,99137,100,100057,100,99091,100,100084,100,99090,100,100123,100,99073,100
2019-06-28 10:05:00.000000000,99881,430,99755,530,99887,100,99349,100,99954,100,99301,100,99958,100,99283,100,99965,100,99176,100,100001,100,99145,100,100046,100,99137,100,100057,100,99091,100,100084,100,99090,100,100123,100,99073,100
2019-06-28 10:05:10.000000000,99881,265,99755,365,99887,265,99349,265,99954,100,99301,100,99958,100,99283,100,99965,100,99176,100,100001,100,99145,100,100046,100,99137,100,100057,100,99091,100,100084,100,99090,100,100123,100,99073,100
2019-06-28 10:05:19.383257320,99881,265,99755,265,99887,265,99349,265,99954,100,99301,100,99958,100,99283,100,99965,100,99176,100,100001,100,99145,100,100046,100,99137,100,100057,100,99091,100,100084,100,99090,100,100123,100,99073,100
2019-06-28 10:05:20.000000000,99881,265,99755,265,99887,265,99349,265,99954,100,99301,100,99958,100,99283,100,99965,100,99176,100,100001,100,99145,100,100046,100,99137,100,100057,100,99091,100,100084,100,99090,100,100123,100,99073,100
2019-06-28 10:05:30.000000000,99881,182,99755,182,99887,182,99349,182,99954,182,99301,182,99958,182,99283,182,99965,100,99176,100,100001,100,99145,100,100046,100,99137,100,100057,100,99091,100,100084,100,99090,100,100123,100,99073,100
2019-06-28 10:05:40.000000000,99881,182,99755,182,99887,182,99349,182,99954,182,99301,182,99958,182,99283,182,99965,100,99176,100,100001,100,99145,100,100046,100,99137,100,100057,100,99091,100,100084,100,99090,100,100123,100,99073,100
2019-06-28 10:05:43.901621980,99881,182,99755,182,99887,182,99349,182,99953,100,99301,182,99954,182,99283,182,99958,182,99176,100,99965,100,99145,100,100046,100,99137,100,100057,100,99091,100,100084,100,99090,100,100123,100,99073,100
2019-06-28 10:05:50.000000000,99881,265,99755,265,99887,265,99349,265,99953,100,99301,100,99954,100,99283,100,99958,100,99176,100,99965,100,99145,100,100046,100,99137,100,100057,100,99091,100,100084,100,99090,100,100123,100,99073,100
2019-06-28 10:05:57.678862441,99881,265,99755,265,99887,265,99349,265,99953,100,99301,100,99954,100,99283,100,99958,100,99176,100,99965,100,99145,100,100046,100,99137,100,100057,100,99091,100,100084,100,99090,100,100123,100,99073,100
2019-06-28 10:06:00.000000000,99881,212,99755,212,99887,209,99349,209,99953,209,99301,209,99954,100,99283,100,99958,100,99176,100,99965,100,99145,100,100046,100,99137,100,100057,100,99091,100,100084,100,99090,100,100123,100,99073,100
2019-06-28 10:06:10.000000000,99881,166,99755,166,99887,166,99349,166,99953,166,99301,166,99954,166,99283,166,99958,166,99176,166,99965,100,99145,100,100046,100,99137,100,100057,100,99091,100,100084,100,99090,100,100123,100,99073,100
2019-06-28 10:06:16.870628872,99881,66,99755,166,99887,166,99349,166,99953,166,99301,166,99954,166,99283,166,99958,166,99176,166,99965,100,99145,100,100046,100,99137,100,100057,100,99091,100,100084,100,99090,100,100161,100,99073,100
2019-06-28 10:06:20.000000000,99887,265,99755,265,99953,265,99349,265,99954,100,99301,100,99958,100,99283,100,99965,100,99176,100,100046,100,99145,100,100057,100,99137,100,100084,100,99091,100,100161,100,99090,100,100162,100,99073,100
2019-06-28 10:06:27.792647354,99887,265,99756,100,99953,265,99755,265,99954,100,99349,265,99958,100,99301,100,99965,100,99283,100,100046,100,99176,100,100057,100,99145,100,100084,100,99137,100,100161,100,99091,100,100162,100,99090,100
2019-06-28 10:06:30.000000000,99887,182,99756,182,99953,182,99755,182,99954,182,99349,182,99958,182,99301,182,99965,100,99283,100,100046,100,99176,100,100057,100,99145,100,100084,100,99137,100,100161,100,99091,100,100162,100,99090,100
2019-06-28 10:06:40.000000000,99887,166,99756,166,99953,166,99755,166,99954,166,99349,166,99958,166,99301,166,99965,166,99283,166,100046,100,99176,100,100057,100,99145,100,100084,100,99137,100,100161,100,99091,100,100162,100,99090,100
2019-06-28 10:06:44.389711251,99887,166,99756,166,99953,166,99755,166,99954,166,99349,166,99958,166,99301,166,99965,166,99283,66,100045,100,99176,100,100046,100,99145,100,100057,100,99137,100,100084,100,99091,100,100161,100,99090,100
2019-06-28 10:06:49.652924582,99887,66,99756,166,99953,166,99755,166,99954,166,99349,166,99958,166,99301,166,99965,166,99283,66,100045,100,99176,100,100046,100,99145,100,100057,100,99137,100,100084,100,99091,100,100161,100,99090,100
2019-06-28 10:06:50.000000000,99953,265,99756,265,99954,265,99755,265,99958,100,99349,100,99965,100,99301,100,100045,100,99176,100,100046,100,99145,100,100057,100,99137,100,100084,100,99091,100,100161,100,99090,100,100162,100,99073,100
2019-06-28 10:06:52.386113342,99953,165,99756,265,99954,265,99755,265,99958,100,99349,100,99965,100,99301,100,100045,100,99176,100,100046,100,99145,100,100057,100,99137,100,100084,100,99091,100,100161,100,99090,100,100162,100,99073,100
2019-06-28 10:07:00.000000000,99954,166,99756,166,99958,166,99755,166,99965,166,99349,166,100045,166,99301,166,100046,166,99176,166,100057,100,99145,100,100084,100,99137,100,100161,100,99091,100,100162,100,99090,100,100183,100,99073,100
2019-06-28 10:07:10.000000000,99954,166,99756,166,99958,166,99755,166,99965,166,99349,166,100045,166,99301,166,100046,166,99176,166,100057,100,99145,100,100084,100,99137,100,100161,100,99091,100,100162,100,99090,100,100183,100,99073,100
2019-06-28 10:07:20.000000000,99954,265,99756,265,99958,265,99755,265,99965,100,99349,100,100045,100,99301,100,100046,100,99176,100,100057,100,99145,100,100084,100,99137,100,100161,100,99091,100,100162,100,99090,100,100183,100,99073,100
2019-06-28 10:07:29.717479644,99954,265,99931,100,99958,265,99756,265,99965,100,99755,265,100045,100,99349,100,100046,100,99301,100,100057,100,99145,100,100084,100,99137,100,100161,100,99091,100,100162,100,99090,100,100183,100,99073,100
