,ask_price_1,ask_size_1,bid_price_1,bid_size_1,ask_price_2,ask_size_2,bid_price_2,bid_size_2,ask_price_3,ask_size_3,bid_price_3,bid_size_3,ask_price_4,ask_size_4,bid_price_4,bid_size_4,ask_price_5,ask_size_5,bid_price_5,bid_size_5,ask_price_6,ask_size_6,bid_price_6,bid_size_6,ask_price_7,ask_size_7,bid_price_7,bid_size_7,ask_price_8,ask_size_8,bid_price_8,bid_size_8,ask_price_9,ask_size_9,bid_price_9,bid_size_9,ask_price_10,ask_size_10,bid_price_10,bid_size_10
2019-06-28 09:30:00.000000000,,,99880,100,,,,,,,,,,,,,,,,,,,,,,,,,,,,,,,,,,,,
2019-06-28 09:30:00.000000002,,,99880,100,,,99871,100,,,,,,,,,,,,,,,,,,,,,,,,,,,,,,,,
2019-06-28 09:30:00.000000003,99902,100,99880,100,,,99871,100,,,,,,,,,,,,,,,,,,,,,,,,,,,,,,,,
2019-06-28 09:30:00.000000005,100096,100,100073,100,,,99945,100,,,99880,100,,,99871,100,,,,,,,,,,,,,,,,,,,,,,,,
2019-06-28 09:30:00.000000007,100096,100,100073,100,100161,100,99945,100,,,99880,100,,,99871,100,,,,,,,,,,,,,,,,,,,,,,,,
2019-06-28 09:30:00.000000008,100073,100,99945,100,100096,100,99880,100,100161,100,99871,100,,,,,,,,,,,,,,,,,,,,,,,,,,,,
2019-06-28 09:30:00.000000010,100073,100,99945,100,100096,100,99880,100,100161,100,99871,100,,,99813,100,,,,,,,,,,,,,,,,,,,,,,,,
2019-06-28 09:30:00.000000012,100073,100,99946,100,100096,100,99945,100,100161,100,99880,100,,,99871,100,,,99813,100,,,,,,,,,,,,,,,,,,,,
2019-06-28 09:30:00.000000013,100073,100,99946,200,100096,100,99945,100,100161,100,99880,100,,,99871,100,,,99813,100,,,,,,,,,,,,,,,,,,,,
2019-06-28 09:30:00.000000015,100065,100,99946,200,100073,100,99945,100,100096,100,99880,100,100161,100,99871,100,,,99813,100,,,,,,,,,,,,,,,,,,,,
2019-06-28 09:30:00.000000017,100065,100,99946,200,100073,100,99945,100,100096,100,99910,100,100161,100,99902,100,,,99880,100,,,99871,100,,,99813,100,,,,,,,,,,,,
2019-06-28 09:30:00.000000018,99966,100,99946,200,100065,100,99945,100,100073,100,99910,100,100096,100,99902,100,100161,100,99880,100,,,99871,100,,,99813,100,,,,,,,,,,,,
2019-06-28 09:30:00.000000025,99966,100,99946,200,100020,100,99945,100,100055,100,99910,100,100065,100,99902,100,100073,100,99880,100,100096,100,99871,100,100161,100,99831,100,,,99813,100,,,,,,,,
2019-06-28 09:30:00.000000029,99966,100,99946,200,100020,100,99945,100,100055,100,99910,100,100065,100,99902,100,100073,100,99880,100,100096,100,99871,100,100161,100,99831,100,,,99813,100,,,99790,100,,,,
2019-06-28 09:30:00.000000030,99966,100,99946,300,100020,100,99945,100,100055,100,99910,100,100065,100,99902,100,100073,100,99880,100,100096,100,99871,100,100161,100,99831,100,,,99813,100,,,99790,100,,,,
2019-06-28 09:30:00.000000031,99966,100,99946,300,100020,100,99945,100,100055,100,99910,100,100065,100,99902,100,100073,200,99880,100,100096,100,99871,100,100161,100,99831,100,,,99813,100,,,99790,100,,,,
2019-06-28 09:30:00.000000032,99948,100,99946,300,99966,100,99945,100,100020,100,99910,100,100055,100,99902,100,100065,100,99880,100,100073,300,99871,100,100096,100,99831,100,100161,100,99813,100,,,99790,100,,,,
2019-06-28 09:30:00.000000033,99966,100,99946,300,100020,100,99945,100,100055,100,99910,100,100065,100,99902,100,100073,300,99880,100,100096,100,99871,100,100161,100,99831,100,,,99813,100,,,99790,100,,,,
2019-06-28 09:30:00.000000034,99966,100,99948,100,100020,100,99946,300,100055,100,99945,100,100065,100,99910,100,100073,300,99902,100,100096,100,99880,100,100161,100,99871,100,,,99831,100,,,99813,100,,,99790,100
2019-06-28 09:30:00.000000036,99966,100,99963,100,100020,100,99948,100,100055,100,99946,300,100065,100,99945,100,100073,300,99910,100,100096,100,99902,100,100107,100,99880,100,100161,100,99871,100,,,99831,100,,,99813,100
2019-06-28 09:30:00.000000039,99966,100,99963,100,100020,100,99948,100,100055,100,99946,300,100065,100,99945,100,100073,300,99910,100,100096,100,99902,100,100107,100,99880,100,100133,100,99871,100,100161,100,99831,100,,,99813,100
2019-06-28 09:30:00.000000044,100020,100,99963,100,100055,100,99948,100,100065,100,99946,300,100073,300,99945,100,100096,100,99910,100,100107,100,99902,100,100133,100,99880,100,100161,100,99871,100,,,99831,100,,,99813,100
2019-06-28 09:30:00.000000045,100020,100,99963,100,100055,100,99948,100,100065,100,99946,300,100073,300,99945,100,100096,100,99940,100,100101,100,99910,100,100107,100,99902,100,100133,100,99880,100,100161,100,99871,100,,,99831,100
2019-06-28 09:30:00.000000048,100055,100,99963,100,100065,100,99948,100,100073,300,99946,300,100096,100,99945,100,100101,100,99940,100,100107,100,99910,100,100133,100,99902,100,100161,100,99880,100,,,99871,100,,,99831,100
2019-06-28 09:30:00.000000049,100055,100,99966,200,100065,100,99963,100,100073,300,99948,100,100096,100,99946,300,100101,100,99945,100,100107,100,99940,100,100133,100,99910,100,100161,100,99902,100,,,99889,100,,,99880,100
2019-06-28 09:30:00.000000050,100055,100,99966,200,100065,100,99963,100,100073,300,99948,100,100096,100,99946,300,100101,100,99945,100,100107,100,99940,100,100133,100,99910,100,100161,100,99902,100,,,99899,100,,,99889,100
2019-06-28 09:30:00.000000052,100020,100,99966,200,100055,100,99963,100,100065,100,99948,100,100073,300,99946,300,100096,100,99945,100,100101,100,99940,100,100107,100,99910,100,100133,100,99902,100,100161,100,99899,100,,,99889,100
2019-06-28 09:30:00.000000057,100020,100,99966,200,100055,100,99963,100,100065,100,99948,100,100073,300,99946,300,100096,100,99945,100,100101,100,99940,100,100107,100,99910,100,100133,100,99902,100,100161,100,99899,100,,,99889,200
2019-06-28 09:30:00.000000058,100020,100,99966,200,100055,100,99963,100,100065,100,99956,100,100073,300,99948,100,100096,100,99946,300,100101,100,99945,100,100107,100,99940,100,100133,100,99910,100,100161,100,99902,100,,,99899,100
2019-06-28 09:30:00.000000067,100020,200,99966,200,100055,100,99963,100,100065,100,99956,100,100073,300,99948,100,100096,100,99946,300,100101,100,99945,100,100107,100,99940,100,100133,100,99910,100,100161,100,99902,100,,,99899,100
2019-06-28 09:30:00.000000068,100020,100,99966,200,100055,100,99963,100,100065,100,99956,100,100073,300,99948,100,100096,100,99946,300,100101,100,99945,100,100107,100,99940,100,100133,100,99910,100,100161,100,99902,100,,,99899,100
2019-06-28 09:30:00.000000069,100020,100,99966,200,100055,100,99963,100,100065,100,99956,100,100073,300,99948,100,100096,100,99946,300,100101,100,99945,100,100107,100,99940,100,100133,100,99910,100,100161,100,99902,100,,,99899,100
2019-06-28 09:30:00.000000070,100020,100,99966,100,100055,100,99963,100,100065,100,99956,100,100073,300,99948,100,100096,100,99946,300,100101,100,99945,100,100107,100,99940,100,100132,100,99910,100,100133,100,99902,100,100161,100,99899,100
2019-06-28 09:30:00.000000074,100020,100,99966,100,100055,100,99963,100,100065,100,99956,100,100073,300,99948,100,100096,100,99946,300,100101,100,99945,100,100107,100,99943,100,100132,100,99940,100,100133,100,99910,100,100161,100,99902,100
2019-06-28 09:30:00.000000076,100020,100,99966,100,100055,100,99963,100,100065,100,99956,100,100073,300,99948,100,100096,100,99946,300,100101,100,99945,100,100107,100,99943,100,100132,100,99940,100,100133,100,99910,100,100161,100,99902,100
2019-06-28 09:30:00.000000077,100019,100,99967,100,100020,100,99966,100,100055,100,99963,100,100065,100,99956,100,100073,300,99948,100,100096,100,99946,300,100101,100,99945,100,100107,100,99943,100,100132,100,99940,100,100133,100,99910,100
2019-06-28 09:30:00.000000078,100019,100,99970,100,100020,100,99967,100,100055,100,99966,100,100065,100,99963,100,100073,300,99956,100,100096,100,99948,100,100101,100,99946,300,100107,100,99945,100,100132,100,99943,100,100133,100,99940,100
2019-06-28 09:30:00.000000080,100019,100,99970,100,100020,100,99967,100,100055,100,99966,100,100065,100,99963,100,100073,300,99956,100,100096,100,99948,100,100101,100,99946,300,100107,100,99945,100,100132,100,99943,100,100133,100,99940,100
2019-06-28 09:30:00.000000083,100019,100,99970,100,100020,100,99967,100,100055,100,99966,100,100065,100,99963,100,100073,300,99956,100,100096,100,99948,100,100101,100,99946,300,100107,100,99945,100,100132,100,99943,100,100133,100,99940,100
2019-06-28 09:30:00.000000084,100019,100,99970,100,100020,100,99967,100,100055,100,99966,100,100065,100,99963,100,100073,300,99956,100,100083,100,99948,100,100096,100,99946,300,100101,100,99945,100,100107,100,99943,100,100132,100,99940,100
2019-06-28 09:30:00.000000087,99987,100,99970,100,100019,100,99967,100,100020,100,99966,100,100055,100,99963,100,100065,100,99956,100,100073,300,99948,100,100083,100,99946,300,100096,100,99945,100,100101,100,99943,100,100107,100,99940,100
2019-06-28 09:30:00.000000088,99987,100,99967,100,100010,100,99966,100,100019,100,99963,100,100020,100,99956,100,100055,100,99948,100,100065,100,99946,300,100073,300,99945,100,100083,100,99943,100,100096,100,99940,100,100101,100,99924,100
2019-06-28 09:30:00.000000091,100010,100,99967,100,100019,100,99966,100,100020,100,99963,100,100055,100,99956,100,100065,100,99948,100,100073,300,99946,300,100083,100,99945,100,100096,100,99943,100,100101,100,99940,100,100107,100,99924,100
2019-06-28 09:30:00.000000094,100010,100,99967,100,100019,100,99966,100,100020,100,99963,100,100055,100,99956,100,100065,100,99948,100,100073,300,99946,300,100083,100,99945,100,100096,100,99943,100,100101,100,99940,100,100107,100,99931,100
2019-06-28 09:30:00.000000095,100010,100,99967,100,100019,100,99966,100,100020,100,99963,100,100032,100,99956,100,100055,100,99948,100,100065,100,99946,300,100073,300,99945,100,100083,100,99943,100,100096,100,99940,100,100101,100,99931,100
2019-06-28 09:30:00.000000096,99987,100,99967,100,100010,100,99966,100,100019,100,99963,100,100020,100,99956,100,100032,100,99948,100,100055,100,99946,300,100065,100,99945,100,100073,300,99943,100,100083,100,99940,100,100096,100,99931,100
2019-06-28 09:30:10.000000000,99987,193,99967,193,100010,190,99966,190,100019,190,99963,190,100020,100,99956,100,100032,100,99948,100,100055,100,99946,300,100065,100,99945,100,100073,300,99943,100,100083,100,99940,100,100096,100,99931,100
2019-06-28 09:30:19.361892081,99987,193,99967,193,100010,190,99966,190,100019,190,99963,190,100020,100,99956,100,100032,100,99948,100,100055,100,99946,300,100065,100,99945,100,100073,300,99943,100,100083,100,99940,100,100096,100,99931,100
2019-06-28 09:30:20.000000000,99987,155,99967,155,100010,155,99966,155,100019,155,99963,155,100020,155,99956,155,100032,155,99948,155,100055,100,99946,300,100065,100,99945,100,100073,300,99943,100,100083,100,99940,100,100096,100,99931,100
2019-06-28 09:30:27.931533384,99987,255,99967,155,100010,155,99966,155,100019,155,99963,155,100020,155,99956,155,100032,155,99948,155,100055,100,99946,300,100065,100,99945,100,100073,300,99943,100,100083,100,99940,100,100096,100,99931,100
2019-06-28 09:30:30.000000000,99987,474,99967,374,100010,100,99966,100,100019,100,99963,100,100020,100,99956,100,100032,100,99948,100,100055,100,99946,300,100065,100,99945,100,100073,300,99943,100,100083,100,99940,100,100096,100,99931,100
2019-06-28 09:30:34.954969933,99987,474,99967,374,100010,100,99966,100,100019,100,99963,100,100020,100,99956,100,100032,100,99948,100,100055,100,99946,300,100065,100,99945,100,100073,300,99943,100,100083,100,99940,100,100096,100,99931,100
2019-06-28 09:30:36.684510786,99987,474,99967,274,100010,100,99966,100,100019,100,99963,100,100020,100,99956,100,100032,100,99948,100,100055,100,99946,300,100065,100,99945,100,100073,300,99943,100,100083,100,99940,100,100096,100,99931,100
2019-06-28 09:30:40.000000000,99987,474,99966,374,100010,100,99963,100,100019,100,99956,100,100020,100,99948,100,100032,100,99946,300,100055,100,99945,100,100065,100,99943,100,100073,300,99940,100,100083,100,99931,100,100096,100,99924,100
2019-06-28 09:30:45.980664525,99987,474,99966,374,100010,100,99963,100,100019,100,99956,100,100020,100,99948,100,100032,100,99946,300,100055,100,99945,100,100065,100,99943,100,100073,300,99940,100,100083,100,99931,100,100096,100,99924,100
2019-06-28 09:30:50.000000000,99987,293,99966,193,100010,190,99963,190,100019,190,99956,190,100020,100,99948,100,100032,100,99946,300,100055,100,99945,100,100065,100,99943,100,100073,300,99940,100,100083,100,99931,100,100096,100,99924,100
2019-06-28 09:30:53.089240426,99987,293,99966,193,99999,100,99963,190,100010,190,99956,190,100019,190,99948,100,100020,100,99946,300,100032,100,99945,100,100055,100,99943,100,100065,100,99931,100,100073,300,99924,100,100083,100,99921,100
2019-06-28 09:31:00.000000000,99987,255,99966,155,99999,155,99963,155,100010,155,99956,155,100019,155,99948,155,100020,155,99946,355,100032,100,99945,100,100055,100,99943,100,100065,100,99931,100,100073,300,99924,100,100083,100,99921,100
2019-06-28 09:31:10.000000000,99987,268,99966,168,99999,168,99963,168,100010,168,99956,168,100019,168,99948,168,100020,100,99946,300,100032,100,99945,100,100055,100,99943,100,100065,100,99931,100,100073,300,99924,100,100083,100,99921,100
2019-06-28 09:31:20.000000000,99987,268,99966,168,99999,168,99963,168,100010,168,99956,168,100019,168,99948,168,100020,100,99946,300,100032,100,99945,100,100055,100,99943,100,100065,100,99931,100,100073,300,99924,100,100083,100,99921,100
2019-06-28 09:31:30.000000000,99987,255,99966,155,99999,155,99963,155,100010,155,99956,155,100019,155,99948,155,100020,155,99946,355,100032,100,99945,100,100055,100,99943,100,100065,100,99931,100,100073,300,99924,100,100083,100,99921,100
2019-06-28 09:31:33.952573392,99987,255,99966,155,99999,155,99963,155,100010,155,99956,155,100019,155,99948,155,100020,155,99946,355,100032,100,99945,100,100055,100,99943,100,100065,100,99931,100,100073,300,99924,100,100083,100,99921,100
2019-06-28 09:31:40.000000000,99987,255,99966,155,99999,155,99963,155,100010,155,99956,155,100019,155,99948,155,100020,155,99946,355,100032,100,99945,100,100055,100,99943,100,100065,100,99931,100,100073,300,99924,100,100083,100,99921,100
2019-06-28 09:31:50.000000000,99987,268,99966,168,99999,168,99963,168,100010,168,99956,168,100019,168,99948,168,100020,100,99946,300,100032,100,99945,100,100055,100,99943,100,100065,100,99931,100,100073,300,99924,100,100083,100,99921,100
2019-06-28 09:32:00.000000000,99987,474,99966,374,99999,100,99963,100,100010,100,99956,100,100019,100,99948,100,100020,100,99946,300,100032,100,99945,100,100055,100,99943,100,100065,100,99931,100,100073,300,99924,100,100083,100,99921,100
2019-06-28 09:32:10.000000000,99987,268,99966,168,99999,168,99963,168,100010,168,99956,168,100019,168,99948,168,100020,100,99946,300,100032,100,99945,100,100055,100,99943,100,100065,100,99931,100,100073,300,99924,100,100083,100,99921,100
2019-06-28 09:32:13.176982866,99987,168,99966,168,99999,168,99963,168,100010,168,99956,168,100019,168,99948,168,100020,100,99946,300,100032,100,99945,100,100055,100,99943,100,100065,100,99931,100,100073,300,99924,100,100083,100,99921,100
2019-06-28 09:32:20.000000000,99987,193,99966,193,99999,190,99963,190,100010,190,99956,190,100019,100,99948,100,100020,100,99946,300,100032,100,99945,100,100055,100,99943,100,100065,100,99931,100,100073,300,99924,100,100083,100,99921,100
2019-06-28 09:32:30.000000000,99987,237,99966,237,99999,237,99963,237,100010,100,99956,100,100019,100,99948,100,100020,100,99946,300,100032,100,99945,100,100055,100,99943,100,100065,100,99931,100,100073,300,99924,100,100083,100,99921,100
2019-06-28 09:32:40.000000000,99987,193,99966,193,99999,190,99963,190,100010,190,99956,190,100019,100,99948,100,100020,100,99946,300,100032,100,99945,100,100055,100,99943,100,100065,100,99931,100,100073,300,99924,100,100083,100,99921,100
2019-06-28 09:32:41.143193697,99987,93,99966,193,99999,190,99963,90,100010,190,99956,190,100019,100,99948,100,100020,100,99946,300,100032,100,99945,100,100055,100,99943,100,100065,100,99931,100,100073,300,99924,100,100083,100,99921,100
2019-06-28 09:32:50.000000000,99999,237,99966,237,100010,237,99956,237,100019,100,99948,100,100020,100,99946,300,100032,100,99945,100,100055,100,99943,100,100065,100,99931,100,100073,300,99924,100,100083,100,99921,100,100096,100,99910,100
2019-06-28 09:32:53.226449647,99999,237,99966,237,100010,237,99956,237,100019,100,99948,100,100020,100,99946,300,100032,100,99945,100,100055,100,99943,100,100065,100,99931,100,100073,200,99924,100,100083,100,99921,100,100096,100,99910,100
2019-06-28 09:33:00.000000000,99999,155,99966,155,100010,155,99956,155,100019,155,99948,155,100020,155,99946,355,100032,155,99945,155,100055,100,99943,100,100065,100,99931,100,100073,200,99924,100,100083,100,99921,100,100096,100,99910,100
2019-06-28 09:33:10.000000000,99999,237,99966,237,100010,237,99956,237,100019,100,99948,100,100020,100,99946,300,100032,100,99945,100,100055,100,99943,100,100065,100,99931,100,100073,200,99924,100,100083,100,99921,100,100096,100,99910,100
2019-06-28 09:33:19.410610644,99999,137,99966,237,100010,237,99956,237,100019,100,99948,100,100020,100,99946,300,100032,100,99945,100,100055,100,99943,100,100065,100,99931,100,100073,200,99921,100,100083,100,99910,100,100096,100,99902,100
2019-06-28 09:33:20.000000000,100010,374,99966,374,100019,100,99956,100,100020,100,99948,100,100032,100,99946,300,100055,100,99945,100,100065,100,99943,100,100073,200,99931,100,100083,100,99921,100,100096,100,99910,100,100107,100,99902,100
2019-06-28 09:33:30.000000000,100010,374,99966,374,100019,100,99956,100,100020,100,99948,100,100032,100,99946,300,100055,100,99945,100,100065,100,99943,100,100073,200,99931,100,100083,100,99921,100,100096,100,99910,100,100107,100,99902,100
2019-06-28 09:33:34.875032042,100010,374,99966,374,100019,100,99956,100,100020,100,99948,100,100032,100,99946,300,100055,100,99945,100,100065,100,99943,100,100073,200,99931,100,100083,100,99921,100,100096,100,99910,100,100107,100,99902,100
2019-06-28 09:33:39.806190219,100010,374,99966,374,100019,100,99956,100,100020,100,99948,100,100032,100,99946,300,100055,100,99945,100,100065,100,99943,100,100073,200,99931,100,100083,100,99921,100,100096,100,99910,100,100107,100,99902,100
2019-06-28 09:33:40.000000000,100010,168,99966,168,100019,168,99956,168,100020,168,99948,168,100032,168,99946,368,100055,100,99945,100,100065,100,99943,100,100073,200,99931,100,100083,100,99921,100,100096,100,99910,100,100107,100,99902,100
2019-06-28 09:33:50.000000000,100010,193,99966,193,100019,190,99956,190,100020,190,99948,190,100032,100,99946,300,100055,100,99945,100,100065,100,99943,100,100073,200,99931,100,100083,100,99921,100,100096,100,99910,100,100107,100,99902,100
2019-06-28 09:33:50.836195994,100010,93,99966,193,100019,190,99956,190,100020,190,99948,190,100032,100,99946,300,100055,100,99945,100,100065,100,99943,100,100073,200,99931,100,100083,100,99921,100,100096,100,99910,100,100107,100,99902,100
2019-06-28 09:33:55.809780096,100019,190,100010,7,100020,190,99966,193,100032,100,99956,190,100055,100,99948,190,100065,100,99946,300,100073,200,99945,100,100083,100,99943,100,100096,100,99931,100,100107,100,99921,100,100132,100,99910,100
2019-06-28 09:33:58.091119726,100019,90,100010,7,100020,190,99966,193,100032,100,99956,190,100055,100,99948,190,100065,100,99946,300,100073,200,99945,100,100083,100,99943,100,100096,100,99931,100,100107,100,99921,100,100132,100,99910,100
2019-06-28 09:34:00.000000000,100020,237,100010,144,100032,237,99966,237,100055,100,99956,100,100065,100,99948,100,100073,200,99946,300,100083,100,99945,100,100096,100,99943,100,100107,100,99931,100,100132,100,99921,100,100133,100,99910,100
2019-06-28 09:34:03.677272647,100020,237,100010,244,100032,237,99966,237,100055,100,99956,100,100065,100,99948,100,100073,200,99946,300,100083,100,99945,100,100096,100,99943,100,100107,100,99931,100,100132,100,99921,100,100133,100,99910,100
2019-06-28 09:34:10.000000000,100020,168,100010,175,100032,168,99966,168,100055,168,99956,168,100065,168,99948,168,100073,200,99946,300,100083,100,99945,100,100096,100,99943,100,100107,100,99931,100,100132,100,99921,100,100133,100,99910,100
2019-06-28 09:34:20.000000000,100020,155,100010,162,100032,155,99966,155,100055,155,99956,155,100065,155,99948,155,100073,255,99946,355,100083,100,99945,100,100096,100,99943,100,100107,100,99931,100,100132,100,99921,100,100133,100,99910,100
2019-06-28 09:34:30.000000000,100020,374,100010,381,100032,100,99966,100,100055,100,99956,100,100065,100,99948,100,100073,200,99946,300,100083,100,99945,100,100096,100,99943,100,100107,100,99931,100,100132,100,99921,100,100133,100,99910,100
2019-06-28 09:34:39.520211080,100020,374,100010,481,100032,100,99966,100,100055,100,99956,100,100065,100,99948,100,100073,200,99946,300,100083,100,99945,100,100096,100,99943,100,100107,100,99931,100,100132,100,99921,100,100133,100,99910,100
2019-06-28 09:34:40.000000000,100020,193,100010,300,100032,190,99966,190,100055,190,99956,190,100065,100,99948,100,100073,200,99946,300,100083,100,99945,100,100096,100,99943,100,100107,100,99931,100,100132,100,99921,100,100133,100,99910,100
2019-06-28 09:34:50.000000000,100020,237,100010,344,100032,237,99966,237,100055,100,99956,100,100065,100,99948,100,100073,200,99946,300,100083,100,99945,100,100096,100,99943,100,100107,100,99931,100,100132,100,99921,100,100133,100,99910,100
2019-06-28 09:34:52.293909082,100020,137,100010,344,100032,237,99966,237,100055,100,99956,100,100065,100,99948,100,100073,200,99946,300,100083,100,99945,100,100096,100,99943,100,100107,100,99931,100,100132,100,99921,100,100981,100,99910,100
2019-06-28 09:34:54.193451700,100020,137,100019,100,100032,237,100010,344,100055,100,99966,237,100065,100,99956,100,100073,200,99948,100,100083,100,99946,300,100096,100,99945,100,100107,100,99943,100,100132,100,99931,100,100981,100,99921,100
2019-06-28 09:34:54.229745620,100020,137,100019,100,100032,237,100010,344,100055,100,99966,237,100065,100,99956,100,100073,200,99948,100,100083,100,99946,300,100096,100,99945,100,100107,100,99943,100,100132,100,99931,100,100148,100,99921,100
2019-06-28 09:34:54.574071681,100020,137,100019,200,100032,237,100010,344,100055,100,99966,237,100065,100,99956,100,100073,200,99948,100,100083,100,99946,300,100096,100,99945,100,100107,100,99943,100,100132,100,99931,100,100148,100,99921,100
2019-06-28 09:35:00.000000000,100032,193,100019,293,100055,190,100010,297,100065,190,99966,190,100073,200,99956,100,100083,100,99948,100,100096,100,99946,300,100107,100,99945,100,100132,100,99943,100,100148,100,99931,100,100981,100,99921,100
2019-06-28 09:35:10.000000000,100032,168,100019,268,100055,168,100010,275,100065,168,99966,168,100073,268,99956,168,100083,100,99948,100,100096,100,99946,300,100107,100,99945,100,100132,100,99943,100,100148,100,99931,100,100981,100,99921,100
2019-06-28 09:35:12.292683005,100032,168,100019,268,100055,168,100010,275,100065,168,99966,168,100073,268,99956,168,100083,100,99948,100,100096,100,99946,300,100107,100,99945,100,100132,100,99943,100,100148,100,99931,100,100254,100,99921,100
2019-06-28 09:35:20.000000000,100032,374,100019,474,100055,100,100010,207,100065,100,99966,100,100073,200,99956,100,100083,100,99948,100,100096,100,99946,300,100107,100,99945,100,100132,100,99943,100,100148,100,99931,100,100254,100,99921,100
2019-06-28 09:35:21.959238584,100032,374,100019,474,100055,100,100010,207,100065,100,99966,100,100073,100,99956,100,100083,100,99948,100,100096,100,99946,300,100107,100,99945,100,100132,100,99943,100,100148,100,99931,100,100254,100,99921,100
2019-06-28 09:35:29.249579404,100032,274,100019,474,100055,100,100010,207,100065,100,99966,100,100073,100,99956,100,100083,100,99948,100,100096,100,99946,300,100107,100,99945,100,100132,100,99943,100,100254,100,99931,100,100981,100,99921,100
2019-06-28 09:35:30.000000000,100055,155,100019,255,100065,155,100010,262,100073,155,99966,155,100083,155,99956,155,100096,155,99948,155,100107,100,99946,300,100132,100,99945,100,100254,100,99943,100,100981,100,99931,100,101160,100,99921,100
2019-06-28 09:35:32.583243803,100055,55,100019,255,100065,155,100010,262,100073,155,99966,155,100083,155,99956,155,100096,155,99948,155,100107,100,99946,300,100132,100,99945,100,100254,100,99943,100,100981,100,99931,100,101160,100,99921,100
2019-06-28 09:35:40.000000000,100065,168,100019,268,100073,168,100010,275,100083,168,99966,168,100096,168,99956,168,100107,100,99948,100,100132,100,99946,300,100254,100,99945,100,100981,100,99943,100,101160,100,99931,100,,,99921,100
2019-06-28 09:35:43.973558147,100065,168,100019,268,100073,168,100010,275,100083,168,99966,168,100096,168,99956,168,100107,100,99948,100,100132,100,99946,300,100254,100,99945,100,100777,100,99943,100,100981,100,99931,100,101160,100,99921,100
2019-06-28 09:35:48.941412502,100065,168,100019,268,100073,168,100010,275,100083,168,99966,168,100096,168,99956,168,100107,100,99948,100,100132,100,99946,300,100254,100,99945,100,100623,100,99943,100,100777,100,99931,100,100981,100,99921,100
2019-06-28 09:35:50.000000000,100065,193,100019,293,100073,190,100010,297,100083,190,99966,190,100096,100,99956,100,100107,100,99948,100,100132,100,99946,300,100254,100,99945,100,100623,100,99943,100,100777,100,99931,100,100981,100,99921,100
2019-06-28 09:36:00.000000000,100065,193,100019,293,100073,190,100010,297,100083,190,99966,190,100096,100,99956,100,100107,100,99948,100,100132,100,99946,300,100254,100,99945,100,100623,100,99943,100,100777,100,99931,100,100981,100,99921,100
2019-06-28 09:36:01.975106001,100065,93,100019,293,100073,190,100010,297,100083,190,99966,190,100096,100,99956,100,100107,100,99948,100,100132,100,99946,300,100254,100,99945,100,100623,100,99943,100,100777,100,99931,100,100981,100,99921,100
2019-06-28 09:36:10.000000000,100073,155,100019,255,100083,155,100010,262,100096,155,99966,155,100107,155,99956,155,100132,155,99948,155,100254,100,99946,300,100623,100,99945,100,100777,100,99943,100,100981,100,99931,100,101160,100,99921,100
2019-06-28 09:36:15.234536880,100073,55,100019,255,100083,155,100010,262,100096,155,99966,155,100107,155,99956,155,100132,155,99948,155,100254,100,99946,300,100623,100,99945,100,100777,100,99943,100,100981,100,99931,100,101160,100,99921,100
2019-06-28 09:36:20.000000000,100083,168,100019,268,100096,168,100010,275,100107,168,99966,168,100132,168,99956,168,100254,100,99948,100,100623,100,99946,300,100777,100,99945,100,100981,100,99943,100,101160,100,99931,100,,,99921,100
2019-06-28 09:36:30.000000000,100083,374,100019,474,100096,100,100010,207,100107,100,99966,100,100132,100,99956,100,100254,100,99948,100,100623,100,99946,300,100777,100,99945,100,100981,100,99943,100,101160,100,99931,100,,,99921,100
2019-06-28 09:36:35.630637415,100083,374,100019,474,100096,100,100010,207,100107,100,99966,100,100132,100,99956,100,100254,100,99946,300,100623,100,99945,100,100777,100,99943,100,100981,100,99931,100,101160,100,99921,100,,,99902,100
2019-06-28 09:36:40.000000000,100083,237,100019,337,100096,237,100010,344,100107,100,99966,100,100132,100,99956,100,100254,100,99946,300,100623,100,99945,100,100777,100,99943,100,100981,100,99931,100,101160,100,99921,100,,,99902,100
2019-06-28 09:36:46.718689064,100083,237,100019,337,100096,237,100010,344,100107,100,99966,100,100132,100,99956,100,100254,100,99946,200,100623,100,99945,100,100777,100,99943,100,100981,100,99931,100,101160,100,99921,100,,,99902,100
2019-06-28 09:36:47.182546254,100083,237,100065,100,100096,237,100019,337,100107,100,100010,344,100132,100,99966,100,100254,100,99956,100,100623,100,99946,200,100777,100,99945,100,100981,100,99943,100,101160,100,99931,100,,,99921,100
2019-06-28 09:36:50.000000000,100083,374,100065,374,100096,100,100019,200,100107,100,100010,207,100132,100,99966,100,100254,100,99956,100,100623,100,99946,200,100777,100,99945,100,100981,100,99943,100,101160,100,99931,100,,,99921,100
2019-06-28 09:37:00.000000000,100083,155,100065,155,100096,155,100019,255,100107,155,100010,262,100132,155,99966,155,100254,155,99956,155,100623,100,99946,200,100777,100,99945,100,100981,100,99943,100,101160,100,99931,100,,,99921,100
2019-06-28 09:37:00.978444143,100083,155,100065,155,100096,155,100019,255,100107,155,100010,262,100132,155,99966,155,100254,155,99956,155,100623,100,99946,200,100776,100,99945,100,100777,100,99943,100,100981,100,99931,100,101160,100,99921,100
2019-06-28 09:37:04.496743329,100083,55,100065,155,100096,155,100019,255,100107,155,100010,262,100132,155,99966,155,100254,155,99956,155,100623,100,99946,200,100776,100,99945,100,100777,100,99943,100,100981,100,99931,100,101160,100,99921,100
2019-06-28 09:37:04.978634724,100096,155,100083,45,100107,155,100065,155,100132,155,100019,255,100254,155,100010,262,100623,100,99966,155,100776,100,99956,155,100777,100,99946,200,100981,100,99945,100,101160,100,99943,100,,,99931,100
2019-06-28 09:37:10.000000000,100096,155,100083,100,100107,155,100065,155,100132,155,100019,255,100254,155,100010,262,100623,155,99966,155,100776,100,99956,100,100777,100,99946,200,100981,100,99945,100,101160,100,99943,100,,,99931,100
2019-06-28 09:37:13.851452072,100096,155,100083,100,100107,155,100065,155,100132,155,100019,255,100254,155,100010,255,100609,100,99966,155,100623,155,99956,100,100776,100,99946,200,100777,100,99945,100,100981,100,99943,100,101160,100,99931,100
2019-06-28 09:37:20.000000000,100096,374,100083,319,100107,100,100065,100,100132,100,100019,200,100254,100,100010,200,100609,100,99966,100,100623,100,99956,100,100776,100,99946,200,100777,100,99945,100,100981,100,99943,100,101160,100,99931,100
2019-06-28 09:37:26.932151946,100096,374,100083,419,100107,100,100065,100,100132,100,100019,200,100254,100,100010,200,100609,100,99966,100,100623,100,99956,100,100776,100,99946,200,100777,100,99945,100,100981,100,99943,100,101160,100,99931,100
2019-06-28 09:37:27.287802218,100096,374,100083,419,100107,100,100065,100,100132,100,100019,200,100254,100,100010,200,100609,100,99966,100,100623,100,99956,100,100678,100,99946,200,100776,100,99943,100,100777,100,99931,100,100981,100,99921,100
2019-06-28 09:37:30.000000000,100096,193,100083,238,100107,190,100065,190,100132,190,100019,290,100254,100,100010,200,100609,100,99966,100,100623,100,99956,100,100678,100,99946,200,100776,100,99943,100,100777,100,99931,100,100981,100,99921,100
2019-06-28 09:37:40.000000000,100096,374,100083,419,100107,100,100065,100,100132,100,100019,200,100254,100,100010,200,100609,100,99966,100,100623,100,99956,100,100678,100,99946,200,100776,100,99943,100,100777,100,99931,100,100981,100,99921,100
2019-06-28 09:37:46.491472028,100096,374,100083,419,100107,100,100065,100,100216,100,100019,200,100254,100,100010,200,100609,100,99966,100,100623,100,99956,100,100678,100,99946,200,100776,100,99943,100,100777,100,99931,100,100981,100,99921,100
2019-06-28 09:37:50.000000000,100096,374,100083,419,100107,100,100065,100,100216,100,100019,200,100254,100,100010,200,100609,100,99966,100,100623,100,99956,100,100678,100,99946,200,100776,100,99943,100,100777,100,99931,100,100981,100,99921,100
2019-06-28 09:37:55.421176751,100096,374,100083,519,100107,100,100065,100,100216,100,100019,200,100254,100,100010,200,100609,100,99966,100,100623,100,99956,100,100678,100,99946,200,100776,100,99943,100,100777,100,99931,100,100981,100,99921,100
2019-06-28 09:38:00.000000000,100096,237,100083,382,100107,237,100065,237,100216,100,100019,200,100254,100,100010,200,100609,100,99966,100,100623,100,99956,100,100678,100,99946,200,100776,100,99943,100,100777,100,99931,100,100981,100,99921,100
2019-06-28 09:38:03.839735656,100096,137,100083,382,100107,237,100065,237,100216,100,100019,200,100254,100,100010,200,100609,100,99966,100,100623,100,99956,100,100678,100,99946,200,100776,100,99943,100,100777,100,99931,100,100981,100,99921,100
2019-06-28 09:38:10.000000000,100107,237,100083,382,100216,237,100065,237,100254,100,100019,200,100609,100,100010,200,100623,100,99966,100,100678,100,99956,100,100776,100,99946,200,100777,100,99943,100,100981,100,99931,100,101160,100,99921,100
2019-06-28 09:38:20.000000000,100107,374,100083,519,100216,100,100065,100,100254,100,100019,200,100609,100,100010,200,100623,100,99966,100,100678,100,99956,100,100776,100,99946,200,100777,100,99943,100,100981,100,99931,100,101160,100,99921,100
2019-06-28 09:38:22.462135546,100107,374,100084,100,100216,100,100083,519,100254,100,100065,100,100609,100,100019,200,100623,100,100010,200,100678,100,99966,100,100776,100,99956,100,100777,100,99946,200,100981,100,99943,100,101160,100,99931,100
2019-06-28 09:38:30.000000000,100107,237,100084,237,100216,237,100083,382,100254,100,100065,100,100609,100,100019,200,100623,100,100010,200,100678,100,99966,100,100776,100,99956,100,100777,100,99946,200,100981,100,99943,100,101160,100,99931,100
2019-06-28 09:38:40.000000000,100107,155,100084,155,100216,155,100083,300,100254,155,100065,155,100609,155,100019,255,100623,155,100010,255,100678,100,99966,100,100776,100,99956,100,100777,100,99946,200,100981,100,99943,100,101160,100,99931,100
2019-06-28 09:38:48.901208730,100107,155,100084,155,100216,155,100083,300,100254,155,100065,155,100457,100,100019,255,100609,155,100010,255,100623,55,99966,100,100678,100,99956,100,100776,100,99946,200,100777,100,99943,100,100981,100,99931,100
2019-06-28 09:38:50.000000000,100107,155,100084,155,100216,155,100083,300,100254,155,100065,155,100457,155,100019,255,100609,155,100010,255,100678,100,99966,100,100776,100,99956,100,100777,100,99946,200,100981,100,99943,100,101160,100,99931,100
2019-06-28 09:38:58.852649952,100107,155,100084,155,100216,155,100083,300,100254,155,100065,155,100256,100,100019,255,100457,155,100010,255,100609,155,99966,100,100678,100,99956,100,100776,100,99946,200,100777,100,99943,100,100981,100,99931,100
2019-06-28 09:39:00.000000000,100107,155,100084,155,100216,155,100083,300,100254,155,100065,155,100256,155,100019,255,100457,155,100010,255,100609,100,99966,100,100678,100,99956,100,100776,100,99946,200,100777,100,99943,100,100981,100,99931,100
2019-06-28 09:39:09.680533049,100107,155,100084,155,100216,155,100083,300,100254,155,100065,155,100256,155,100019,255,100353,100,100010,255,100457,155,99966,100,100609,100,99956,100,100678,100,99946,100,100776,100,99943,100,100777,100,99931,100
2019-06-28 09:39:10.000000000,100107,237,100084,237,100216,237,100083,382,100254,100,100065,100,100256,100,100019,200,100353,100,100010,200,100457,100,99966,100,100609,100,99956,100,100678,100,99946,100,100776,100,99943,100,100777,100,99931,100
2019-06-28 09:39:20.000000000,100107,193,100084,193,100216,190,100083,335,100254,190,100065,190,100256,100,100019,200,100353,100,100010,200,100457,100,99966,100,100609,100,99956,100,100678,100,99946,100,100776,100,99943,100,100777,100,99931,100
2019-06-28 09:39:30.000000000,100107,193,100084,193,100216,190,100083,335,100254,190,100065,190,100256,100,100019,200,100353,100,100010,200,100457,100,99966,100,100609,100,99956,100,100678,100,99946,100,100776,100,99943,100,100777,100,99931,100
2019-06-28 09:39:40.000000000,100107,155,100084,155,100216,155,100083,300,100254,155,100065,155,100256,155,100019,255,100353,155,100010,255,100457,100,99966,100,100609,100,99956,100,100678,100,99946,100,100776,100,99943,100,100777,100,99931,100
2019-06-28 09:39:48.292724221,100107,155,100084,155,100216,155,100083,300,100254,155,100065,155,100256,155,100019,255,100353,155,100010,255,100457,100,99966,100,100609,100,99956,100,100678,100,99946,100,100776,100,99943,100,100777,100,99931,100
2019-06-28 09:39:50.000000000,100107,374,100084,374,100216,100,100083,245,100254,100,100065,100,100256,100,100019,200,100353,100,100010,200,100457,100,99966,100,100609,100,99956,100,100678,100,99946,100,100776,100,99943,100,100777,100,99931,100
2019-06-28 09:39:53.361303412,100107,274,100084,374,100216,100,100083,245,100254,100,100065,100,100256,100,100019,200,100353,100,100010,200,100457,100,99966,100,100609,100,99956,100,100678,100,99946,100,100776,100,99943,100,100777,100,99931,100
2019-06-28 09:39:59.690431610,100107,274,100096,100,100216,100,100084,374,100254,100,100083,245,100256,100,100065,100,100353,100,100019,100,100457,100,100010,200,100609,100,99966,100,100678,100,99956,100,100776,100,99946,100,100777,100,99943,100
2019-06-28 09:40:00.000000000,100216,374,100096,374,100254,100,100084,100,100256,100,100083,245,100353,100,100065,100,100457,100,100019,100,100609,100,100010,200,100678,100,99966,100,100776,100,99956,100,100777,100,99946,100,100957,100,99943,100
2019-06-28 09:40:08.047684418,100216,374,100096,474,100254,100,100084,100,100256,100,100083,245,100353,100,100065,100,100457,100,100019,100,100609,100,100010,200,100678,100,99966,100,100776,100,99956,100,100777,100,99946,100,100957,100,99943,100
2019-06-28 09:40:10.000000000,100216,155,100096,255,100254,155,100084,155,100256,155,100083,300,100353,155,100065,155,100457,155,100019,155,100609,100,100010,200,100678,100,99966,100,100776,100,99956,100,100777,100,99946,100,100957,100,99943,100
2019-06-28 09:40:20.000000000,100216,155,100096,255,100254,155,100084,155,100256,155,100083,300,100353,155,100065,155,100457,155,100019,155,100609,100,100010,200,100678,100,99966,100,100776,100,99956,100,100777,100,99946,100,100957,100,99943,100
2019-06-28 09:40:21.098112075,100216,155,100096,255,100254,155,100084,155,100256,155,100083,300,100353,155,100065,155,100457,155,100019,155,100609,100,100010,200,100678,100,99966,100,100776,100,99956,100,100777,100,99946,100,100957,100,99943,100
2019-06-28 09:40:21.296530471,100216,155,100096,255,100254,155,100084,155,100256,155,100083,300,100353,155,100065,155,100457,155,100019,155,100609,100,100010,200,100678,100,99966,100,100776,100,99956,100,100777,100,99946,100,100957,100,99943,100
2019-06-28 09:40:23.858771254,100216,155,100096,255,100254,155,100084,155,100256,155,100083,300,100353,155,100065,155,100457,155,100019,155,100609,100,100010,200,100678,100,99966,100,100776,100,99956,100,100777,100,99946,100,100957,100,99943,100
2019-06-28 09:40:26.108399454,100216,55,100096,255,100254,155,100084,155,100256,155,100083,300,100353,155,100065,155,100457,155,100019,155,100609,100,100010,200,100678,100,99966,100,100776,100,99956,100,100777,100,99946,100,100957,100,99943,100
2019-06-28 09:40:29.517131316,100216,55,100107,100,100254,155,100096,255,100256,155,100084,155,100353,155,100083,200,100457,155,100065,155,100609,100,100019,155,100678,100,100010,200,100776,100,99966,100,100777,100,99956,100,100957,100,99946,100
2019-06-28 09:40:30.000000000,100254,237,100107,237,100256,237,100096,337,100353,100,100084,100,100457,100,100083,145,100609,100,100065,100,100678,100,100019,100,100776,100,100010,200,100777,100,99966,100,100957,100,99956,100,100981,100,99946,100
2019-06-28 09:40:32.577301818,100254,137,100107,237,100256,237,100096,337,100353,100,100084,100,100457,100,100083,145,100609,100,100065,100,100678,100,100019,100,100776,100,100010,200,100777,100,99966,100,100957,100,99956,100,100981,100,99946,100
2019-06-28 09:40:40.000000000,100256,193,100107,193,100353,190,100096,290,100457,190,100084,190,100609,100,100083,145,100678,100,100065,100,100776,100,100019,100,100777,100,100010,200,100957,100,99966,100,100981,100,99956,100,101046,100,99946,100
2019-06-28 09:40:45.509073931,100256,93,100107,193,100353,190,100096,290,100457,190,100084,190,100609,100,100083,145,100678,100,100065,100,100776,100,100019,100,100777,100,100010,200,100957,100,99966,100,100981,100,99956,100,100991,100,99946,100
2019-06-28 09:40:50.000000000,100353,193,100107,193,100457,190,100096,290,100609,190,100084,190,100678,100,100083,145,100776,100,100065,100,100777,100,100019,100,100957,100,100010,200,100981,100,99966,100,100991,100,99956,100,101046,100,99946,100
2019-06-28 09:40:58.267695588,100353,193,100107,193,100457,190,100096,290,100609,190,100084,190,100678,100,100083,145,100776,100,100065,100,100777,100,100019,100,100957,100,100010,200,100981,100,99956,100,100991,100,99946,100,101046,100,99943,100
2019-06-28 09:40:58.596607640,100353,193,100107,93,100457,190,100096,290,100609,190,100084,190,100678,100,100083,145,100776,100,100065,100,100777,100,100019,100,100957,100,100010,200,100981,100,99956,100,100991,100,99946,100,101046,100,99943,100
2019-06-28 09:41:00.000000000,100353,237,100096,337,100457,237,100084,237,100609,100,100083,145,100678,100,100065,100,100776,100,100019,100,100777,100,100010,200,100957,100,99956,100,100981,100,99946,100,100991,100,99943,100,101046,100,99931,100
2019-06-28 09:41:02.209326901,100353,137,100096,337,100457,237,100084,237,100609,100,100083,145,100678,100,100065,100,100776,100,100019,100,100957,100,100010,200,100981,100,99956,100,100991,100,99946,100,101046,100,99943,100,101088,100,99931,100
2019-06-28 09:41:10.000000000,100457,168,100096,268,100609,168,100084,168,100678,168,100083,213,100776,168,100065,168,100957,100,100019,100,100981,100,100010,200,100991,100,99956,100,101046,100,99946,100,101088,100,99943,100,101160,100,99931,100
2019-06-28 09:41:20.000000000,100457,168,100096,268,100609,168,100084,168,100678,168,100083,213,100776,168,100065,168,100957,100,100019,100,100981,100,100010,200,100991,100,99956,100,101046,100,99946,100,101088,100,99943,100,101160,100,99931,100
2019-06-28 09:41:30.000000000,100457,237,100096,337,100609,237,100084,237,100678,100,100083,145,100776,100,100065,100,100957,100,100019,100,100981,100,100010,200,100991,100,99956,100,101046,100,99946,100,101088,100,99943,100,101160,100,99931,100
2019-06-28 09:41:40.000000000,100457,193,100096,293,100609,190,100084,190,100678,190,100083,235,100776,100,100065,100,100957,100,100019,100,100981,100,100010,200,100991,100,99956,100,101046,100,99946,100,101088,100,99943,100,101160,100,99931,100
2019-06-28 09:41:48.113284401,100457,193,100096,293,100609,190,100084,190,100678,190,100083,235,100776,100,100065,100,100796,100,100019,100,100957,100,100010,200,100981,100,99946,100,100991,100,99943,100,101046,100,99931,100,101088,100,99921,100
2019-06-28 09:41:48.118877153,100457,193,100096,293,100609,190,100084,190,100678,190,100083,235,100776,100,100065,100,100796,100,100019,100,100855,100,100010,200,100957,100,99946,100,100981,100,99943,100,100991,100,99931,100,101046,100,99921,100
2019-06-28 09:41:49.231708486,100457,193,100096,293,100609,190,100084,190,100678,190,100083,235,100776,100,100065,100,100796,100,100019,100,100855,100,100010,200,100981,100,99946,100,100991,100,99943,100,101009,100,99931,100,101046,100,99921,100
2019-06-28 09:41:50.000000000,100457,237,100096,337,100609,237,100084,237,100678,100,100083,145,100776,100,100065,100,100796,100,100019,100,100855,100,100010,200,100981,100,99946,100,100991,100,99943,100,101009,100,99931,100,101046,100,99921,100
2019-06-28 09:41:53.655520866,100457,237,100096,337,100609,237,100084,237,100678,100,100083,145,100776,100,100065,100,100796,100,100019,100,100851,100,100010,200,100855,100,99946,100,100981,100,99943,100,100991,100,99931,100,101009,100,99921,100
2019-06-28 09:41:56.048182836,100457,237,100096,337,100609,237,100084,237,100678,100,100083,145,100776,100,100065,100,100796,100,100019,100,100851,100,100010,200,100855,100,99946,100,100931,100,99943,100,100981,100,99931,100,100991,100,99921,100
2019-06-28 09:42:00.000000000,100457,374,100096,474,100609,100,100084,100,100678,100,100083,145,100776,100,100065,100,100796,100,100019,100,100851,100,100010,200,100855,100,99946,100,100931,100,99943,100,100981,100,99931,100,100991,100,99921,100
2019-06-28 09:42:08.664374504,100457,374,100096,474,100609,100,100084,100,100678,100,100083,145,100776,100,100065,100,100777,100,100019,100,100796,100,100010,200,100851,100,99946,100,100855,100,99943,100,100931,100,99931,100,100981,100,99921,100
2019-06-28 09:42:10.000000000,100457,168,100096,268,100609,168,100084,168,100678,168,100083,213,100776,168,100065,168,100777,100,100019,100,100796,100,100010,200,100851,100,99946,100,100855,100,99943,100,100931,100,99931,100,100981,100,99921,100
2019-06-28 09:42:20.000000000,100457,374,100096,474,100609,100,100084,100,100678,100,100083,145,100776,100,100065,100,100777,100,100019,100,100796,100,100010,200,100851,100,99946,100,100855,100,99943,100,100931,100,99931,100,100981,100,99921,100
2019-06-28 09:42:25.354291397,100457,174,100096,474,100609,100,100084,100,100678,100,100083,145,100776,100,100065,100,100777,100,100019,100,100796,100,100010,200,100851,100,99946,100,100855,100,99943,100,100931,100,99931,100,100981,100,99921,100
2019-06-28 09:42:30.000000000,100609,168,100096,268,100678,168,100084,168,100776,168,100083,213,100777,168,100065,168,100796,100,100019,100,100851,100,100010,200,100855,100,99946,100,100931,100,99943,100,100981,100,99931,100,100991,100,99921,100
2019-06-28 09:42:40.000000000,100609,193,100096,293,100678,190,100084,190,100776,190,100083,235,100777,100,100065,100,100796,100,100019,100,100851,100,100010,200,100855,100,99946,100,100931,100,99943,100,100981,100,99931,100,100991,100,99921,100
2019-06-28 09:42:45.890575807,100609,193,100256,100,100678,190,100096,293,100776,190,100084,190,100777,100,100083,235,100796,100,100065,100,100851,100,100019,100,100855,100,100010,200,100931,100,99946,100,100981,100,99943,100,100991,100,99931,100
2019-06-28 09:42:46.164421331,100609,193,100256,100,100678,190,100096,293,100776,190,100084,190,100777,100,100083,235,100796,100,100065,100,100851,100,100019,100,100855,100,100010,100,100931,100,99946,100,100981,100,99943,100,100991,100,99931,100
2019-06-28 09:42:50.000000000,100609,168,100256,168,100678,168,100096,268,100776,168,100084,168,100777,168,100083,213,100796,100,100065,100,100851,100,100019,100,100855,100,100010,100,100931,100,99946,100,100981,100,99943,100,100991,100,99931,100
2019-06-28 09:43:00.000000000,100609,237,100256,237,100678,237,100096,337,100776,100,100084,100,100777,100,100083,145,100796,100,100065,100,100851,100,100019,100,100855,100,100010,100,100931,100,99946,100,100981,100,99943,100,100991,100,99931,100
2019-06-28 09:43:00.249880497,100609,137,100256,237,100678,237,100096,337,100776,100,100084,100,100777,100,100083,145,100796,100,100065,100,100851,100,100019,100,100855,100,100010,100,100931,100,99946,100,100981,100,99943,100,100991,100,99931,100
2019-06-28 09:43:10.000000000,100678,155,100256,155,100776,155,100096,255,100777,155,100084,155,100796,155,100083,200,100851,155,100065,155,100855,100,100019,100,100931,100,100010,100,100981,100,99946,100,100991,100,99943,100,101009,100,99931,100
2019-06-28 09:43:19.299380784,100678,155,100457,100,100776,155,100256,155,100777,155,100096,255,100796,155,100084,155,100851,155,100083,200,100855,100,100065,155,100931,100,100019,100,100981,100,99946,100,100991,100,99943,100,101009,100,99931,100
2019-06-28 09:43:20.000000000,100678,193,100457,193,100776,190,100256,190,100777,190,100096,290,100796,100,100084,100,100851,100,100083,145,100855,100,100065,100,100931,100,100019,100,100981,100,99946,100,100991,100,99943,100,101009,100,99931,100
2019-06-28 09:43:27.227138850,100678,193,100457,193,100776,190,100256,190,100777,190,100096,190,100796,100,100084,100,100851,100,100083,145,100855,100,100065,100,100931,100,100019,100,100981,100,99946,100,100991,100,99943,100,101009,100,99931,100
2019-06-28 09:43:28.153161789,100678,193,100627,100,100776,190,100457,193,100777,190,100256,190,100796,100,100096,190,100851,100,100084,100,100855,100,100083,145,100931,100,100065,100,100981,100,100019,100,100991,100,99946,100,101009,100,99943,100
2019-06-28 09:43:30.000000000,100678,193,100627,193,100776,190,100457,190,100777,190,100256,190,100796,100,100096,100,100851,100,100084,100,100855,100,100083,145,100931,100,100065,100,100981,100,100019,100,100991,100,99946,100,101009,100,99943,100
2019-06-28 09:43:35.311192095,100678,193,100627,193,100776,190,100457,190,100777,190,100256,190,100796,100,100096,100,100822,100,100084,100,100851,100,100083,145,100855,100,100065,100,100931,100,100019,100,100981,100,99946,100,100991,100,99943,100
2019-06-28 09:43:40.000000000,100678,193,100627,193,100776,190,100457,190,100777,190,100256,190,100796,100,100096,100,100822,100,100084,100,100851,100,100083,145,100855,100,100065,100,100931,100,100019,100,100981,100,99946,100,100991,100,99943,100
2019-06-28 09:43:44.536260772,100678,93,100627,193,100776,190,100457,190,100777,190,100256,190,100796,100,100096,100,100822,100,100084,100,100855,100,100083,145,100931,100,100065,100,100981,100,100019,100,100991,100,99946,100,101009,100,99943,100
2019-06-28 09:43:50.000000000,100776,193,100627,193,100777,190,100457,190,100796,190,100256,190,100822,100,100096,100,100855,100,100084,100,100931,100,100083,145,100981,100,100065,100,100991,100,100019,100,101009,100,99946,100,101046,100,99943,100
2019-06-28 09:44:00.000000000,100776,237,100627,237,100777,237,100457,237,100796,100,100256,100,100822,100,100096,100,100855,100,100084,100,100931,100,100083,145,100981,100,100065,100,100991,100,100019,100,101009,100,99946,100,101046,100,99943,100
2019-06-28 09:44:05.638195120,100776,237,100627,237,100777,237,100480,100,100796,100,100457,237,100822,100,100256,100,100855,100,100096,100,100931,100,100084,100,100981,100,100083,145,100991,100,100065,100,101009,100,100019,100,101046,100,99946,100
2019-06-28 09:44:10.000000000,100776,374,100627,374,100777,100,100480,100,100796,100,100457,100,100822,100,100256,100,100855,100,100096,100,100931,100,100084,100,100981,100,100083,145,100991,100,100065,100,101009,100,100019,100,101046,100,99946,100
2019-06-28 09:44:14.128701630,100776,374,100627,374,100777,100,100546,100,100796,100,100480,100,100822,100,100457,100,100855,100,100256,100,100931,100,100096,100,100981,100,100084,100,100991,100,100083,145,101009,100,100065,100,101046,100,100019,100
2019-06-28 09:44:17.595965281,100683,100,100627,374,100776,374,100546,100,100777,100,100480,100,100796,100,100457,100,100822,100,100256,100,100855,100,100096,100,100931,100,100084,100,100981,100,100083,145,100991,100,100065,100,101009,100,100019,100
2019-06-28 09:44:20.000000000,100683,193,100627,193,100776,190,100546,190,100777,190,100480,190,100796,100,100457,100,100822,100,100256,100,100855,100,100096,100,100931,100,100084,100,100981,100,100083,145,100991,100,100065,100,101009,100,100019,100
2019-06-28 09:44:30.000000000,100683,193,100627,193,100776,190,100546,190,100777,190,100480,190,100796,100,100457,100,100822,100,100256,100,100855,100,100096,100,100931,100,100084,100,100981,100,100083,145,100991,100,100065,100,101009,100,100019,100
2019-06-28 09:44:40.000000000,100683,237,100627,237,100776,237,100546,237,100777,100,100480,100,100796,100,100457,100,100822,100,100256,100,100855,100,100096,100,100931,100,100084,100,100981,100,100083,145,100991,100,100065,100,101009,100,100019,100
2019-06-28 09:44:50.000000000,100683,237,100627,237,100776,237,100546,237,100777,100,100480,100,100796,100,100457,100,100822,100,100256,100,100855,100,100096,100,100931,100,100084,100,100981,100,100083,145,100991,100,100065,100,101009,100,100019,100
2019-06-28 09:45:00.000000000,100683,193,100627,193,100776,190,100546,190,100777,190,100480,190,100796,100,100457,100,100822,100,100256,100,100855,100,100096,100,100931,100,100084,100,100981,100,100083,145,100991,100,100065,100,101009,100,100019,100
2019-06-28 09:45:10.000000000,100683,193,100627,193,100776,190,100546,190,100777,190,100480,190,100796,100,100457,100,100822,100,100256,100,100855,100,100096,100,100931,100,100084,100,100981,100,100083,145,100991,100,100065,100,101009,100,100019,100
2019-06-28 09:45:20.000000000,100683,168,100627,168,100776,168,100546,168,100777,168,100480,168,100796,168,100457,168,100822,100,100256,100,100855,100,100096,100,100931,100,100084,100,100981,100,100083,145,100991,100,100065,100,101009,100,100019,100
2019-06-28 09:45:21.027507856,100683,168,100627,168,100776,168,100546,168,100777,168,100480,168,100796,168,100457,168,100822,100,100256,100,100855,100,100096,100,100931,100,100084,100,100981,100,100083,145,100991,100,100065,100,101009,100,100019,100
2019-06-28 09:45:30.000000000,100683,168,100627,168,100776,168,100546,168,100777,168,100480,168,100796,168,100457,168,100822,100,100256,100,100855,100,100096,100,100931,100,100084,100,100981,100,100083,145,100991,100,100065,100,101009,100,100019,100
2019-06-28 09:45:38.990926607,100683,168,100627,168,100776,168,100546,168,100777,168,100480,168,100796,168,100457,168,100822,100,100256,100,100855,100,100096,100,100931,100,100084,100,100981,100,100083,145,100991,100,100065,100,101009,100,100019,100
2019-06-28 09:45:40.000000000,100683,193,100627,193,100776,190,100546,190,100777,190,100480,190,100796,100,100457,100,100822,100,100256,100,100855,100,100096,100,100931,100,100084,100,100981,100,100083,145,100991,100,100065,100,101009,100,100019,100
2019-06-28 09:45:50.000000000,100683,155,100627,155,100776,155,100546,155,100777,155,100480,155,100796,155,100457,155,100822,155,100256,155,100855,100,100096,100,100931,100,100084,100,100981,100,100083,145,100991,100,100065,100,101009,100,100019,100
2019-06-28 09:45:55.101233581,100683,155,100627,155,100776,155,100546,155,100777,155,100480,155,100796,155,100457,155,100822,155,100256,155,100855,100,100096,100,100892,100,100084,100,100931,100,100083,145,100981,100,100065,100,100991,100,100019,100
2019-06-28 09:46:00.000000000,100683,374,100627,374,100776,100,100546,100,100777,100,100480,100,100796,100,100457,100,100822,100,100256,100,100855,100,100096,100,100892,100,100084,100,100931,100,100083,145,100981,100,100065,100,100991,100,100019,100
2019-06-28 09:46:03.119933492,100683,374,100627,374,100776,100,100546,100,100777,100,100480,100,100796,100,100457,100,100822,100,100256,100,100855,100,100096,100,100892,100,100084,100,100931,100,100083,145,100981,100,100065,100,100991,100,100019,100
2019-06-28 09:46:08.208810715,100683,374,100627,374,100776,100,100546,100,100777,100,100480,100,100796,100,100457,100,100822,100,100256,100,100855,100,100096,100,100892,100,100084,100,100931,100,100083,45,100981,100,100065,100,100991,100,100019,100
2019-06-28 09:46:10.000000000,100683,155,100627,155,100776,155,100546,155,100777,155,100480,155,100796,155,100457,155,100822,155,100256,155,100855,100,100096,100,100892,100,100084,100,100931,100,100083,45,100981,100,100065,100,100991,100,100019,100
2019-06-28 09:46:20.000000000,100683,168,100627,168,100776,168,100546,168,100777,168,100480,168,100796,168,100457,168,100822,100,100256,100,100855,100,100096,100,100892,100,100084,100,100931,100,100083,45,100981,100,100065,100,100991,100,100019,100
2019-06-28 09:46:30.000000000,100683,237,100627,237,100776,237,100546,237,100777,100,100480,100,100796,100,100457,100,100822,100,100256,100,100855,100,100096,100,100892,100,100084,100,100931,100,100083,45,100981,100,100065,100,100991,100,100019,100
2019-06-28 09:46:39.247458035,100683,237,100627,137,100776,237,100546,237,100777,100,100480,100,100784,100,100457,100,100796,100,100256,100,100822,100,100096,100,100855,100,100084,100,100892,100,100083,45,100931,100,100065,100,100981,100,100019,100
2019-06-28 09:46:40.000000000,100683,374,100546,374,100776,100,100480,100,100777,100,100457,100,100784,100,100256,100,100796,100,100096,100,100822,100,100084,100,100855,100,100083,45,100892,100,100065,100,100931,100,100019,100,100981,100,99946,100
2019-06-28 09:46:50.000000000,100683,155,100546,155,100776,155,100480,155,100777,155,100457,155,100784,155,100256,155,100796,155,100096,155,100822,100,100084,100,100855,100,100083,45,100892,100,100065,100,100931,100,100019,100,100981,100,99946,100
2019-06-28 09:47:00.000000000,100683,193,100546,193,100776,190,100480,190,100777,190,100457,190,100784,100,100256,100,100796,100,100096,100,100822,100,100084,100,100855,100,100083,45,100892,100,100065,100,100931,100,100019,100,100981,100,99946,100
2019-06-28 09:47:10.000000000,100683,193,100546,193,100776,190,100480,190,100777,190,100457,190,100784,100,100256,100,100796,100,100096,100,100822,100,100084,100,100855,100,100083,45,100892,100,100065,100,100931,100,100019,100,100981,100,99946,100
2019-06-28 09:47:15.622624477,100683,193,100546,193,100776,190,100480,190,100777,190,100457,190,100784,100,100256,100,100796,100,100096,100,100822,100,100084,100,100855,100,100083,45,100892,100,100065,100,100931,100,100019,100,100978,100,99946,100
2019-06-28 09:47:20.000000000,100683,193,100546,193,100776,190,100480,190,100777,190,100457,190,100784,100,100256,100,100796,100,100096,100,100822,100,100084,100,100855,100,100083,45,100892,100,100065,100,100931,100,100019,100,100978,100,99946,100
2019-06-28 09:47:30.000000000,100683,374,100546,374,100776,100,100480,100,100777,100,100457,100,100784,100,100256,100,100796,100,100096,100,100822,100,100084,100,100855,100,100083,45,100892,100,100065,100,100931,100,100019,100,100978,100,99946,100
2019-06-28 09:47:36.295337237,100683,374,100546,374,100776,100,100480,100,100777,100,100457,100,100784,100,100349,100,100796,100,100256,100,100822,100,100096,100,100855,100,100084,100,100892,100,100083,45,100931,100,100065,100,100978,100,100019,100
2019-06-28 09:47:40.000000000,100683,237,100546,237,100776,237,100480,237,100777,100,100457,100,100784,100,100349,100,100796,100,100256,100,100822,100,100096,100,100855,100,100084,100,100892,100,100083,45,100931,100,100065,100,100978,100,100019,100
2019-06-28 09:47:43.568538481,100683,237,100546,237,100776,237,100480,237,100777,100,100457,100,100784,100,100349,100,100796,100,100333,100,100822,100,100256,100,100855,100,100096,100,100892,100,100084,100,100931,100,100083,45,100978,100,100065,100
2019-06-28 09:47:50.000000000,100683,374,100546,374,100776,100,100480,100,100777,100,100457,100,100784,100,100349,100,100796,100,100333,100,100822,100,100256,100,100855,100,100096,100,100892,100,100084,100,100931,100,100083,45,100978,100,100065,100
2019-06-28 09:48:00.000000000,100683,168,100546,168,100776,168,100480,168,100777,168,100457,168,100784,168,100349,168,100796,100,100333,100,100822,100,100256,100,100855,100,100096,100,100892,100,100084,100,100931,100,100083,45,100978,100,100065,100
2019-06-28 09:48:10.000000000,100683,193,100546,193,100776,190,100480,190,100777,190,100457,190,100784,100,100349,100,100796,100,100333,100,100822,100,100256,100,100855,100,100096,100,100892,100,100084,100,100931,100,100083,45,100978,100,100065,100
2019-06-28 09:48:20.000000000,100683,374,100546,374,100776,100,100480,100,100777,100,100457,100,100784,100,100349,100,100796,100,100333,100,100822,100,100256,100,100855,100,100096,100,100892,100,100084,100,100931,100,100083,45,100978,100,100065,100
2019-06-28 09:48:30.000000000,100683,374,100546,374,100776,100,100480,100,100777,100,100457,100,100784,100,100349,100,100796,100,100333,100,100822,100,100256,100,100855,100,100096,100,100892,100,100084,100,100931,100,100083,45,100978,100,100065,100
2019-06-28 09:48:40.000000000,100683,155,100546,155,100776,155,100480,155,100777,155,100457,155,100784,155,100349,155,100796,155,100333,155,100822,100,100256,100,100855,100,100096,100,100892,100,100084,100,100931,100,100083,45,100978,100,100065,100
2019-06-28 09:48:50.000000000,100683,374,100546,374,100776,100,100480,100,100777,100,100457,100,100784,100,100349,100,100796,100,100333,100,100822,100,100256,100,100855,100,100096,100,100892,100,100084,100,100931,100,100083,45,100978,100,100065,100
2019-06-28 09:49:00.000000000,100683,168,100546,168,100776,168,100480,168,100777,168,100457,168,100784,168,100349,168,100796,100,100333,100,100822,100,100256,100,100855,100,100096,100,100892,100,100084,100,100931,100,100083,45,100978,100,100065,100
2019-06-28 09:49:06.049713833,100683,168,100546,168,100776,168,100480,168,100777,168,100457,168,100784,168,100349,168,100796,100,100333,100,100822,100,100256,100,100855,100,100096,100,100892,100,100084,100,100931,100,100083,45,100981,100,100065,100
2019-06-28 09:49:09.744929002,100683,168,100546,68,100776,168,100480,168,100777,168,100457,168,100784,168,100349,168,100796,100,100333,100,100822,100,100256,100,100855,100,100096,100,100892,100,100084,100,100931,100,100083,45,100981,100,100065,100
2019-06-28 09:49:10.000000000,100683,237,100480,237,100776,237,100457,237,100777,100,100349,100,100784,100,100333,100,100796,100,100256,100,100822,100,100096,100,100855,100,100084,100,100892,100,100083,45,100931,100,100065,100,100981,100,100019,100
2019-06-28 09:49:20.000000000,100683,374,100480,374,100776,100,100457,100,100777,100,100349,100,100784,100,100333,100,100796,100,100256,100,100822,100,100096,100,100855,100,100084,100,100892,100,100083,45,100931,100,100065,100,100981,100,100019,100
2019-06-28 09:49:30.000000000,100683,193,100480,193,100776,190,100457,190,100777,190,100349,190,100784,100,100333,100,100796,100,100256,100,100822,100,100096,100,100855,100,100084,100,100892,100,100083,45,100931,100,100065,100,100981,100,100019,100
2019-06-28 09:49:40.000000000,100683,193,100480,193,100776,190,100457,190,100777,190,100349,190,100784,100,100333,100,100796,100,100256,100,100822,100,100096,100,100855,100,100084,100,100892,100,100083,45,100931,100,100065,100,100981,100,100019,100
2019-06-28 09:49:50.000000000,100683,193,100480,193,100776,190,100457,190,100777,190,100349,190,100784,100,100333,100,100796,100,100256,100,100822,100,100096,100,100855,100,100084,100,100892,100,100083,45,100931,100,100065,100,100981,100,100019,100
2019-06-28 09:49:51.900833813,100683,193,100480,93,100776,90,100457,190,100777,190,100349,190,100784,100,100333,100,100796,100,100256,100,100822,100,100096,100,100855,100,100084,100,100892,100,100083,45,100931,100,100065,100,100981,100,100019,100
2019-06-28 09:50:00.000000000,100683,237,100457,237,100777,237,100349,237,100784,100,100333,100,100796,100,100256,100,100822,100,100096,100,100855,100,100084,100,100892,100,100083,45,100931,100,100065,100,100981,100,100019,100,100991,100,99946,100
2019-06-28 09:50:10.000000000,100683,168,100457,168,100777,168,100349,168,100784,168,100333,168,100796,168,100256,168,100822,100,100096,100,100855,100,100084,100,100892,100,100083,45,100931,100,100065,100,100981,100,100019,100,100991,100,99946,100
2019-06-28 09:50:16.828818018,100683,168,100457,168,100777,168,100349,168,100784,168,100333,168,100796,168,100256,168,100822,100,100096,100,100855,100,100084,100,100892,100,100083,45,100931,100,100065,100,100981,100,100019,100,100991,100,99946,100
2019-06-28 09:50:20.000000000,100683,193,100457,193,100777,190,100349,190,100784,190,100333,190,100796,100,100256,100,100822,100,100096,100,100855,100,100084,100,100892,100,100083,45,100931,100,100065,100,100981,100,100019,100,100991,100,99946,100
2019-06-28 09:50:30.000000000,100683,374,100457,374,100777,100,100349,100,100784,100,100333,100,100796,100,100256,100,100822,100,100096,100,100855,100,100084,100,100892,100,100083,45,100931,100,100065,100,100981,100,100019,100,100991,100,99946,100
2019-06-28 09:50:36.663432817,100683,374,100457,374,100777,100,100349,100,100784,100,100256,100,100796,100,100096,100,100822,100,100084,100,100855,100,100083,45,100892,100,100065,100,100931,100,100019,100,100981,100,99946,100,100991,100,99943,100
2019-06-28 09:50:40.000000000,100683,193,100457,193,100777,190,100349,190,100784,190,100256,190,100796,100,100096,100,100822,100,100084,100,100855,100,100083,45,100892,100,100065,100,100931,100,100019,100,100981,100,99946,100,100991,100,99943,100
2019-06-28 09:50:50.000000000,100683,168,100457,168,100777,168,100349,168,100784,168,100256,168,100796,168,100096,168,100822,100,100084,100,100855,100,100083,45,100892,100,100065,100,100931,100,100019,100,100981,100,99946,100,100991,100,99943,100
2019-06-28 09:51:00.000000000,100683,155,100457,155,100777,155,100349,155,100784,155,100256,155,100796,155,100096,155,100822,155,100084,155,100855,100,100083,45,100892,100,100065,100,100931,100,100019,100,100981,100,99946,100,100991,100,99943,100
2019-06-28 09:51:10.000000000,100683,155,100457,155,100777,155,100349,155,100784,155,100256,155,100796,155,100096,155,100822,155,100084,155,100855,100,100083,45,100892,100,100065,100,100931,100,100019,100,100981,100,99946,100,100991,100,99943,100
2019-06-28 09:51:15.403265967,100683,155,100457,55,100777,155,100349,155,100784,155,100256,155,100796,155,100096,155,100822,155,100084,155,100892,100,100083,45,100931,100,100065,100,100981,100,100019,100,100991,100,99946,100,101009,100,99943,100
2019-06-28 09:51:20.000000000,100683,237,100349,237,100777,237,100256,237,100784,100,100096,100,100796,100,100084,100,100822,100,100083,45,100892,100,100065,100,100931,100,100019,100,100981,100,99946,100,100991,100,99943,100,101009,100,99931,100
2019-06-28 09:51:25.910837839,100683,237,100349,237,100777,237,100256,237,100784,100,100096,100,100796,100,100084,100,100822,100,100083,45,100931,100,100065,100,100981,100,100028,100,100991,100,100019,100,101009,100,99946,100,101046,100,99943,100
2019-06-28 09:51:30.000000000,100683,237,100349,237,100777,237,100256,237,100784,100,100096,100,100796,100,100084,100,100822,100,100083,45,100931,100,100065,100,100981,100,100028,100,100991,100,100019,100,101009,100,99946,100,101046,100,99943,100
2019-06-28 09:51:31.349000437,100683,237,100349,237,100777,237,100256,237,100784,100,100096,100,100796,100,100084,100,100822,100,100083,45,100931,100,100065,100,100981,100,100028,100,100991,100,100019,100,101009,100,99946,100,101046,100,99943,100
2019-06-28 09:51:36.846790228,100683,237,100349,137,100777,237,100256,237,100784,100,100096,100,100796,100,100084,100,100822,100,100083,45,100931,100,100065,100,100981,100,100028,100,100991,100,100019,100,101009,100,99946,100,101046,100,99943,100
2019-06-28 09:51:38.285010888,100457,100,100349,137,100683,237,100256,237,100777,237,100096,100,100784,100,100083,45,100796,100,100065,100,100822,100,100028,100,100931,100,100019,100,100981,100,99946,100,100991,100,99943,100,101009,100,99931,100
2019-06-28 09:51:39.580990972,100457,100,100349,37,100683,237,100256,237,100777,237,100096,100,100784,100,100083,45,100796,100,100065,100,100931,100,100028,100,100981,100,100019,100,100991,100,99946,100,101009,100,99943,100,101046,100,99931,100
2019-06-28 09:51:40.000000000,100457,155,100256,155,100683,155,100096,155,100777,155,100083,100,100784,155,100065,155,100796,155,100028,155,100931,100,100019,100,100981,100,99946,100,100991,100,99943,100,101009,100,99931,100,101046,100,99921,100
2019-06-28 09:51:50.000000000,100457,155,100256,155,100683,155,100096,155,100777,155,100083,100,100784,155,100065,155,100796,155,100028,155,100931,100,100019,100,100981,100,99946,100,100991,100,99943,100,101009,100,99931,100,101046,100,99921,100
2019-06-28 09:52:00.000000000,100457,168,100256,168,100683,168,100096,168,100777,168,100083,113,100784,168,100065,168,100796,100,100028,100,100931,100,100019,100,100981,100,99946,100,100991,100,99943,100,101009,100,99931,100,101046,100,99921,100
2019-06-28 09:52:04.090349266,100457,168,100256,168,100683,168,100096,168,100777,168,100083,113,100784,168,100065,168,100796,100,100028,100,100931,100,100019,100,100981,100,99946,100,100991,100,99943,100,101009,100,99931,100,101046,100,99921,100
2019-06-28 09:52:08.724575819,100457,168,100256,168,100683,168,100096,168,100777,168,100091,100,100784,168,100083,113,100796,100,100065,168,100931,100,100028,100,100981,100,100019,100,100991,100,99946,100,101009,100,99943,100,101086,100,99931,100
2019-06-28 09:52:09.827570432,100457,168,100256,168,100683,168,100096,168,100777,168,100091,100,100784,168,100083,113,100796,100,100065,168,100931,100,100028,100,100981,100,100019,100,100991,100,99961,100,101009,100,99946,100,101086,100,99943,100
2019-06-28 09:52:10.000000000,100457,374,100256,374,100683,100,100096,100,100777,100,100091,100,100784,100,100083,45,100796,100,100065,100,100931,100,100028,100,100981,100,100019,100,100991,100,99961,100,101009,100,99946,100,101086,100,99943,100
2019-06-28 09:52:13.343227726,100305,100,100256,374,100457,374,100096,100,100683,100,100091,100,100777,100,100083,45,100784,100,100065,100,100796,100,100028,100,100931,100,100019,100,100981,100,99961,100,100991,100,99946,100,101009,100,99943,100
2019-06-28 09:52:20.000000000,100305,193,100256,193,100457,190,100096,190,100683,190,100091,190,100777,100,100083,45,100784,100,100065,100,100796,100,100028,100,100931,100,100019,100,100981,100,99961,100,100991,100,99946,100,101009,100,99943,100
2019-06-28 09:52:22.629702540,100305,93,100256,193,100457,190,100096,190,100683,190,100091,190,100777,100,100083,45,100784,100,100065,100,100796,100,100028,100,100931,100,100019,100,100981,100,99961,100,100991,100,99946,100,101009,100,99943,100
2019-06-28 09:52:24.447321705,100305,93,100256,193,100457,190,100193,100,100683,190,100096,190,100777,100,100091,190,100784,100,100083,45,100796,100,100065,100,100931,100,100028,100,100981,100,100019,100,100991,100,99961,100,101009,100,99946,100
2019-06-28 09:52:29.719702922,100304,100,100256,193,100305,93,100193,100,100457,190,100096,190,100683,190,100091,190,100777,100,100083,45,100784,100,100065,100,100796,100,100028,100,100931,100,100019,100,100981,100,99961,100,100991,100,99946,100
2019-06-28 09:52:30.000000000,100304,193,100256,193,100457,190,100193,190,100683,190,100096,190,100777,100,100091,100,100784,100,100083,45,100796,100,100065,100,100931,100,100028,100,100981,100,100019,100,100991,100,99961,100,101009,100,99946,100
2019-06-28 09:52:33.944868612,100304,193,100297,100,100457,190,100256,193,100683,190,100193,190,100777,100,100096,190,100784,100,100091,100,100796,100,100083,45,100931,100,100065,100,100981,100,100028,100,100991,100,100019,100,101009,100,99961,100
2019-06-28 09:52:40.000000000,100304,374,100297,374,100457,100,100256,100,100683,100,100193,100,100777,100,100096,100,100784,100,100091,100,100796,100,100083,45,100931,100,100065,100,100981,100,100028,100,100991,100,100019,100,101009,100,99961,100
2019-06-28 09:52:44.356658560,100304,374,100297,274,100457,100,100256,100,100683,100,100193,100,100777,100,100096,100,100784,100,100091,100,100796,100,100083,45,100931,100,100065,100,100981,100,100028,100,100991,100,100019,100,101009,100,99961,100
2019-06-28 09:52:50.000000000,100304,155,100256,155,100457,155,100193,155,100683,155,100096,155,100777,155,100091,155,100784,155,100083,100,100796,100,100065,100,100931,100,100028,100,100981,100,100019,100,100991,100,99961,100,101009,100,99946,100
2019-06-28 09:52:55.292697442,100304,155,100256,155,100457,155,100193,155,100683,155,100096,155,100777,155,100091,155,100784,155,100083,100,100796,100,100065,100,100931,100,100028,100,100981,100,100019,100,100991,100,99981,100,101009,100,99961,100
2019-06-28 09:52:57.562919049,100303,100,100256,155,100304,155,100193,155,100457,155,100096,155,100683,155,100091,155,100777,155,100083,100,100784,155,100065,100,100796,100,100028,100,100931,100,100019,100,100981,100,99981,100,100991,100,99961,100
2019-06-28 09:52:59.209353333,100303,100,100256,55,100304,155,100193,155,100457,155,100096,155,100683,155,100091,155,100777,155,100083,100,100784,155,100065,100,100796,100,100028,100,100931,100,100019,100,100981,100,99981,100,100991,100,99961,100
2019-06-28 09:53:00.000000000,100303,168,100193,168,100304,168,100096,168,100457,168,100091,168,100683,168,100083,113,100777,100,100065,100,100784,100,100028,100,100796,100,100019,100,100931,100,99981,100,100981,100,99961,100,100991,100,99946,100
2019-06-28 09:53:10.000000000,100303,237,100193,237,100304,237,100096,237,100457,100,100091,100,100683,100,100083,45,100777,100,100065,100,100784,100,100028,100,100796,100,100019,100,100931,100,99981,100,100981,100,99961,100,100991,100,99946,100
2019-06-28 09:53:18.085558020,100303,237,100193,137,100304,237,100096,237,100457,100,100091,100,100683,100,100083,45,100777,100,100065,100,100784,100,100028,100,100796,100,100019,100,100931,100,99981,100,100991,100,99961,100,101009,100,99946,100
2019-06-28 09:53:19.617351869,100303,237,100193,137,100304,237,100096,237,100365,100,100091,100,100457,100,100083,45,100683,100,100065,100,100777,100,100019,100,100784,100,99981,100,100796,100,99961,100,100931,100,99946,100,100991,100,99943,100
2019-06-28 09:53:20.000000000,100303,193,100096,193,100304,190,100091,190,100365,190,100083,135,100457,100,100065,100,100683,100,100019,100,100777,100,99981,100,100784,100,99961,100,100796,100,99946,100,100931,100,99943,100,100991,100,99931,100
2019-06-28 09:53:29.046476289,100303,193,100240,100,100304,190,100096,193,100365,190,100091,190,100457,100,100083,135,100683,100,100065,100,100777,100,100019,100,100784,100,99981,100,100796,100,99961,100,100931,100,99946,100,100991,100,99943,100
2019-06-28 09:53:30.000000000,100303,237,100240,237,100304,237,100096,237,100365,100,100091,100,100457,100,100083,45,100683,100,100065,100,100777,100,100019,100,100784,100,99981,100,100796,100,99961,100,100931,100,99946,100,100991,100,99943,100
2019-06-28 09:53:40.000000000,100303,155,100240,155,100304,155,100096,155,100365,155,100091,155,100457,155,100083,100,100683,155,100065,155,100777,100,100019,100,100784,100,99981,100,100796,100,99961,100,100931,100,99946,100,100991,100,99943,100
2019-06-28 09:53:50.000000000,100303,168,100240,168,100304,168,100096,168,100365,168,100091,168,100457,168,100083,113,100683,100,100065,100,100777,100,100019,100,100784,100,99981,100,100796,100,99961,100,100931,100,99946,100,100991,100,99943,100
2019-06-28 09:54:00.000000000,100303,237,100240,237,100304,237,100096,237,100365,100,100091,100,100457,100,100083,45,100683,100,100065,100,100777,100,100019,100,100784,100,99981,100,100796,100,99961,100,100931,100,99946,100,100991,100,99943,100
2019-06-28 09:54:09.633106039,100303,237,100240,137,100304,237,100096,237,100365,100,100091,100,100457,100,100083,45,100683,100,100065,100,100777,100,100019,100,100784,100,99981,100,100796,100,99961,100,100931,100,99946,100,100991,100,99943,100
2019-06-28 09:54:10.000000000,100303,374,100096,374,100304,100,100091,100,100365,100,100083,45,100457,100,100065,100,100683,100,100019,100,100777,100,99981,100,100784,100,99961,100,100796,100,99946,100,100931,100,99943,100,100991,100,99931,100
2019-06-28 09:54:20.000000000,100303,374,100096,374,100304,100,100091,100,100365,100,100083,45,100457,100,100065,100,100683,100,100019,100,100777,100,99981,100,100784,100,99961,100,100796,100,99946,100,100931,100,99943,100,100991,100,99931,100
2019-06-28 09:54:24.701288094,100303,374,100096,374,100304,100,100091,100,100365,100,100083,45,100457,100,100065,100,100683,100,100019,100,100777,100,99981,100,100784,100,99961,100,100796,100,99946,100,100931,100,99943,100,100991,100,99931,100
2019-06-28 09:54:26.474233905,100303,374,100109,100,100304,100,100096,374,100365,100,100091,100,100457,100,100083,45,100777,100,100065,100,100784,100,100019,100,100796,100,99981,100,100931,100,99961,100,100991,100,99946,100,101009,100,99943,100
2019-06-28 09:54:30.000000000,100303,237,100109,237,100304,237,100096,237,100365,100,100091,100,100457,100,100083,45,100777,100,100065,100,100784,100,100019,100,100796,100,99981,100,100931,100,99961,100,100991,100,99946,100,101009,100,99943,100
2019-06-28 09:54:40.000000000,100303,374,100109,374,100304,100,100096,100,100365,100,100091,100,100457,100,100083,45,100777,100,100065,100,100784,100,100019,100,100796,100,99981,100,100931,100,99961,100,100991,100,99946,100,101009,100,99943,100
2019-06-28 09:54:50.000000000,100303,155,100109,155,100304,155,100096,155,100365,155,100091,155,100457,155,100083,100,100777,155,100065,155,100784,100,100019,100,100796,100,99981,100,100931,100,99961,100,100991,100,99946,100,101009,100,99943,100
2019-06-28 09:54:57.963827905,100303,155,100109,55,100304,155,100096,155,100365,155,100091,155,100457,155,100083,100,100777,155,100065,155,100784,100,100019,100,100796,100,99981,100,100931,100,99961,100,100991,100,99946,100,101009,100,99943,100
2019-06-28 09:55:00.000000000,100303,155,100096,155,100304,155,100091,155,100365,155,100083,100,100457,155,100065,155,100777,155,100019,155,100784,100,99981,100,100796,100,99961,100,100931,100,99946,100,100991,100,99943,100,101009,100,99931,100
2019-06-28 09:55:10.000000000,100303,374,100096,374,100304,100,100091,100,100365,100,100083,45,100457,100,100065,100,100777,100,100019,100,100784,100,99981,100,100796,100,99961,100,100931,100,99946,100,100991,100,99943,100,101009,100,99931,100
2019-06-28 09:55:20.000000000,100303,155,100096,155,100304,155,100091,155,100365,155,100083,100,100457,155,100065,155,100777,155,100019,155,100784,100,99981,100,100796,100,99961,100,100931,100,99946,100,100991,100,99943,100,101009,100,99931,100
2019-06-28 09:55:20.504699358,100213,100,100096,155,100303,155,100091,155,100304,155,100083,100,100365,55,100065,155,100457,155,100019,155,100777,155,99981,100,100784,100,99961,100,100796,100,99946,100,100931,100,99943,100,100991,100,99931,100
2019-06-28 09:55:21.351278802,100213,100,100096,55,100303,155,100091,155,100304,155,100083,100,100365,55,100065,155,100457,155,100019,155,100777,155,99981,100,100784,100,99961,100,100796,100,99946,100,100931,100,99943,100,100991,100,99931,100
2019-06-28 09:55:30.000000000,100213,237,100091,237,100303,237,100083,182,100304,100,100065,100,100457,100,100019,100,100777,100,99981,100,100784,100,99961,100,100796,100,99946,100,100931,100,99943,100,100991,100,99931,100,101009,100,99889,100
2019-06-28 09:55:40.000000000,100213,237,100091,237,100303,237,100083,182,100304,100,100065,100,100457,100,100019,100,100777,100,99981,100,100784,100,99961,100,100796,100,99946,100,100931,100,99943,100,100991,100,99931,100,101009,100,99889,100
2019-06-28 09:55:50.000000000,100213,237,100091,237,100303,237,100083,182,100304,100,100065,100,100457,100,100019,100,100777,100,99981,100,100784,100,99961,100,100796,100,99946,100,100931,100,99943,100,100991,100,99931,100,101009,100,99889,100
2019-06-28 09:56:00.000000000,100213,155,100091,155,100303,155,100083,100,100304,155,100065,155,100457,155,100019,155,100777,155,99981,155,100784,100,99961,100,100796,100,99946,100,100931,100,99943,100,100991,100,99931,100,101009,100,99889,100
2019-06-28 09:56:10.000000000,100213,193,100091,193,100303,190,100083,135,100304,190,100065,190,100457,100,100019,100,100777,100,99981,100,100784,100,99961,100,100796,100,99946,100,100931,100,99943,100,100991,100,99931,100,101009,100,99889,100
2019-06-28 09:56:20.000000000,100213,168,100091,168,100303,168,100083,113,100304,168,100065,168,100457,168,100019,168,100777,100,99981,100,100784,100,99961,100,100796,100,99946,100,100931,100,99943,100,100991,100,99931,100,101009,100,99889,100
2019-06-28 09:56:30.000000000,100213,374,100091,374,100303,100,100083,45,100304,100,100065,100,100457,100,100019,100,100777,100,99981,100,100784,100,99961,100,100796,100,99946,100,100931,100,99943,100,100991,100,99931,100,101009,100,99889,100
2019-06-28 09:56:38.839498441,100213,374,100091,374,100303,100,100083,45,100304,100,100065,100,100457,100,100019,100,100777,100,99981,100,100784,100,99946,100,100796,100,99943,100,100846,100,99931,100,100931,100,99889,100,100991,100,99880,100
2019-06-28 09:56:40.000000000,100213,193,100091,193,100303,190,100083,135,100304,190,100065,190,100457,100,100019,100,100777,100,99981,100,100784,100,99946,100,100796,100,99943,100,100846,100,99931,100,100931,100,99889,100,100991,100,99880,100
2019-06-28 09:56:44.377617831,100213,93,100091,193,100303,190,100083,135,100304,190,100065,190,100457,100,100019,100,100777,100,99981,100,100784,100,99946,100,100796,100,99943,100,100846,100,99931,100,100931,100,99880,100,100991,100,99876,100
2019-06-28 09:56:50.000000000,100303,374,100091,374,100304,100,100083,45,100457,100,100065,100,100777,100,100019,100,100784,100,99981,100,100796,100,99946,100,100846,100,99943,100,100931,100,99931,100,100991,100,99880,100,101009,100,99876,100
2019-06-28 09:57:00.000000000,100303,168,100091,168,100304,168,100083,113,100457,168,100065,168,100777,168,100019,168,100784,100,99981,100,100796,100,99946,100,100846,100,99943,100,100931,100,99931,100,100991,100,99880,100,101009,100,99876,100
2019-06-28 09:57:03.573337037,100303,168,100091,168,100304,168,100083,113,100457,168,100065,168,100737,100,100019,168,100777,168,99981,100,100784,100,99946,100,100796,100,99943,100,100846,100,99931,100,100931,100,99880,100,100991,100,99876,100
2019-06-28 09:57:07.561974231,100303,68,100091,168,100304,168,100083,113,100457,168,100065,168,100737,100,100019,168,100777,168,99981,100,100784,100,99946,100,100796,100,99943,100,100846,100,99931,100,100931,100,99880,100,100991,100,99876,100
2019-06-28 09:57:09.214818372,100304,168,100303,32,100457,168,100091,168,100737,100,100083,113,100777,168,100065,168,100796,100,100019,168,100846,100,99981,100,100931,100,99946,100,100991,100,99943,100,101009,100,99931,100,,,99880,100
2019-06-28 09:57:10.000000000,100304,237,100303,169,100457,237,100091,237,100737,100,100083,45,100777,100,100065,100,100796,100,100019,100,100846,100,99981,100,100931,100,99946,100,100991,100,99943,100,101009,100,99931,100,,,99880,100
2019-06-28 09:57:20.000000000,100304,374,100303,306,100457,100,100091,100,100737,100,100083,45,100777,100,100065,100,100796,100,100019,100,100846,100,99981,100,100931,100,99946,100,100991,100,99943,100,101009,100,99931,100,,,99880,100
2019-06-28 09:57:22.146842183,100304,274,100303,306,100457,100,100091,100,100737,100,100083,45,100777,100,100065,100,100796,100,100019,100,100846,100,99981,100,100931,100,99946,100,100991,100,99943,100,101009,100,99931,100,,,99880,100
2019-06-28 09:57:30.000000000,100457,155,100303,87,100737,155,100091,155,100777,155,100083,100,100796,155,100065,155,100846,155,100019,155,100931,100,99981,100,100991,100,99946,100,101009,100,99943,100,,,99931,100,,,99880,100
2019-06-28 09:57:35.340002160,100457,55,100303,87,100737,155,100091,155,100777,155,100083,100,100796,155,100065,155,100846,155,100019,155,100931,100,99981,100,100991,100,99946,100,101009,100,99943,100,,,99931,100,,,99880,100
2019-06-28 09:57:40.000000000,100737,237,100303,169,100777,237,100091,237,100796,100,100083,45,100846,100,100065,100,100931,100,100019,100,100991,100,99981,100,101009,100,99946,100,,,99943,100,,,99931,100,,,99880,100
2019-06-28 09:57:50.000000000,100737,155,100303,87,100777,155,100091,155,100796,155,100083,100,100846,155,100065,155,100931,155,100019,155,100991,100,99981,100,101009,100,99946,100,,,99943,100,,,99931,100,,,99880,100
2019-06-28 09:58:00.000000000,100737,374,100303,306,100777,100,100091,100,100796,100,100083,45,100846,100,100065,100,100931,100,100019,100,100991,100,99981,100,101009,100,99946,100,,,99943,100,,,99931,100,,,99880,100
2019-06-28 09:58:10.000000000,100737,168,100303,100,100777,168,100091,168,100796,168,100083,113,100846,168,100065,168,100931,100,100019,100,100991,100,99981,100,101009,100,99946,100,,,99943,100,,,99931,100,,,99880,100
2019-06-28 09:58:16.856619534,100737,168,100304,100,100777,168,100303,100,100796,168,100091,168,100846,168,100083,113,100931,100,100065,168,100991,100,100019,100,101009,100,99981,100,,,99946,100,,,99943,100,,,99931,100
2019-06-28 09:58:20.000000000,100737,193,100304,193,100777,190,100303,122,100796,190,100091,190,100846,100,100083,45,100931,100,100065,100,100991,100,100019,100,101009,100,99981,100,,,99946,100,,,99943,100,,,99931,100
2019-06-28 09:58:30.000000000,100737,237,100304,237,100777,237,100303,169,100796,100,100091,100,100846,100,100083,45,100931,100,100065,100,100991,100,100019,100,101009,100,99981,100,,,99946,100,,,99943,100,,,99931,100
2019-06-28 09:58:32.332122086,100737,137,100304,237,100777,237,100303,169,100796,100,100091,100,100846,100,100083,45,100931,100,100065,100,100991,100,100019,100,101009,100,99981,100,,,99946,100,,,99943,100,,,99931,100
2019-06-28 09:58:37.100623127,100737,37,100304,237,100777,237,100303,137,100796,100,100091,100,100846,100,100083,45,100931,100,100065,100,100991,100,100019,100,101009,100,99981,100,,,99946,100,,,99943,100,,,99931,100
2019-06-28 09:58:40.000000000,100777,237,100304,237,100796,237,100091,237,100846,100,100083,45,100931,100,100065,100,100991,100,100019,100,101009,100,99981,100,,,99946,100,,,99943,100,,,99931,100,,,99880,100
2019-06-28 09:58:40.152050891,100777,237,100304,237,100796,237,100091,237,100846,100,100083,45,100931,100,100065,100,100991,100,100019,100,101009,100,99981,100,101066,100,99946,100,,,99943,100,,,99931,100,,,99880,100
2019-06-28 09:58:49.431321702,100777,237,100304,237,100796,237,100091,237,100846,100,100083,45,100898,100,100065,100,100931,100,100019,100,100991,100,99981,100,101009,100,99946,100,101066,100,99943,100,,,99880,100,,,99876,100
2019-06-28 09:58:50.000000000,100777,193,100304,193,100796,190,100091,190,100846,190,100083,135,100898,100,100065,100,100931,100,100019,100,100991,100,99981,100,101009,100,99946,100,101066,100,99943,100,,,99880,100,,,99876,100
2019-06-28 09:58:51.806503802,100777,193,100595,100,100796,190,100304,193,100846,190,100091,190,100898,100,100083,135,100931,100,100065,100,100991,100,100019,100,101009,100,99981,100,101066,100,99946,100,,,99943,100,,,99880,100
2019-06-28 09:59:00.000000000,100777,168,100595,168,100796,168,100304,168,100846,168,100091,168,100898,168,100083,113,100931,100,100065,100,100991,100,100019,100,101009,100,99981,100,101066,100,99946,100,,,99943,100,,,99880,100
2019-06-28 09:59:10.000000000,100777,155,100595,155,100796,155,100304,155,100846,155,100091,155,100898,155,100083,100,100931,155,100065,155,100991,100,100019,100,101009,100,99981,100,101066,100,99946,100,,,99943,100,,,99880,100
2019-06-28 09:59:20.000000000,100777,168,100595,168,100796,168,100304,168,100846,168,100091,168,100898,168,100083,113,100931,100,100065,100,100991,100,100019,100,101009,100,99981,100,101066,100,99946,100,,,99943,100,,,99880,100
2019-06-28 09:59:25.658362090,100777,168,100595,68,100796,168,100304,168,100846,168,100091,168,100898,168,100083,113,100931,100,100065,100,100991,100,100019,100,101009,100,99981,100,101066,100,99946,100,,,99943,100,,,99880,100
2019-06-28 09:59:30.000000000,100777,237,100304,237,100796,237,100091,237,100846,100,100083,45,100898,100,100065,100,100931,100,100019,100,100991,100,99981,100,101009,100,99946,100,101066,100,99943,100,,,99880,100,,,99876,100
2019-06-28 09:59:40.000000000,100777,374,100304,374,100796,100,100091,100,100846,100,100083,45,100898,100,100065,100,100931,100,100019,100,100991,100,99981,100,101009,100,99946,100,101066,100,99943,100,,,99880,100,,,99876,100
2019-06-28 09:59:49.563758825,100737,100,100304,374,100777,374,100091,100,100796,100,100083,45,100846,100,100065,100,100898,100,100019,100,100931,100,99981,100,100991,100,99946,100,101009,100,99943,100,101066,100,99880,100,,,99876,100
2019-06-28 09:59:50.000000000,100737,155,100304,155,100777,155,100091,155,100796,155,100083,100,100846,155,100065,155,100898,155,100019,155,100931,100,99981,100,100991,100,99946,100,101009,100,99943,100,101066,100,99880,100,,,99876,100
2019-06-28 09:59:51.977782440,100737,155,100304,155,100777,155,100091,155,100796,155,100083,100,100846,155,100065,155,100893,100,100019,155,100898,155,99981,100,100931,100,99946,100,100991,100,99943,100,101009,100,99880,100,101066,100,99853,100
2019-06-28 10:00:00.000000000,100737,193,100304,193,100777,190,100091,190,100796,190,100083,135,100846,100,100065,100,100893,100,100019,100,100898,100,99981,100,100931,100,99946,100,100991,100,99943,100,101009,100,99880,100,101066,100,99853,100
2019-06-28 10:00:05.814125080,100737,93,100304,193,100777,190,100091,190,100796,190,100083,135,100846,100,100065,100,100898,100,100019,100,100931,100,99981,100,100991,100,99946,100,101009,100,99943,100,101066,100,99880,100,,,99853,100
2019-06-28 10:00:10.000000000,100777,193,100304,193,100796,190,100091,190,100846,190,100083,135,100898,100,100065,100,100931,100,100019,100,100991,100,99981,100,101009,100,99946,100,101066,100,99943,100,,,99880,100,,,99853,100
2019-06-28 10:00:19.447902345,100777,93,100304,193,100796,190,100091,190,100846,190,100083,135,100898,100,100065,100,100931,100,100019,100,100991,100,99981,100,101009,100,99946,100,101066,100,99943,100,,,99880,100,,,99853,100
2019-06-28 10:00:20.000000000,100796,374,100304,374,100846,100,100091,100,100898,100,100083,45,100931,100,100065,100,100991,100,100019,100,101009,100,99981,100,101066,100,99946,100,,,99943,100,,,99880,100,,,99853,100
2019-06-28 10:00:26.715859462,100796,374,100788,100,100846,100,100304,374,100898,100,100091,100,100931,100,100083,45,100991,100,100065,100,101009,100,100019,100,101066,100,99981,100,,,99946,100,,,99943,100,,,99880,100
2019-06-28 10:00:30.000000000,100796,237,100788,237,100846,237,100304,237,100898,100,100091,100,100931,100,100083,45,100991,100,100065,100,101009,100,100019,100,101066,100,99981,100,,,99946,100,,,99943,100,,,99880,100
2019-06-28 10:00:40.000000000,100796,168,100788,168,100846,168,100304,168,100898,168,100091,168,100931,168,100083,113,100991,100,100065,100,101009,100,100019,100,101066,100,99981,100,,,99946,100,,,99943,100,,,99880,100
2019-06-28 10:00:43.237834514,100796,68,100788,168,100846,168,100304,168,100898,168,100091,168,100931,168,100083,113,100991,100,100065,100,101009,100,100019,100,101066,100,99981,100,,,99946,100,,,99943,100,,,99880,100
2019-06-28 10:00:50.000000000,100846,374,100788,374,100898,100,100304,100,100931,100,100091,100,100991,100,100083,45,101009,100,100065,100,101066,100,100019,100,,,99981,100,,,99946,100,,,99943,100,,,99880,100
2019-06-28 10:01:00.000000000,100846,374,100788,374,100898,100,100304,100,100931,100,100091,100,100991,100,100083,45,101009,100,100065,100,101066,100,100019,100,,,99981,100,,,99946,100,,,99943,100,,,99880,100
2019-06-28 10:01:10.000000000,100846,193,100788,193,100898,190,100304,190,100931,190,100091,190,100991,100,100083,45,101009,100,100065,100,101066,100,100019,100,,,99981,100,,,99946,100,,,99943,100,,,99880,100
2019-06-28 10:01:16.894491188,100846,93,100788,193,100898,190,100304,190,100931,190,100091,190,100991,100,100083,45,101009,100,100065,100,101066,100,100019,100,,,99981,100,,,99946,100,,,99943,100,,,99880,100
2019-06-28 10:01:20.000000000,100898,237,100788,237,100931,237,100304,237,100991,100,100091,100,101009,100,100083,45,101066,100,100065,100,,,100019,100,,,99981,100,,,99946,100,,,99943,100,,,99880,100
2019-06-28 10:01:20.733690426,100898,237,100788,137,100931,237,100304,237,100991,100,100091,100,101009,100,100083,45,101066,100,100065,100,,,100019,100,,,99981,100,,,99946,100,,,99943,100,,,99880,100
2019-06-28 10:01:23.489680315,100898,237,100800,100,100931,237,100788,137,100991,100,100304,237,101009,100,100091,100,101066,100,100083,45,,,100065,100,,,100019,100,,,99981,100,,,99946,100,,,99943,100
2019-06-28 10:01:25.574166619,100898,237,100800,100,100931,237,100788,137,100991,100,100767,100,101009,100,100304,237,101066,100,100091,100,,,100083,45,,,100065,100,,,100019,100,,,99981,100,,,99946,100
2019-06-28 10:01:30.000000000,100898,237,100800,237,100931,237,100767,237,100991,100,100304,100,101009,100,100091,100,101066,100,100083,45,,,100065,100,,,100019,100,,,99981,100,,,99946,100,,,99943,100
2019-06-28 10:01:40.000000000,100898,155,100800,155,100931,155,100767,155,100991,155,100304,155,101009,155,100091,155,101066,155,100083,100,,,100065,100,,,100019,100,,,99981,100,,,99946,100,,,99943,100
2019-06-28 10:01:50.000000000,100898,168,100800,168,100931,168,100767,168,100991,168,100304,168,101009,168,100091,168,101066,100,100083,45,,,100065,100,,,100019,100,,,99981,100,,,99946,100,,,99943,100
2019-06-28 10:01:53.142882435,100898,168,100800,168,100931,168,100767,168,100991,168,100477,100,101009,168,100304,168,101066,100,100091,168,,,100083,45,,,100065,100,,,100019,100,,,99981,100,,,99946,100
2019-06-28 10:01:58.358074847,100898,168,100800,68,100931,168,100767,168,100991,168,100477,100,101009,168,100304,168,101066,100,100091,168,,,100083,45,,,100065,100,,,100019,100,,,99981,100,,,99946,100
2019-06-28 10:02:00.000000000,100898,193,100767,193,100931,190,100477,190,100991,190,100304,190,101009,100,100091,100,101066,100,100083,45,,,100065,100,,,100019,100,,,99981,100,,,99946,100,,,99943,100
2019-06-28 10:02:04.420967166,100898,193,100767,93,100931,190,100477,90,100991,190,100304,190,101009,100,100091,100,101066,100,100083,45,,,100065,100,,,100019,100,,,99981,100,,,99946,100,,,99943,100
2019-06-28 10:02:04.520525027,100800,100,100767,93,100898,193,100477,90,100931,190,100304,190,100991,190,100091,100,101009,100,100083,45,101066,100,100065,100,,,100019,100,,,99981,100,,,99946,100,,,99943,100
2019-06-28 10:02:07.844780025,100800,100,100767,93,100898,193,100477,90,100931,190,100304,190,100991,190,100091,100,101009,100,100083,45,101066,100,100019,100,,,99981,100,,,99946,100,,,99943,100,,,99880,100
2019-06-28 10:02:10.000000000,100800,193,100304,193,100898,190,100091,190,100931,190,100083,135,100991,100,100019,100,101009,100,99981,100,101066,100,99946,100,,,99943,100,,,99880,100,,,99853,100,,,99785,100
2019-06-28 10:02:16.562067065,100800,293,100304,193,100898,190,100091,190,100931,190,100083,135,100991,100,100019,100,101009,100,99981,100,101066,100,99946,100,,,99943,100,,,99880,100,,,99853,100,,,99785,100
2019-06-28 10:02:20.000000000,100800,268,100304,168,100898,168,100091,168,100931,168,100083,113,100991,168,100019,168,101009,100,99981,100,101066,100,99946,100,,,99943,100,,,99880,100,,,99853,100,,,99785,100
2019-06-28 10:02:29.493581094,100800,368,100304,168,100898,168,100091,168,100931,168,100083,113,100991,168,100019,168,101009,100,99981,100,101066,100,99946,100,,,99943,100,,,99880,100,,,99853,100,,,99785,100
2019-06-28 10:02:29.765153879,100667,100,100304,168,100800,368,100091,168,100898,168,100083,113,100931,168,100019,168,100991,168,99981,100,101009,100,99946,100,101066,100,99943,100,,,99880,100,,,99853,100,,,99785,100
2019-06-28 10:02:30.000000000,100667,168,100304,168,100800,368,100091,168,100898,168,100083,113,100931,168,100019,168,100991,100,99981,100,101009,100,99946,100,101066,100,99943,100,,,99880,100,,,99853,100,,,99785,100
2019-06-28 10:02:40.000000000,100667,193,100304,193,100800,390,100091,190,100898,190,100083,135,100931,100,100019,100,100991,100,99981,100,101009,100,99946,100,101066,100,99943,100,,,99880,100,,,99853,100,,,99785,100
2019-06-28 10:02:50.000000000,100667,193,100304,193,100800,390,100091,190,100898,190,100083,135,100931,100,100019,100,100991,100,99981,100,101009,100,99946,100,101066,100,99943,100,,,99880,100,,,99853,100,,,99785,100
2019-06-28 10:03:00.000000000,100667,237,100304,237,100800,437,100091,237,100898,100,100083,45,100931,100,100019,100,100991,100,99981,100,101009,100,99946,100,101066,100,99943,100,,,99880,100,,,99853,100,,,99785,100
2019-06-28 10:03:02.573606999,100667,237,100304,237,100668,100,100091,137,100800,437,100083,45,100898,100,100019,100,100931,100,99981,100,100991,100,99946,100,101009,100,99943,100,101066,100,99880,100,,,99853,100,,,99785,100
2019-06-28 10:03:10.000000000,100667,155,100304,155,100668,155,100083,100,100800,355,100019,155,100898,155,99981,155,100931,155,99946,155,100991,100,99943,100,101009,100,99880,100,101066,100,99853,100,,,99785,100,,,99781,100
2019-06-28 10:03:20.000000000,100667,155,100304,155,100668,155,100083,100,100800,355,100019,155,100898,155,99981,155,100931,155,99946,155,100991,100,99943,100,101009,100,99880,100,101066,100,99853,100,,,99785,100,,,99781,100
2019-06-28 10:03:20.359729238,100667,155,100304,155,100668,155,100083,100,100800,355,100019,155,100898,155,99981,55,100931,155,99946,155,100991,100,99943,100,101009,100,99880,100,101019,100,99853,100,101066,100,99785,100,,,99781,100
2019-06-28 10:03:26.124632415,100667,55,100304,155,100668,155,100083,100,100800,355,100019,155,100898,155,99981,55,100931,155,99946,155,100991,100,99943,100,101009,100,99880,100,101019,100,99853,100,101066,100,99785,100,,,99781,100
2019-06-28 10:03:27.969875121,100667,55,100304,155,100668,155,100083,100,100745,100,100019,155,100800,355,99981,55,100898,155,99946,155,100931,155,99943,100,100991,100,99880,100,101009,100,99853,100,101019,100,99785,100,101066,100,99781,100
2019-06-28 10:03:28.435642300,100667,55,100304,155,100668,155,100083,100,100745,100,100019,155,100800,255,99981,55,100898,155,99946,155,100931,155,99943,100,100991,100,99880,100,101009,100,99853,100,101019,100,99785,100,101066,100,99781,100
2019-06-28 10:03:30.000000000,100668,237,100304,237,100745,237,100083,182,100800,200,100019,100,100898,100,99946,100,100931,100,99943,100,100991,100,99880,100,101009,100,99853,100,101019,100,99785,100,101066,100,99781,100,,,,
2019-06-28 10:03:36.365106091,100668,237,100304,237,100745,237,100083,182,100800,200,100019,100,100862,100,99946,100,100898,100,99943,100,100931,100,99880,100,100991,100,99853,100,101009,100,99785,100,101019,100,99781,100,101066,100,,
2019-06-28 10:03:40.000000000,100668,155,100304,155,100745,155,100083,100,100800,255,100019,155,100862,155,99946,155,100898,155,99943,155,100931,100,99880,100,100991,100,99853,100,101009,100,99785,100,101019,100,99781,100,101066,100,,
2019-06-28 10:03:46.166773901,100629,100,100304,155,100668,155,100083,100,100745,155,100019,155,100800,255,99946,155,100862,155,99943,155,100898,155,99880,100,100931,100,99853,100,100991,100,99785,100,101009,100,99781,100,101019,100,,
2019-06-28 10:03:50.000000000,100629,374,100304,374,100668,100,100083,45,100745,100,100019,100,100800,200,99946,100,100862,100,99943,100,100898,100,99880,100,100931,100,99853,100,100991,100,99785,100,101009,100,99781,100,101019,100,,
2019-06-28 10:04:00.000000000,100629,374,100304,374,100668,100,100083,45,100745,100,100019,100,100800,200,99946,100,100862,100,99943,100,100898,100,99880,100,100931,100,99853,100,100991,100,99785,100,101009,100,99781,100,101019,100,,
2019-06-28 10:04:10.000000000,100629,168,100304,168,100668,168,100083,113,100745,168,100019,168,100800,268,99946,168,100862,100,99943,100,100898,100,99880,100,100931,100,99853,100,100991,100,99785,100,101009,100,99781,100,101019,100,,
2019-06-28 10:04:20.000000000,100629,193,100304,193,100668,190,100083,135,100745,190,100019,190,100800,200,99946,100,100862,100,99943,100,100898,100,99880,100,100931,100,99853,100,100991,100,99785,100,101009,100,99781,100,101019,100,,
2019-06-28 10:04:30.000000000,100629,193,100304,193,100668,190,100083,135,100745,190,100019,190,100800,200,99946,100,100862,100,99943,100,100898,100,99880,100,100931,100,99853,100,100991,100,99785,100,101009,100,99781,100,101019,100,,
2019-06-28 10:04:40.000000000,100629,168,100304,168,100668,168,100083,113,100745,168,100019,168,100800,268,99946,168,100862,100,99943,100,100898,100,99880,100,100931,100,99853,100,100991,100,99785,100,101009,100,99781,100,101019,100,,
2019-06-28 10:04:50.000000000,100629,237,100304,237,100668,237,100083,182,100745,100,100019,100,100800,200,99946,100,100862,100,99943,100,100898,100,99880,100,100931,100,99853,100,100991,100,99785,100,101009,100,99781,100,101019,100,,
2019-06-28 10:05:00.000000000,100629,168,100304,168,100668,168,100083,113,100745,168,100019,168,100800,268,99946,168,100862,100,99943,100,100898,100,99880,100,100931,100,99853,100,100991,100,99785,100,101009,100,99781,100,101019,100,,
2019-06-28 10:05:10.000000000,100629,374,100304,374,100668,100,100083,45,100745,100,100019,100,100800,200,99946,100,100862,100,99943,100,100898,100,99880,100,100931,100,99853,100,100991,100,99785,100,101009,100,99781,100,101019,100,,
2019-06-28 10:05:20.000000000,100629,374,100304,374,100668,100,100083,45,100745,100,100019,100,100800,200,99946,100,100862,100,99943,100,100898,100,99880,100,100931,100,99853,100,100991,100,99785,100,101009,100,99781,100,101019,100,,
2019-06-28 10:05:21.215450890,100629,274,100304,374,100668,100,100083,45,100745,100,100019,100,100800,200,99946,100,100862,100,99943,100,100898,100,99880,100,100931,100,99853,100,100991,100,99785,100,101009,100,99781,100,101019,100,,
2019-06-28 10:05:30.000000000,100668,374,100304,374,100745,100,100083,45,100800,200,100019,100,100862,100,99946,100,100898,100,99943,100,100931,100,99880,100,100991,100,99853,100,101009,100,99785,100,101019,100,99781,100,101066,100,,
2019-06-28 10:05:40.000000000,100668,374,100304,374,100745,100,100083,45,100800,200,100019,100,100862,100,99946,100,100898,100,99943,100,100931,100,99880,100,100991,100,99853,100,101009,100,99785,100,101019,100,99781,100,101066,100,,
2019-06-28 10:05:50.000000000,100668,237,100304,237,100745,237,100083,182,100800,200,100019,100,100862,100,99946,100,100898,100,99943,100,100931,100,99880,100,100991,100,99853,100,101009,100,99785,100,101019,100,99781,100,101066,100,,
2019-06-28 10:06:00.000000000,100668,168,100304,168,100745,168,100083,113,100800,268,100019,168,100862,168,99946,168,100898,100,99943,100,100931,100,99880,100,100991,100,99853,100,101009,100,99785,100,101019,100,99781,100,101066,100,,
2019-06-28 10:06:10.000000000,100668,237,100304,237,100745,237,100083,182,100800,200,100019,100,100862,100,99946,100,100898,100,99943,100,100931,100,99880,100,100991,100,99853,100,101009,100,99785,100,101019,100,99781,100,101066,100,,
2019-06-28 10:06:20.000000000,100668,237,100304,237,100745,237,100083,182,100800,200,100019,100,100862,100,99946,100,100898,100,99943,100,100931,100,99880,100,100991,100,99853,100,101009,100,99785,100,101019,100,99781,100,101066,100,,
