,ask_price_1,ask_size_1,bid_price_1,bid_size_1,ask_price_2,ask_size_2,bid_price_2,bid_size_2,ask_price_3,ask_size_3,bid_price_3,bid_size_3,ask_price_4,ask_size_4,bid_price_4,bid_size_4,ask_price_5,ask_size_5,bid_price_5,bid_size_5,ask_price_6,ask_size_6,bid_price_6,bid_size_6,ask_price_7,ask_size_7,bid_price_7,bid_size_7,ask_price_8,ask_size_8,bid_price_8,bid_size_8,ask_price_9,ask_size_9,bid_price_9,bid_size_9,ask_price_10,ask_size_10,bid_price_10,bid_size_10
2019-06-28 09:30:00.000000000,100110,100,,,,,,,,,,,,,,,,,,,,,,,,,,,,,,,,,,,,,,
2019-06-28 09:30:00.000000001,100036,100,99980,100,100110,100,,,,,,,,,,,,,,,,,,,,,,,,,,,,,,,,,,
2019-06-28 09:30:00.000000003,100036,100,99980,100,100037,100,,,100110,100,,,,,,,,,,,,,,,,,,,,,,,,,,,,,,
2019-06-28 09:30:00.000000005,100037,100,99980,100,100110,100,,,,,,,,,,,,,,,,,,,,,,,,,,,,,,,,,,
2019-06-28 09:30:00.000000006,100037,100,100018,100,100110,100,99980,100,,,,,,,,,,,,,,,,,,,,,,,,,,,,,,,,
2019-06-28 09:30:00.000000010,100037,100,99980,100,100110,100,99884,100,,,,,,,,,,,,,,,,,,,,,,,,,,,,,,,,
2019-06-28 09:30:00.000000011,100037,100,99980,100,100110,100,99898,100,,,99894,100,,,99884,100,,,,,,,,,,,,,,,,,,,,,,,,
2019-06-28 09:30:00.000000013,100037,100,99980,100,100110,100,99898,100,,,99894,100,,,99884,100,,,99819,100,,,,,,,,,,,,,,,,,,,,
2019-06-28 09:30:00.000000015,100037,100,100018,100,100110,100,99980,100,,,99898,100,,,99894,100,,,99884,100,,,99819,100,,,,,,,,,,,,,,,,
2019-06-28 09:30:00.000000017,100037,100,100018,100,100110,100,99980,100,,,99898,100,,,99894,100,,,99884,100,,,99849,100,,,99819,100,,,,,,,,,,,,
2019-06-28 09:30:00.000000018,100037,100,100018,100,100082,100,99980,100,100110,100,99898,100,,,99894,100,,,99884,100,,,99849,100,,,99819,100,,,,,,,,,,,,
2019-06-28 09:30:00.000000019,100082,100,100018,100,100110,100,99980,100,,,99898,100,,,99894,100,,,99884,100,,,99849,100,,,99819,100,,,,,,,,,,,,
2019-06-28 09:30:00.000000021,100037,100,100018,100,100082,100,99980,100,100110,100,99898,100,,,99894,100,,,99884,100,,,99864,100,,,99849,100,,,99819,100,,,,,,,,
2019-06-28 09:30:00.000000023,100037,100,100018,100,100082,100,99980,100,100089,100,99898,100,100110,100,99894,100,,,99884,100,,,99864,100,,,99849,100,,,99819,100,,,,,,,,
2019-06-28 09:30:00.000000024,100037,100,100018,100,100082,100,99980,100,100089,100,99933,100,100110,100,99898,100,,,99894,100,,,99884,100,,,99864,100,,,99849,100,,,99819,100,,,,
2019-06-28 09:30:00.000000025,100037,100,100018,100,100082,100,99988,100,100089,100,99980,100,100110,100,99933,100,,,99898,100,,,99894,100,,,99884,100,,,99864,100,,,99849,100,,,99819,100
2019-06-28 09:30:00.000000027,100037,100,100018,100,100082,100,100004,100,100089,100,99988,100,100110,100,99980,100,,,99933,100,,,99898,100,,,99894,100,,,99884,100,,,99864,100,,,99849,100
2019-06-28 09:30:00.000000031,100037,100,100018,100,100082,100,100004,100,100089,100,99988,100,100110,100,99980,100,,,99962,100,,,99933,100,,,99898,100,,,99894,100,,,99884,100,,,99864,100
2019-06-28 09:30:00.000000032,100037,100,100018,100,100082,100,100004,100,100089,100,99988,100,100110,100,99980,100,,,99962,100,,,99933,100,,,99898,100,,,99894,100,,,99884,100,,,99864,100
2019-06-28 09:30:00.000000035,100037,100,100004,100,100082,100,99988,100,100089,100,99980,100,100110,100,99962,100,,,99933,100,,,99898,100,,,99894,100,,,99884,100,,,99864,100,,,99849,100
2019-06-28 09:30:00.000000036,100037,100,100004,100,100082,100,99988,100,100089,100,99980,100,100110,100,99970,100,,,99962,100,,,99933,100,,,99898,100,,,99894,100,,,99884,100,,,99864,100
2019-06-28 09:30:00.000000041,100037,100,100004,100,100082,100,99988,100,100089,100,99980,100,100110,100,99970,100,,,99962,100,,,99940,100,,,99933,100,,,99898,100,,,99894,100,,,99884,100
2019-06-28 09:30:00.000000044,100018,100,100004,100,100037,100,99988,100,100082,100,99980,100,100089,100,99970,100,100110,100,99962,100,,,99940,100,,,99933,100,,,99898,100,,,99894,100,,,99884,100
2019-06-28 09:30:00.000000045,100018,100,100004,200,100037,100,99988,100,100082,100,99980,100,100089,100,99970,100,100110,100,99962,100,,,99940,100,,,99933,100,,,99912,100,,,99898,100,,,99894,100
2019-06-28 09:30:00.000000050,100018,100,100004,100,100037,100,99988,100,100082,100,99980,100,100089,100,99970,100,100110,100,99962,100,100171,100,99940,100,,,99933,100,,,99912,100,,,99898,100,,,99894,100
2019-06-28 09:30:00.000000051,100018,100,100005,100,100037,100,100004,100,100082,100,99988,100,100089,100,99980,100,100110,100,99970,100,100171,100,99962,100,,,99940,100,,,99933,100,,,99912,100,,,99898,100
2019-06-28 09:30:00.000000052,100018,100,100010,100,100037,100,100005,100,100082,100,100004,100,100089,100,99988,100,100110,100,99980,100,100171,100,99970,100,,,99962,100,,,99940,100,,,99933,100,,,99912,100
2019-06-28 09:30:00.000000055,100018,100,100010,100,100037,100,100005,100,100049,100,100004,100,100082,100,99988,100,100089,100,99980,100,100110,100,99977,100,100171,100,99970,100,,,99962,100,,,99940,100,,,99933,100
2019-06-28 09:30:00.000000056,100018,100,100010,100,100037,100,100005,100,100049,100,100004,100,100082,100,99988,100,100089,100,99980,100,100110,100,99977,100,100171,100,99970,100,,,99962,100,,,99940,200,,,99933,100
2019-06-28 09:30:00.000000057,100018,100,100005,100,100037,100,100004,100,100049,100,99988,100,100082,100,99980,100,100089,100,99977,100,100102,100,99970,100,100110,100,99962,100,100171,100,99940,200,,,99933,100,,,99912,100
2019-06-28 09:30:00.000000058,100018,100,100005,100,100037,100,100004,100,100046,100,99988,100,100049,100,99980,100,100082,100,99977,100,100089,100,99970,100,100102,100,99962,100,100110,100,99940,200,100171,100,99933,100,,,99912,100
2019-06-28 09:30:00.000000059,100018,100,100005,100,100037,100,100004,100,100046,100,99988,100,100049,100,99980,100,100082,100,99977,100,100089,100,99970,100,100102,100,99962,100,100110,100,99940,200,100171,100,99933,100,,,99912,100
2019-06-28 09:30:00.000000060,100010,100,100005,100,100018,100,100004,100,100037,100,99988,100,100046,100,99980,100,100049,100,99977,100,100082,100,99970,100,100089,100,99962,100,100102,100,99940,200,100110,100,99933,100,100171,100,99912,100
2019-06-28 09:30:00.000000062,100010,100,100004,100,100018,100,99988,100,100037,200,99980,100,100046,100,99977,100,100049,100,99970,100,100082,100,99962,100,100089,100,99940,200,100102,100,99933,100,100110,100,99912,100,100171,100,99911,100
2019-06-28 09:30:00.000000064,100010,100,100004,100,100018,100,99988,100,100037,200,99980,100,100046,100,99977,100,100049,100,99970,100,100082,100,99962,100,100089,100,99940,200,100102,100,99933,100,100110,100,99912,100,100117,100,99911,100
2019-06-28 09:30:00.000000069,100009,100,100004,100,100010,100,99988,100,100018,100,99980,100,100037,200,99977,100,100046,100,99970,100,100049,100,99962,100,100082,100,99940,200,100089,100,99933,100,100102,100,99912,100,100110,100,99911,100
2019-06-28 09:30:00.000000071,100009,100,100004,100,100010,100,100003,100,100018,100,99988,100,100037,200,99980,100,100046,100,99977,100,100049,100,99970,100,100082,100,99962,100,100089,100,99940,200,100102,100,99933,100,100110,100,99912,100
2019-06-28 09:30:00.000000072,100009,100,100004,100,100010,100,100003,100,100018,100,99994,100,100037,200,99988,100,100046,100,99980,100,100049,100,99977,100,100082,100,99970,100,100089,100,99962,100,100102,100,99940,200,100110,100,99933,100
2019-06-28 09:30:00.000000073,100009,100,100003,100,100010,100,99994,100,100018,100,99988,100,100037,200,99980,100,100046,100,99977,100,100049,100,99970,100,100082,100,99962,100,100089,100,99940,200,100102,100,99933,100,100110,100,99912,100
2019-06-28 09:30:00.000000076,100009,100,100003,100,100010,100,99994,100,100018,100,99988,100,100037,200,99980,100,100046,100,99977,100,100049,100,99970,100,100082,100,99962,100,100089,100,99940,200,100102,100,99933,100,100110,100,99912,100
2019-06-28 09:30:00.000000079,100009,100,100003,100,100010,100,99994,100,100018,100,99988,100,100032,100,99980,100,100037,200,99977,100,100046,100,99970,100,100049,100,99962,100,100082,100,99940,200,100089,100,99933,100,100102,100,99912,100
2019-06-28 09:30:00.000000081,100009,100,100004,100,100010,100,100003,100,100018,100,99994,100,100032,100,99988,100,100037,200,99980,100,100046,100,99977,100,100049,100,99970,100,100082,100,99962,100,100089,100,99940,200,100102,100,99933,100
2019-06-28 09:30:00.000000084,100009,100,100004,100,100010,100,100003,100,100018,100,100000,100,100032,100,99994,100,100037,200,99988,100,100046,100,99980,100,100049,100,99977,100,100082,100,99970,100,100089,100,99962,100,100102,100,99940,200
2019-06-28 09:30:00.000000085,100009,100,100003,100,100010,100,100000,100,100018,100,99994,100,100032,100,99988,100,100037,200,99980,100,100046,100,99977,100,100049,100,99970,100,100082,100,99962,100,100089,100,99940,200,100102,100,99933,100
2019-06-28 09:30:00.000000086,100009,100,100003,100,100010,100,100000,100,100018,100,99994,100,100032,100,99988,100,100037,200,99980,100,100046,100,99977,100,100049,100,99970,100,100082,100,99962,100,100089,100,99940,200,100102,100,99933,100
2019-06-28 09:30:00.000000087,100004,100,100003,100,100009,100,100000,100,100010,100,99994,100,100018,100,99988,200,100028,100,99980,100,100032,100,99977,100,100037,200,99970,100,100046,100,99962,100,100049,100,99940,200,100082,100,99933,100
2019-06-28 09:30:00.000000088,100004,100,100003,100,100009,100,100000,100,100010,100,99994,100,100018,100,99988,200,100028,100,99980,100,100032,100,99977,100,100037,200,99970,100,100046,100,99962,100,100049,100,99940,200,100082,100,99933,100
2019-06-28 09:30:00.000000094,100009,100,100003,100,100010,100,100000,100,100018,100,99994,100,100028,100,99988,200,100032,100,99980,100,100037,200,99977,100,100046,100,99970,100,100049,100,99962,100,100082,100,99940,200,100089,100,99933,100
2019-06-28 09:30:00.000000097,100009,100,100003,100,100010,100,100000,100,100018,100,99994,100,100025,100,99988,200,100028,100,99980,100,100032,100,99977,100,100037,200,99970,100,100046,100,99962,100,100049,100,99940,200,100082,100,99933,100
2019-06-28 09:30:00.000000098,100004,100,100003,100,100009,100,100000,100,100010,100,99994,100,100018,100,99988,200,100025,100,99980,100,100028,100,99977,100,100032,100,99970,100,100037,200,99962,100,100046,100,99940,200,100049,100,99933,100
2019-06-28 09:30:00.000000099,100004,100,100003,100,100009,100,100000,100,100010,100,99994,100,100018,100,99988,200,100025,100,99980,100,100028,100,99977,100,100032,100,99970,100,100037,200,99962,100,100046,100,99940,200,100049,100,99933,100
2019-06-28 09:30:07.276874981,100004,100,100003,100,100009,100,99994,100,100010,100,99988,200,100018,100,99980,100,100025,100,99977,100,100028,100,99970,100,100032,100,99962,100,100037,200,99940,200,100046,100,99933,100,100049,100,99912,100
2019-06-28 09:30:10.000000000,100004,556,100003,556,100009,100,99994,100,100010,100,99988,200,100018,100,99980,100,100025,100,99977,100,100028,100,99970,100,100032,100,99962,100,100037,200,99940,200,100046,100,99933,100,100049,100,99912,100
2019-06-28 09:30:20.000000000,100004,255,100003,255,100009,250,99994,250,100010,250,99988,350,100018,100,99980,100,100025,100,99977,100,100028,100,99970,100,100032,100,99962,100,100037,200,99940,200,100046,100,99933,100,100049,100,99912,100
2019-06-28 09:30:25.996172012,100004,255,100003,255,100009,250,99994,250,100010,250,99988,350,100018,100,99980,100,100025,100,99977,100,100028,100,99970,100,100032,100,99962,100,100037,200,99940,200,100046,100,99933,100,100049,100,99912,100
2019-06-28 09:30:30.000000000,100004,328,100003,328,100009,328,99994,328,100010,100,99988,200,100018,100,99980,100,100025,100,99977,100,100028,100,99970,100,100032,100,99962,100,100037,200,99940,200,100046,100,99933,100,100049,100,99912,100
2019-06-28 09:30:31.860824098,100004,328,100003,328,100009,328,99994,328,100010,100,99988,200,100018,100,99980,100,100028,100,99977,100,100032,100,99970,100,100037,200,99962,100,100046,100,99940,200,100049,100,99933,100,100056,100,99912,100
2019-06-28 09:30:35.579277792,100004,428,100003,328,100009,328,99994,328,100010,100,99988,200,100018,100,99980,100,100028,100,99977,100,100032,100,99970,100,100037,200,99962,100,100046,100,99940,200,100049,100,99933,100,100056,100,99912,100
2019-06-28 09:30:40.000000000,100004,656,100003,556,100009,100,99994,100,100010,100,99988,200,100018,100,99980,100,100028,100,99977,100,100032,100,99970,100,100037,200,99962,100,100046,100,99940,200,100049,100,99933,100,100056,100,99912,100
2019-06-28 09:30:50.000000000,100004,656,100003,556,100009,100,99994,100,100010,100,99988,200,100018,100,99980,100,100028,100,99977,100,100032,100,99970,100,100037,200,99962,100,100046,100,99940,200,100049,100,99933,100,100056,100,99912,100
2019-06-28 09:31:00.000000000,100004,656,100003,556,100009,100,99994,100,100010,100,99988,200,100018,100,99980,100,100028,100,99977,100,100032,100,99970,100,100037,200,99962,100,100046,100,99940,200,100049,100,99933,100,100056,100,99912,100
2019-06-28 09:31:08.138873223,100004,656,100003,556,100009,100,99994,100,100010,100,99988,200,100018,100,99980,100,100032,100,99977,100,100037,200,99970,100,100046,100,99962,100,100049,100,99956,100,100056,100,99940,200,100082,100,99933,100
2019-06-28 09:31:10.000000000,100004,656,100003,556,100009,100,99994,100,100010,100,99988,200,100018,100,99980,100,100032,100,99977,100,100037,200,99970,100,100046,100,99962,100,100049,100,99956,100,100056,100,99940,200,100082,100,99933,100
2019-06-28 09:31:12.231587160,100004,656,100003,556,100009,100,99994,100,100010,100,99988,200,100018,100,99980,100,100032,100,99977,100,100037,200,99970,100,100046,100,99962,100,100049,100,99956,100,100056,100,99940,200,100082,100,99933,100
2019-06-28 09:31:20.000000000,100004,656,100003,556,100009,100,99994,100,100010,100,99988,200,100018,100,99980,100,100032,100,99977,100,100037,200,99970,100,100046,100,99962,100,100049,100,99956,100,100056,100,99940,200,100082,100,99933,100
2019-06-28 09:31:21.177917160,100004,656,100003,556,100009,100,99994,100,100010,100,99988,200,100018,100,99980,100,100032,100,99978,100,100037,200,99977,100,100046,100,99970,100,100049,100,99962,100,100056,100,99956,100,100082,100,99940,200
2019-06-28 09:31:30.000000000,100004,291,100003,191,100009,191,99994,191,100010,191,99988,291,100018,191,99980,191,100032,191,99978,191,100037,200,99977,100,100046,100,99970,100,100049,100,99962,100,100056,100,99956,100,100082,100,99940,200
2019-06-28 09:31:40.000000000,100004,428,100003,328,100009,328,99994,328,100010,100,99988,200,100018,100,99980,100,100032,100,99978,100,100037,200,99977,100,100046,100,99970,100,100049,100,99962,100,100056,100,99956,100,100082,100,99940,200
2019-06-28 09:31:50.000000000,100004,291,100003,191,100009,191,99994,191,100010,191,99988,291,100018,191,99980,191,100032,191,99978,191,100037,200,99977,100,100046,100,99970,100,100049,100,99962,100,100056,100,99956,100,100082,100,99940,200
2019-06-28 09:31:51.465029019,100004,291,100003,91,100009,191,99994,191,100010,191,99988,291,100018,191,99980,191,100032,191,99978,191,100037,200,99977,100,100046,100,99970,100,100049,100,99962,100,100056,100,99956,100,100082,100,99940,200
2019-06-28 09:31:52.390829671,100004,291,100003,91,100009,191,99994,191,100010,191,99988,291,100018,191,99980,191,100032,191,99978,191,100037,200,99977,100,100046,100,99970,100,100049,100,99962,100,100056,100,99956,100,100082,100,99940,200
2019-06-28 09:32:00.000000000,100004,428,99994,328,100009,328,99988,428,100010,100,99980,100,100018,100,99978,100,100032,100,99977,100,100037,200,99970,100,100046,100,99962,100,100049,100,99956,100,100056,100,99940,200,100082,100,99933,100
2019-06-28 09:32:10.000000000,100004,291,99994,191,100009,191,99988,291,100010,191,99980,191,100018,191,99978,191,100032,191,99977,191,100037,200,99970,100,100046,100,99962,100,100049,100,99956,100,100056,100,99940,200,100082,100,99933,100
2019-06-28 09:32:10.732154104,100004,291,99994,191,100009,191,99988,291,100010,191,99980,191,100018,191,99978,191,100032,191,99977,191,100037,200,99970,100,100046,100,99962,100,100049,100,99956,100,100056,100,99940,200,100082,100,99933,100
2019-06-28 09:32:16.946187794,100004,291,99994,191,100009,191,99988,291,100010,191,99980,191,100018,191,99978,191,100032,191,99977,191,100037,200,99970,100,100046,100,99962,100,100049,100,99956,100,100056,100,99940,200,100082,100,99933,100
2019-06-28 09:32:20.000000000,100004,355,99994,255,100009,250,99988,350,100010,250,99980,250,100018,100,99978,100,100032,100,99977,100,100037,200,99970,100,100046,100,99962,100,100049,100,99956,100,100056,100,99940,200,100082,100,99933,100
2019-06-28 09:32:24.725403802,100004,355,99994,255,100009,250,99988,250,100010,250,99980,250,100018,100,99978,100,100032,100,99977,100,100037,200,99970,100,100046,100,99962,100,100049,100,99956,100,100056,100,99940,200,100082,100,99933,100
2019-06-28 09:32:30.000000000,100004,428,99994,328,100009,328,99988,328,100010,100,99980,100,100018,100,99978,100,100032,100,99977,100,100037,200,99970,100,100046,100,99962,100,100049,100,99956,100,100056,100,99940,200,100082,100,99933,100
2019-06-28 09:32:40.000000000,100004,355,99994,255,100009,250,99988,250,100010,250,99980,250,100018,100,99978,100,100032,100,99977,100,100037,200,99970,100,100046,100,99962,100,100049,100,99956,100,100056,100,99940,200,100082,100,99933,100
2019-06-28 09:32:50.000000000,100004,656,99994,556,100009,100,99988,100,100010,100,99980,100,100018,100,99978,100,100032,100,99977,100,100037,200,99970,100,100046,100,99962,100,100049,100,99956,100,100056,100,99940,200,100082,100,99933,100
2019-06-28 09:32:52.382881034,100004,656,99994,556,100009,100,99988,100,100010,100,99980,100,100018,100,99978,100,100032,100,99977,100,100037,100,99970,100,100046,100,99962,100,100049,100,99956,100,100056,100,99940,200,100082,100,99933,100
2019-06-28 09:33:00.000000000,100004,428,99994,328,100009,328,99988,328,100010,100,99980,100,100018,100,99978,100,100032,100,99977,100,100037,100,99970,100,100046,100,99962,100,100049,100,99956,100,100056,100,99940,200,100082,100,99933,100
2019-06-28 09:33:10.000000000,100004,656,99994,556,100009,100,99988,100,100010,100,99980,100,100018,100,99978,100,100032,100,99977,100,100037,100,99970,100,100046,100,99962,100,100049,100,99956,100,100056,100,99940,200,100082,100,99933,100
2019-06-28 09:33:12.326069386,100004,656,99994,556,100009,100,99988,100,100010,100,99980,100,100018,100,99978,100,100032,100,99977,100,100037,100,99970,100,100046,100,99962,100,100049,100,99956,100,100056,100,99940,200,100082,100,99933,100
2019-06-28 09:33:20.000000000,100004,355,99994,255,100009,250,99988,250,100010,250,99980,250,100018,100,99978,100,100032,100,99977,100,100037,100,99970,100,100046,100,99962,100,100049,100,99956,100,100056,100,99940,200,100082,100,99933,100
2019-06-28 09:33:21.680264151,100003,100,99994,255,100004,355,99988,250,100009,250,99980,250,100010,250,99978,100,100018,100,99977,100,100032,100,99970,100,100037,100,99962,100,100046,100,99956,100,100049,100,99940,200,100056,100,99933,100
2019-06-28 09:33:27.725210856,100003,100,99994,255,100004,355,99988,250,100009,250,99980,250,100010,250,99978,100,100018,100,99977,100,100032,100,99970,100,100037,100,99962,100,100046,100,99956,100,100049,100,99940,200,100056,100,99911,100
2019-06-28 09:33:30.000000000,100003,255,99994,255,100004,350,99988,250,100009,250,99980,250,100010,100,99978,100,100018,100,99977,100,100032,100,99970,100,100037,100,99962,100,100046,100,99956,100,100049,100,99940,200,100056,100,99911,100
2019-06-28 09:33:40.000000000,100003,556,99994,556,100004,200,99988,100,100009,100,99980,100,100010,100,99978,100,100018,100,99977,100,100032,100,99970,100,100037,100,99962,100,100046,100,99956,100,100049,100,99940,200,100056,100,99911,100
2019-06-28 09:33:50.000000000,100003,556,99994,556,100004,200,99988,100,100009,100,99980,100,100010,100,99978,100,100018,100,99977,100,100032,100,99970,100,100037,100,99962,100,100046,100,99956,100,100049,100,99940,200,100056,100,99911,100
2019-06-28 09:34:00.000000000,100003,191,99994,191,100004,291,99988,191,100009,191,99980,191,100010,191,99978,191,100018,191,99977,191,100032,100,99970,100,100037,100,99962,100,100046,100,99956,100,100049,100,99940,200,100056,100,99911,100
2019-06-28 09:34:10.000000000,100003,214,99994,214,100004,314,99988,214,100009,214,99980,214,100010,214,99978,214,100018,100,99977,100,100032,100,99970,100,100037,100,99962,100,100046,100,99956,100,100049,100,99940,200,100056,100,99911,100
2019-06-28 09:34:20.000000000,100003,556,99994,556,100004,200,99988,100,100009,100,99980,100,100010,100,99978,100,100018,100,99977,100,100032,100,99970,100,100037,100,99962,100,100046,100,99956,100,100049,100,99940,200,100056,100,99911,100
2019-06-28 09:34:26.921179770,100003,556,99994,556,100004,200,99988,100,100009,100,99980,100,100010,100,99978,100,100018,100,99977,100,100032,100,99970,100,100037,100,99962,100,100046,100,99956,100,100049,100,99940,200,100056,100,99911,100
2019-06-28 09:34:30.000000000,100003,328,99994,328,100004,428,99988,328,100009,100,99980,100,100010,100,99978,100,100018,100,99977,100,100032,100,99970,100,100037,100,99962,100,100046,100,99956,100,100049,100,99940,200,100056,100,99911,100
2019-06-28 09:34:40.000000000,100003,255,99994,255,100004,350,99988,250,100009,250,99980,250,100010,100,99978,100,100018,100,99977,100,100032,100,99970,100,100037,100,99962,100,100046,100,99956,100,100049,100,99940,200,100056,100,99911,100
2019-06-28 09:34:50.000000000,100003,214,99994,214,100004,314,99988,214,100009,214,99980,214,100010,214,99978,214,100018,100,99977,100,100032,100,99970,100,100037,100,99962,100,100046,100,99956,100,100049,100,99940,200,100056,100,99911,100
2019-06-28 09:35:00.000000000,100003,556,99994,556,100004,200,99988,100,100009,100,99980,100,100010,100,99978,100,100018,100,99977,100,100032,100,99970,100,100037,100,99962,100,100046,100,99956,100,100049,100,99940,200,100056,100,99911,100
2019-06-28 09:35:08.696488336,100003,656,99994,556,100004,200,99988,100,100009,100,99980,100,100010,100,99978,100,100018,100,99977,100,100032,100,99970,100,100037,100,99962,100,100046,100,99956,100,100049,100,99940,200,100056,100,99911,100
2019-06-28 09:35:10.000000000,100003,355,99994,255,100004,350,99988,250,100009,250,99980,250,100010,100,99978,100,100018,100,99977,100,100032,100,99970,100,100037,100,99962,100,100046,100,99956,100,100049,100,99940,200,100056,100,99911,100
2019-06-28 09:35:16.505449319,100003,355,99994,155,100004,350,99988,250,100009,250,99980,250,100010,100,99978,100,100018,100,99977,100,100032,100,99970,100,100037,100,99962,100,100046,100,99956,100,100049,100,99940,200,100056,100,99911,100
2019-06-28 09:35:20.000000000,100003,656,99988,556,100004,200,99980,100,100009,100,99978,100,100010,100,99977,100,100018,100,99970,100,100032,100,99962,100,100037,100,99956,100,100046,100,99940,200,100049,100,99911,100,100056,100,99898,100
2019-06-28 09:35:20.035039065,100002,100,99988,556,100003,656,99980,100,100004,200,99978,100,100010,100,99977,100,100018,100,99970,100,100032,100,99962,100,100037,100,99956,100,100046,100,99940,200,100049,100,99911,100,100056,100,99898,100
2019-06-28 09:35:29.619721087,100002,100,99988,556,100003,656,99980,100,100004,200,99978,100,100010,100,99977,100,100018,100,99970,100,100032,100,99962,100,100037,100,99956,100,100049,100,99940,200,100056,100,99911,100,100089,100,99898,100
2019-06-28 09:35:30.000000000,100002,556,99988,556,100003,200,99980,100,100004,200,99978,100,100010,100,99977,100,100018,100,99970,100,100032,100,99962,100,100037,100,99956,100,100049,100,99940,200,100056,100,99911,100,100089,100,99898,100
2019-06-28 09:35:40.000000000,100002,328,99988,328,100003,428,99980,328,100004,200,99978,100,100010,100,99977,100,100018,100,99970,100,100032,100,99962,100,100037,100,99956,100,100049,100,99940,200,100056,100,99911,100,100089,100,99898,100
2019-06-28 09:35:50.000000000,100002,556,99988,556,100003,200,99980,100,100004,200,99978,100,100010,100,99977,100,100018,100,99970,100,100032,100,99962,100,100037,100,99956,100,100049,100,99940,200,100056,100,99911,100,100089,100,99898,100
2019-06-28 09:36:00.000000000,100002,191,99988,191,100003,291,99980,191,100004,291,99978,191,100010,191,99977,191,100018,191,99970,191,100032,100,99962,100,100037,100,99956,100,100049,100,99940,200,100056,100,99911,100,100089,100,99898,100
2019-06-28 09:36:10.000000000,100002,328,99988,328,100003,428,99980,328,100004,200,99978,100,100010,100,99977,100,100018,100,99970,100,100032,100,99962,100,100037,100,99956,100,100049,100,99940,200,100056,100,99911,100,100089,100,99898,100
2019-06-28 09:36:20.000000000,100002,556,99988,556,100003,200,99980,100,100004,200,99978,100,100010,100,99977,100,100018,100,99970,100,100032,100,99962,100,100037,100,99956,100,100049,100,99940,200,100056,100,99911,100,100089,100,99898,100
2019-06-28 09:36:28.622519871,100002,556,99988,556,100003,200,99980,100,100004,200,99978,100,100010,100,99977,100,100018,100,99970,100,100032,100,99962,100,100037,100,99956,100,100049,100,99940,200,100056,100,99911,100,100089,100,99898,100
2019-06-28 09:36:30.000000000,100002,328,99988,328,100003,428,99980,328,100004,200,99978,100,100010,100,99977,100,100018,100,99970,100,100032,100,99962,100,100037,100,99956,100,100049,100,99940,200,100056,100,99911,100,100089,100,99898,100
2019-06-28 09:36:40.000000000,100002,255,99988,255,100003,350,99980,250,100004,350,99978,250,100010,100,99977,100,100018,100,99970,100,100032,100,99962,100,100037,100,99956,100,100049,100,99940,200,100056,100,99911,100,100089,100,99898,100
2019-06-28 09:36:46.815593963,100002,355,99988,255,100003,350,99980,250,100004,350,99978,250,100010,100,99977,100,100018,100,99970,100,100032,100,99962,100,100037,100,99956,100,100049,100,99940,200,100056,100,99911,100,100089,100,99898,100
2019-06-28 09:36:50.000000000,100002,355,99988,255,100003,350,99980,250,100004,350,99978,250,100010,100,99977,100,100018,100,99970,100,100032,100,99962,100,100037,100,99956,100,100049,100,99940,200,100056,100,99911,100,100089,100,99898,100
2019-06-28 09:37:00.000000000,100002,291,99988,191,100003,291,99980,191,100004,291,99978,191,100010,191,99977,191,100018,191,99970,191,100032,100,99962,100,100037,100,99956,100,100049,100,99940,200,100056,100,99911,100,100089,100,99898,100
2019-06-28 09:37:10.000000000,100002,314,99988,214,100003,314,99980,214,100004,314,99978,214,100010,214,99977,214,100018,100,99970,100,100032,100,99962,100,100037,100,99956,100,100049,100,99940,200,100056,100,99911,100,100089,100,99898,100
2019-06-28 09:37:11.432803885,100002,214,99988,214,100003,314,99980,214,100004,314,99978,214,100010,214,99977,214,100018,100,99970,100,100032,100,99962,100,100037,100,99956,100,100049,100,99940,200,100056,100,99911,100,100089,100,99898,100
2019-06-28 09:37:15.687891991,100002,214,99988,214,100003,314,99980,214,100004,314,99978,214,100010,214,99977,214,100018,100,99970,100,100032,100,99962,100,100037,100,99956,100,100049,100,99940,200,100056,100,99911,100,100089,100,99898,100
2019-06-28 09:37:20.000000000,100002,255,99988,255,100003,350,99980,250,100004,350,99978,250,100010,100,99977,100,100018,100,99970,100,100032,100,99962,100,100037,100,99956,100,100049,100,99940,200,100056,100,99911,100,100089,100,99898,100
2019-06-28 09:37:30.000000000,100002,328,99988,328,100003,428,99980,328,100004,200,99978,100,100010,100,99977,100,100018,100,99970,100,100032,100,99962,100,100037,100,99956,100,100049,100,99940,200,100056,100,99911,100,100089,100,99898,100
2019-06-28 09:37:39.226837898,100002,328,99988,328,100003,428,99980,328,100004,200,99978,100,100010,100,99977,100,100018,100,99970,100,100032,100,99962,100,100037,100,99956,100,100049,100,99940,200,100056,100,99911,100,100089,100,99898,100
2019-06-28 09:37:40.000000000,100002,328,99988,328,100003,428,99980,328,100004,200,99978,100,100010,100,99977,100,100018,100,99970,100,100032,100,99962,100,100037,100,99956,100,100049,100,99940,200,100056,100,99911,100,100089,100,99898,100
2019-06-28 09:37:50.000000000,100002,328,99988,328,100003,428,99980,328,100004,200,99978,100,100010,100,99977,100,100018,100,99970,100,100032,100,99962,100,100037,100,99956,100,100049,100,99940,200,100056,100,99911,100,100089,100,99898,100
2019-06-28 09:38:00.000000000,100002,255,99988,255,100003,350,99980,250,100004,350,99978,250,100010,100,99977,100,100018,100,99970,100,100032,100,99962,100,100037,100,99956,100,100049,100,99940,200,100056,100,99911,100,100089,100,99898,100
2019-06-28 09:38:02.786532213,100002,255,99988,155,100003,350,99980,250,100004,350,99978,250,100010,100,99977,100,100018,100,99970,100,100032,100,99962,100,100037,100,99956,100,100049,100,99940,200,100056,100,99911,100,100089,100,99898,100
2019-06-28 09:38:10.000000000,100002,214,99980,214,100003,314,99978,214,100004,314,99977,214,100010,214,99970,214,100018,100,99962,100,100032,100,99956,100,100037,100,99940,200,100049,100,99911,100,100056,100,99898,100,100089,100,99894,100
2019-06-28 09:38:12.294954217,100002,214,99980,114,100003,314,99978,214,100004,314,99977,214,100010,214,99970,214,100018,100,99962,100,100032,100,99956,100,100037,100,99940,200,100049,100,99911,100,100056,100,99898,100,100089,100,99894,100
2019-06-28 09:38:20.000000000,100002,255,99978,255,100003,350,99977,250,100004,350,99970,250,100010,100,99962,100,100018,100,99956,100,100032,100,99940,200,100037,100,99911,100,100049,100,99898,100,100056,100,99894,100,100089,100,99818,100
2019-06-28 09:38:30.000000000,100002,556,99978,556,100003,200,99977,100,100004,200,99970,100,100010,100,99962,100,100018,100,99956,100,100032,100,99940,200,100037,100,99911,100,100049,100,99898,100,100056,100,99894,100,100089,100,99818,100
2019-06-28 09:38:40.000000000,100002,255,99978,255,100003,350,99977,250,100004,350,99970,250,100010,100,99962,100,100018,100,99956,100,100032,100,99940,200,100037,100,99911,100,100049,100,99898,100,100056,100,99894,100,100089,100,99818,100
2019-06-28 09:38:41.760972625,100002,255,99978,155,100003,350,99977,250,100004,350,99970,250,100010,100,99962,100,100018,100,99956,100,100032,100,99940,200,100037,100,99911,100,100049,100,99898,100,100056,100,99894,100,100089,100,99818,100
2019-06-28 09:38:47.416529931,100002,255,99978,55,100003,350,99977,250,100004,350,99970,250,100010,100,99962,100,100018,100,99956,100,100032,100,99940,200,100037,100,99911,100,100049,100,99898,100,100056,100,99894,100,100089,100,99818,100
2019-06-28 09:38:50.000000000,100002,255,99977,255,100003,350,99970,250,100004,350,99962,250,100010,100,99956,100,100018,100,99940,200,100032,100,99911,100,100037,100,99898,100,100049,100,99894,100,100056,100,99818,100,100089,100,99798,100
2019-06-28 09:38:54.097217486,99978,100,99977,255,100002,255,99970,250,100003,350,99962,250,100004,350,99956,100,100010,100,99940,200,100018,100,99911,100,100032,100,99898,100,100037,100,99894,100,100049,100,99818,100,100056,100,99798,100
2019-06-28 09:39:00.000000000,99978,214,99977,214,100002,214,99970,214,100003,314,99962,214,100004,314,99956,214,100010,100,99940,200,100018,100,99911,100,100032,100,99898,100,100037,100,99894,100,100049,100,99818,100,100056,100,99798,100
2019-06-28 09:39:10.000000000,99978,214,99977,214,100002,214,99970,214,100003,314,99962,214,100004,314,99956,214,100010,100,99940,200,100018,100,99911,100,100032,100,99898,100,100037,100,99894,100,100049,100,99818,100,100056,100,99798,100
2019-06-28 09:39:20.000000000,99978,255,99977,255,100002,250,99970,250,100003,350,99962,250,100004,200,99956,100,100010,100,99940,200,100018,100,99911,100,100032,100,99898,100,100037,100,99894,100,100049,100,99818,100,100056,100,99798,100
2019-06-28 09:39:30.000000000,99978,328,99977,328,100002,328,99970,328,100003,200,99962,100,100004,200,99956,100,100010,100,99940,200,100018,100,99911,100,100032,100,99898,100,100037,100,99894,100,100049,100,99818,100,100056,100,99798,100
2019-06-28 09:39:31.022453673,99978,328,99977,328,100002,328,99970,328,100003,200,99962,100,100004,200,99956,100,100010,100,99940,200,100018,100,99911,100,100032,100,99898,100,100037,100,99894,100,100049,100,99818,100,100056,100,99798,100
2019-06-28 09:39:32.024769267,99978,328,99977,228,100002,328,99970,328,100003,200,99962,100,100004,200,99956,100,100010,100,99940,200,100018,100,99911,100,100032,100,99898,100,100037,100,99894,100,100049,100,99818,100,100056,100,99798,100
2019-06-28 09:39:36.104708381,99978,328,99977,128,100002,328,99970,328,100003,200,99962,100,100004,200,99956,100,100010,100,99940,200,100018,100,99911,100,100032,100,99898,100,100037,100,99894,100,100049,100,99818,100,100056,100,99798,100
2019-06-28 09:39:40.000000000,99978,191,99970,191,100002,191,99962,191,100003,291,99956,191,100004,291,99940,291,100010,191,99911,191,100018,100,99898,100,100032,100,99894,100,100037,100,99818,100,100049,100,99798,100,100056,100,99761,100
2019-06-28 09:39:49.113148770,99978,191,99970,191,100002,191,99962,191,100003,291,99956,191,100004,291,99940,291,100010,191,99911,191,100018,100,99898,100,100032,100,99894,100,100037,100,99818,100,100049,100,99798,100,100056,100,99761,100
2019-06-28 09:39:50.000000000,99978,328,99970,328,100002,328,99962,328,100003,200,99956,100,100004,200,99940,200,100010,100,99911,100,100018,100,99898,100,100032,100,99894,100,100037,100,99818,100,100049,100,99798,100,100056,100,99761,100
2019-06-28 09:39:52.560903674,99978,328,99970,228,100002,328,99962,328,100003,200,99956,100,100004,200,99940,200,100010,100,99911,100,100018,100,99898,100,100032,100,99894,100,100037,100,99818,100,100049,100,99761,100,100056,100,99709,100
2019-06-28 09:40:00.000000000,99978,255,99962,255,100002,250,99956,250,100003,350,99940,350,100004,200,99911,100,100010,100,99898,100,100018,100,99894,100,100032,100,99818,100,100037,100,99761,100,100049,100,99709,100,100056,100,99676,100
2019-06-28 09:40:10.000000000,99978,556,99962,556,100002,100,99956,100,100003,200,99940,200,100004,200,99911,100,100010,100,99898,100,100018,100,99894,100,100032,100,99818,100,100037,100,99761,100,100049,100,99709,100,100056,100,99676,100
2019-06-28 09:40:20.000000000,99978,191,99962,191,100002,191,99956,191,100003,291,99940,291,100004,291,99911,191,100010,191,99898,191,100018,100,99894,100,100032,100,99818,100,100037,100,99761,100,100049,100,99709,100,100056,100,99676,100
2019-06-28 09:40:22.519899190,99977,100,99962,191,99978,191,99956,191,100002,191,99940,291,100003,291,99911,191,100004,291,99898,191,100010,91,99894,100,100018,100,99818,100,100032,100,99761,100,100037,100,99709,100,100049,100,99676,100
2019-06-28 09:40:27.537190780,99977,100,99962,91,99978,191,99956,191,100002,191,99940,291,100003,291,99911,191,100004,291,99898,191,100010,91,99894,100,100018,100,99818,100,100037,100,99761,100,100049,100,99709,100,100056,100,99676,100
2019-06-28 09:40:30.000000000,99977,328,99956,328,99978,328,99940,428,100002,100,99911,100,100003,200,99898,100,100004,200,99894,100,100018,100,99818,100,100037,100,99761,100,100049,100,99709,100,100056,100,99676,100,100089,100,99672,100
2019-06-28 09:40:37.182512976,99977,328,99956,228,99978,328,99940,428,100002,100,99911,100,100003,200,99898,100,100004,200,99894,100,100018,100,99818,100,100037,100,99761,100,100049,100,99709,100,100056,100,99676,100,100089,100,99672,100
2019-06-28 09:40:40.000000000,99977,191,99940,291,99978,191,99911,191,100002,191,99898,191,100003,291,99894,191,100004,291,99818,191,100018,100,99761,100,100037,100,99709,100,100049,100,99676,100,100056,100,99672,100,100089,100,99618,100
2019-06-28 09:40:40.503678412,99977,191,99940,291,99978,191,99911,191,100002,191,99898,191,100003,291,99894,191,100004,291,99818,191,100018,100,99761,100,100037,100,99709,100,100049,100,99676,100,100056,100,99672,100,100089,100,99618,100
2019-06-28 09:40:50.000000000,99977,214,99940,314,99978,214,99911,214,100002,214,99898,214,100003,314,99894,214,100004,200,99818,100,100018,100,99761,100,100037,100,99709,100,100049,100,99676,100,100056,100,99672,100,100089,100,99618,100
2019-06-28 09:41:00.000000000,99977,556,99940,656,99978,100,99911,100,100002,100,99898,100,100003,200,99894,100,100004,200,99818,100,100018,100,99761,100,100037,100,99709,100,100049,100,99676,100,100056,100,99672,100,100089,100,99618,100
2019-06-28 09:41:10.000000000,99977,328,99940,428,99978,328,99911,328,100002,100,99898,100,100003,200,99894,100,100004,200,99818,100,100018,100,99761,100,100037,100,99709,100,100049,100,99676,100,100056,100,99672,100,100089,100,99618,100
2019-06-28 09:41:11.272418309,99977,328,99940,428,99978,328,99911,328,100003,200,99898,100,100004,200,99894,100,100018,100,99818,100,100037,100,99761,100,100049,100,99709,100,100056,100,99676,100,100089,100,99672,100,100110,100,99618,100
2019-06-28 09:41:20.000000000,99977,556,99940,656,99978,100,99911,100,100003,200,99898,100,100004,200,99894,100,100018,100,99818,100,100037,100,99761,100,100049,100,99709,100,100056,100,99676,100,100089,100,99672,100,100110,100,99618,100
2019-06-28 09:41:29.628310266,99977,556,99940,656,99978,100,99911,100,100003,200,99898,100,100004,200,99894,100,100018,100,99818,100,100037,100,99761,100,100049,100,99709,100,100056,100,99676,100,100089,100,99672,100,100110,100,99618,100
2019-06-28 09:41:30.000000000,99977,328,99940,428,99978,328,99911,328,100003,200,99898,100,100004,200,99894,100,100018,100,99818,100,100037,100,99761,100,100049,100,99709,100,100056,100,99676,100,100089,100,99672,100,100110,100,99618,100
2019-06-28 09:41:30.594756987,99977,328,99940,328,99978,328,99911,328,100003,200,99898,100,100004,200,99894,100,100018,100,99818,100,100037,100,99761,100,100049,100,99709,100,100056,100,99676,100,100089,100,99672,100,100110,100,99618,100
2019-06-28 09:41:40.000000000,99977,191,99940,191,99978,191,99911,191,100003,291,99898,191,100004,291,99894,191,100018,191,99818,191,100037,100,99761,100,100049,100,99709,100,100056,100,99676,100,100089,100,99672,100,100110,100,99618,100
2019-06-28 09:41:47.175345361,99977,191,99940,91,99978,191,99911,191,100003,291,99898,191,100004,291,99894,191,100018,191,99818,191,100037,100,99761,100,100049,100,99709,100,100056,100,99676,100,100089,100,99672,100,100110,100,99618,100
2019-06-28 09:41:50.000000000,99977,328,99911,328,99978,328,99898,328,100003,200,99894,100,100004,200,99818,100,100018,100,99761,100,100037,100,99709,100,100049,100,99676,100,100056,100,99672,100,100089,100,99618,100,100110,100,99579,100
2019-06-28 09:41:58.987776105,99977,328,99911,328,99978,328,99898,328,100003,200,99894,100,100004,200,99818,100,100018,100,99761,100,100037,100,99709,100,100049,100,99676,100,100056,100,99672,100,100089,100,99618,100,100110,100,99579,100
2019-06-28 09:42:00.000000000,99977,191,99911,191,99978,191,99898,191,100003,291,99894,191,100004,291,99818,191,100018,191,99761,191,100037,100,99709,100,100049,100,99676,100,100056,100,99672,100,100089,100,99618,100,100110,100,99579,100
2019-06-28 09:42:10.000000000,99977,328,99911,328,99978,328,99898,328,100003,200,99894,100,100004,200,99818,100,100018,100,99761,100,100037,100,99709,100,100049,100,99676,100,100056,100,99672,100,100089,100,99618,100,100110,100,99579,100
2019-06-28 09:42:12.462405707,99977,328,99911,328,99978,328,99898,328,100003,200,99894,100,100004,200,99818,100,100018,100,99761,100,100037,100,99709,100,100049,100,99676,100,100056,100,99672,100,100089,100,99618,100,100110,100,99579,100
2019-06-28 09:42:20.000000000,99977,328,99911,328,99978,328,99898,328,100003,200,99894,100,100004,200,99818,100,100018,100,99761,100,100037,100,99709,100,100049,100,99676,100,100056,100,99672,100,100089,100,99618,100,100110,100,99579,100
2019-06-28 09:42:30.000000000,99977,214,99911,214,99978,214,99898,214,100003,314,99894,214,100004,314,99818,214,100018,100,99761,100,100037,100,99709,100,100049,100,99676,100,100056,100,99672,100,100089,100,99618,100,100110,100,99579,100
2019-06-28 09:42:38.354607042,99977,214,99911,214,99978,214,99898,214,100003,314,99894,214,100004,314,99818,214,100018,100,99761,100,100037,100,99709,100,100049,100,99676,100,100056,100,99672,100,100089,100,99618,100,100110,100,99579,100
2019-06-28 09:42:40.000000000,99977,255,99911,255,99978,250,99898,250,100003,350,99894,250,100004,200,99818,100,100018,100,99761,100,100037,100,99709,100,100049,100,99676,100,100056,100,99672,100,100089,100,99618,100,100110,100,99579,100
2019-06-28 09:42:50.000000000,99977,255,99911,255,99978,250,99898,250,100003,350,99894,250,100004,200,99818,100,100018,100,99761,100,100037,100,99709,100,100049,100,99676,100,100056,100,99672,100,100089,100,99618,100,100110,100,99579,100
2019-06-28 09:42:52.043098945,99977,255,99911,255,99978,250,99898,250,100003,350,99894,250,100004,200,99818,100,100018,100,99761,100,100037,100,99709,100,100049,100,99676,100,100056,100,99672,100,100089,100,99618,100,100110,100,99579,100
2019-06-28 09:43:00.000000000,99977,556,99911,556,99978,100,99898,100,100003,200,99894,100,100004,200,99818,100,100018,100,99761,100,100037,100,99709,100,100049,100,99676,100,100056,100,99672,100,100089,100,99618,100,100110,100,99579,100
2019-06-28 09:43:04.507402103,99940,100,99911,556,99977,556,99898,100,99978,100,99894,100,100003,200,99818,100,100004,200,99761,100,100018,100,99709,100,100037,100,99676,100,100049,100,99672,100,100056,100,99618,100,100089,100,99579,100
2019-06-28 09:43:10.000000000,99940,214,99911,214,99977,214,99898,214,99978,214,99894,214,100003,314,99818,214,100004,200,99761,100,100018,100,99709,100,100037,100,99676,100,100049,100,99672,100,100056,100,99618,100,100089,100,99579,100
2019-06-28 09:43:20.000000000,99940,328,99911,328,99977,328,99898,328,99978,100,99894,100,100003,200,99818,100,100004,200,99761,100,100018,100,99709,100,100037,100,99676,100,100049,100,99672,100,100056,100,99618,100,100089,100,99579,100
2019-06-28 09:43:20.604010700,99940,328,99911,228,99977,328,99898,328,99978,100,99894,100,100003,200,99818,100,100004,200,99761,100,100018,100,99709,100,100037,100,99676,100,100056,100,99672,100,100089,100,99618,100,100110,100,99579,100
2019-06-28 09:43:26.820877707,99939,100,99911,228,99940,328,99898,328,99977,328,99894,100,99978,100,99818,100,100003,200,99761,100,100004,200,99709,100,100018,100,99676,100,100037,100,99672,100,100056,100,99618,100,100089,100,99579,100
2019-06-28 09:43:28.080836810,99939,100,99911,228,99940,328,99898,328,99977,328,99894,100,99978,100,99818,100,100003,200,99761,100,100004,200,99709,100,100018,100,99676,100,100056,100,99672,100,100089,100,99618,100,100110,100,99579,100
2019-06-28 09:43:30.000000000,99939,214,99898,214,99940,214,99894,214,99977,214,99818,214,99978,214,99761,214,100003,200,99709,100,100004,200,99676,100,100018,100,99672,100,100056,100,99618,100,100089,100,99579,100,100110,100,99532,100
2019-06-28 09:43:38.744411668,99939,214,99898,114,99940,214,99894,214,99977,214,99818,214,99978,214,99761,214,100003,200,99709,100,100004,200,99676,100,100018,100,99618,100,100056,100,99579,100,100089,100,99532,100,100110,100,99508,100
2019-06-28 09:43:38.909510338,99911,100,99898,114,99939,214,99894,214,99940,214,99818,214,99977,214,99761,214,99978,214,99709,100,100003,200,99676,100,100004,200,99618,100,100018,100,99579,100,100056,100,99532,100,100089,100,99508,100
2019-06-28 09:43:40.000000000,99911,328,99894,328,99939,328,99818,328,99940,100,99761,100,99977,100,99709,100,99978,100,99676,100,100003,200,99618,100,100004,200,99579,100,100018,100,99532,100,100056,100,99508,100,100089,100,99335,100
2019-06-28 09:43:41.823048488,99911,428,99894,328,99939,328,99818,328,99940,100,99761,100,99977,100,99709,100,99978,100,99676,100,100003,200,99618,100,100004,200,99579,100,100018,100,99532,100,100056,100,99508,100,100089,100,99335,100
2019-06-28 09:43:50.000000000,99911,428,99894,328,99939,328,99818,328,99940,100,99761,100,99977,100,99709,100,99978,100,99676,100,100003,200,99618,100,100004,200,99579,100,100018,100,99532,100,100056,100,99508,100,100089,100,99335,100
2019-06-28 09:44:00.000000000,99911,656,99894,556,99939,100,99818,100,99940,100,99761,100,99977,100,99709,100,99978,100,99676,100,100003,200,99618,100,100004,200,99579,100,100018,100,99532,100,100056,100,99508,100,100089,100,99335,100
2019-06-28 09:44:10.000000000,99911,428,99894,328,99939,328,99818,328,99940,100,99761,100,99977,100,99709,100,99978,100,99676,100,100003,200,99618,100,100004,200,99579,100,100018,100,99532,100,100056,100,99508,100,100089,100,99335,100
2019-06-28 09:44:20.000000000,99911,291,99894,191,99939,191,99818,191,99940,191,99761,191,99977,191,99709,191,99978,191,99676,191,100003,200,99618,100,100004,200,99579,100,100018,100,99532,100,100056,100,99508,100,100089,100,99335,100
2019-06-28 09:44:27.814215814,99911,291,99894,191,99939,191,99818,191,99940,191,99761,191,99977,191,99709,191,99978,191,99676,191,100003,200,99618,100,100004,200,99579,100,100018,100,99532,100,100056,100,99508,100,100089,100,99335,100
2019-06-28 09:44:30.000000000,99911,355,99894,255,99939,250,99818,250,99940,250,99761,250,99977,100,99709,100,99978,100,99676,100,100003,200,99618,100,100004,200,99579,100,100018,100,99532,100,100056,100,99508,100,100089,100,99335,100
2019-06-28 09:44:40.000000000,99911,428,99894,328,99939,328,99818,328,99940,100,99761,100,99977,100,99709,100,99978,100,99676,100,100003,200,99618,100,100004,200,99579,100,100018,100,99532,100,100056,100,99508,100,100089,100,99335,100
2019-06-28 09:44:50.000000000,99911,355,99894,255,99939,250,99818,250,99940,250,99761,250,99977,100,99709,100,99978,100,99676,100,100003,200,99618,100,100004,200,99579,100,100018,100,99532,100,100056,100,99508,100,100089,100,99335,100
2019-06-28 09:45:00.000000000,99911,428,99894,328,99939,328,99818,328,99940,100,99761,100,99977,100,99709,100,99978,100,99676,100,100003,200,99618,100,100004,200,99579,100,100018,100,99532,100,100056,100,99508,100,100089,100,99335,100
2019-06-28 09:45:09.147176170,99911,428,99894,328,99939,328,99818,328,99940,100,99761,100,99977,100,99709,100,99978,100,99676,100,100003,200,99618,100,100004,200,99579,100,100018,100,99532,100,100056,100,99508,100,100113,100,99335,100
2019-06-28 09:45:10.000000000,99911,314,99894,214,99939,214,99818,214,99940,214,99761,214,99977,214,99709,214,99978,100,99676,100,100003,200,99618,100,100004,200,99579,100,100018,100,99532,100,100056,100,99508,100,100113,100,99335,100
2019-06-28 09:45:20.000000000,99911,656,99894,556,99939,100,99818,100,99940,100,99761,100,99977,100,99709,100,99978,100,99676,100,100003,200,99618,100,100004,200,99579,100,100018,100,99532,100,100056,100,99508,100,100113,100,99335,100
2019-06-28 09:45:28.432183832,99911,656,99894,456,99939,100,99818,100,99940,100,99761,100,99977,100,99709,100,99978,100,99676,100,100003,200,99618,100,100004,200,99579,100,100018,100,99532,100,100056,100,99508,100,100171,100,99335,100
2019-06-28 09:45:30.000000000,99911,355,99818,255,99939,250,99761,250,99940,250,99709,250,99977,100,99676,100,99978,100,99618,100,100003,200,99579,100,100004,200,99532,100,100018,100,99508,100,100056,100,99335,100,100171,100,99302,100
2019-06-28 09:45:38.054492642,99911,355,99818,255,99939,250,99761,250,99940,250,99709,250,99977,100,99676,100,99978,100,99618,100,100003,200,99579,100,100004,200,99532,100,100018,100,99508,100,100056,100,99335,100,100171,100,99302,100
2019-06-28 09:45:40.000000000,99911,656,99818,556,99939,100,99761,100,99940,100,99709,100,99977,100,99676,100,99978,100,99618,100,100003,200,99579,100,100004,200,99532,100,100018,100,99508,100,100056,100,99335,100,100171,100,99302,100
2019-06-28 09:45:50.000000000,99911,355,99818,255,99939,250,99761,250,99940,250,99709,250,99977,100,99676,100,99978,100,99618,100,100003,200,99579,100,100004,200,99532,100,100018,100,99508,100,100056,100,99335,100,100171,100,99302,100
2019-06-28 09:45:52.205793141,99911,355,99818,155,99939,250,99761,250,99940,250,99709,250,99977,100,99676,100,99978,100,99618,100,100003,200,99579,100,100004,200,99508,100,100018,100,99335,100,100056,100,99302,100,100171,100,99237,100
2019-06-28 09:45:56.566891442,99911,355,99818,155,99939,250,99761,250,99940,250,99709,250,99977,100,99676,100,99978,100,99618,100,100003,200,99579,100,100004,200,99508,100,100018,100,99335,100,100056,100,99302,100,100171,100,99034,100
2019-06-28 09:46:00.000000000,99911,314,99761,214,99939,214,99709,214,99940,214,99676,214,99977,214,99618,214,99978,100,99579,100,100003,200,99508,100,100004,200,99335,100,100018,100,99302,100,100056,100,99034,100,100171,100,99009,100
2019-06-28 09:46:10.000000000,99911,355,99761,255,99939,250,99709,250,99940,250,99676,250,99977,100,99618,100,99978,100,99579,100,100003,200,99508,100,100004,200,99335,100,100018,100,99302,100,100056,100,99034,100,100171,100,99009,100
2019-06-28 09:46:12.033076418,99911,355,99761,155,99939,250,99709,250,99940,250,99676,250,99977,100,99618,100,99978,100,99579,100,100003,200,99508,100,100004,200,99335,100,100018,100,99302,100,100056,100,99034,100,100171,100,99009,100
2019-06-28 09:46:19.494688810,99911,355,99761,55,99939,250,99709,250,99940,250,99676,250,99977,100,99618,100,99978,100,99579,100,100003,200,99508,100,100004,200,99335,100,100018,100,99302,100,100056,100,99034,100,100171,100,99009,100
2019-06-28 09:46:20.000000000,99911,355,99709,255,99939,250,99676,250,99940,250,99618,250,99977,100,99579,100,99978,100,99508,100,100003,200,99335,100,100004,200,99302,100,100018,100,99034,100,100056,100,99009,100,100171,100,99006,100
2019-06-28 09:46:30.000000000,99911,656,99709,556,99939,100,99676,100,99940,100,99618,100,99977,100,99579,100,99978,100,99508,100,100003,200,99335,100,100004,200,99302,100,100018,100,99034,100,100056,100,99009,100,100171,100,99006,100
2019-06-28 09:46:40.000000000,99911,355,99709,255,99939,250,99676,250,99940,250,99618,250,99977,100,99579,100,99978,100,99508,100,100003,200,99335,100,100004,200,99302,100,100018,100,99034,100,100056,100,99009,100,100171,100,99006,100
2019-06-28 09:46:50.000000000,99911,355,99709,255,99939,250,99676,250,99940,250,99618,250,99977,100,99579,100,99978,100,99508,100,100003,200,99335,100,100004,200,99302,100,100018,100,99034,100,100056,100,99009,100,100171,100,99006,100
2019-06-28 09:46:55.251583813,99911,355,99709,255,99939,250,99676,250,99940,250,99618,250,99977,100,99579,100,99978,100,99508,100,100003,200,99335,100,100004,200,99302,100,100018,100,99034,100,100056,100,99009,100,100171,100,99006,100
2019-06-28 09:47:00.000000000,99911,291,99709,191,99939,191,99676,191,99940,191,99618,191,99977,191,99579,191,99978,191,99508,191,100003,200,99335,100,100004,200,99302,100,100018,100,99034,100,100056,100,99009,100,100171,100,99006,100
2019-06-28 09:47:03.301775273,99911,291,99709,91,99939,191,99676,191,99940,191,99618,191,99977,191,99579,191,99978,191,99508,191,100003,200,99335,100,100004,200,99302,100,100018,100,99034,100,100056,100,99009,100,100171,100,99006,100
2019-06-28 09:47:04.609778248,99911,291,99709,91,99939,191,99676,191,99940,191,99618,191,99977,191,99579,191,99978,191,99508,191,100003,200,99335,100,100004,200,99302,100,100018,100,99034,100,100056,100,99009,100,100171,100,99006,100
2019-06-28 09:47:10.000000000,99911,314,99676,214,99939,214,99618,214,99940,214,99579,214,99977,214,99508,214,99978,100,99335,100,100003,200,99302,100,100004,200,99034,100,100018,100,99009,100,100056,100,99006,100,100171,100,98927,100
2019-06-28 09:47:15.372812197,99911,314,99676,214,99939,214,99618,214,99940,214,99579,214,99977,214,99508,214,99978,100,99335,100,100003,200,99302,100,100004,200,99034,100,100018,100,99009,100,100056,100,99006,100,100171,100,98927,100
2019-06-28 09:47:20.000000000,99911,314,99676,214,99939,214,99618,214,99940,214,99579,214,99977,214,99508,214,99978,100,99335,100,100003,200,99302,100,100004,200,99034,100,100018,100,99009,100,100056,100,99006,100,100171,100,98927,100
2019-06-28 09:47:20.686685098,99761,100,99676,214,99911,314,99618,214,99939,214,99579,214,99940,214,99508,214,99977,214,99335,100,99978,100,99302,100,100003,200,99034,100,100004,200,99009,100,100018,100,99006,100,100056,100,98927,100
2019-06-28 09:47:27.537792337,99761,100,99676,114,99911,314,99618,214,99939,214,99579,214,99940,214,99508,214,99977,214,99335,100,99978,100,99302,100,100003,200,99034,100,100004,200,99009,100,100018,100,99006,100,100056,100,98927,100
2019-06-28 09:47:30.000000000,99761,556,99618,556,99911,200,99579,100,99939,100,99508,100,99940,100,99335,100,99977,100,99302,100,99978,100,99034,100,100003,200,99009,100,100004,200,99006,100,100018,100,98927,100,100056,100,98659,100
2019-06-28 09:47:37.448982138,99761,556,99618,556,99911,200,99579,100,99939,100,99508,100,99940,100,99335,100,99977,100,99302,100,99978,100,99034,100,100003,200,99009,100,100004,200,99006,100,100018,100,98927,100,100056,100,98659,100
2019-06-28 09:47:40.000000000,99761,556,99618,556,99911,200,99579,100,99939,100,99508,100,99940,100,99335,100,99977,100,99302,100,99978,100,99034,100,100003,200,99009,100,100004,200,99006,100,100018,100,98927,100,100056,100,98659,100
2019-06-28 09:47:45.389133744,99761,556,99618,456,99911,200,99579,100,99939,100,99508,100,99940,100,99335,100,99977,100,99302,100,99978,100,99034,100,100003,200,99009,100,100004,200,99006,100,100018,100,98927,100,100056,100,98390,100
2019-06-28 09:47:50.000000000,99761,328,99579,328,99911,428,99508,328,99939,100,99335,100,99940,100,99302,100,99977,100,99034,100,99978,100,99009,100,100003,200,99006,100,100004,200,98927,100,100018,100,98390,100,100056,100,98362,100
2019-06-28 09:47:58.733514667,99761,328,99579,328,99911,428,99508,328,99939,100,99335,100,99940,100,99034,100,99977,100,99009,100,99978,100,99006,100,100003,200,98927,100,100004,200,98390,100,100018,100,98362,100,100056,100,98300,100
2019-06-28 09:48:00.000000000,99761,556,99579,556,99911,200,99508,100,99939,100,99335,100,99940,100,99034,100,99977,100,99009,100,99978,100,99006,100,100003,200,98927,100,100004,200,98390,100,100018,100,98362,100,100056,100,98300,100
2019-06-28 09:48:10.000000000,99761,255,99579,255,99911,350,99508,250,99939,250,99335,250,99940,100,99034,100,99977,100,99009,100,99978,100,99006,100,100003,200,98927,100,100004,200,98390,100,100018,100,98362,100,100056,100,98300,100
2019-06-28 09:48:20.000000000,99761,214,99579,214,99911,314,99508,214,99939,214,99335,214,99940,214,99034,214,99977,100,99009,100,99978,100,99006,100,100003,200,98927,100,100004,200,98390,100,100018,100,98362,100,100056,100,98300,100
2019-06-28 09:48:30.000000000,99761,255,99579,255,99911,350,99508,250,99939,250,99335,250,99940,100,99034,100,99977,100,99009,100,99978,100,99006,100,100003,200,98927,100,100004,200,98390,100,100018,100,98362,100,100056,100,98300,100
2019-06-28 09:48:40.000000000,99761,191,99579,191,99911,291,99508,191,99939,191,99335,191,99940,191,99034,191,99977,191,99009,191,99978,100,99006,100,100003,200,98927,100,100004,200,98390,100,100018,100,98362,100,100056,100,98300,100
2019-06-28 09:48:46.327306415,99761,191,99579,191,99911,191,99508,191,99939,191,99335,191,99940,191,99034,191,99977,191,99009,191,99978,100,99006,100,100003,200,98927,100,100004,200,98390,100,100018,100,98362,100,100056,100,98300,100
2019-06-28 09:48:50.000000000,99761,191,99579,191,99911,191,99508,191,99939,191,99335,191,99940,191,99034,191,99977,191,99009,191,99978,100,99006,100,100003,200,98927,100,100004,200,98390,100,100018,100,98362,100,100056,100,98300,100
2019-06-28 09:48:59.186294056,99761,191,99579,191,99911,191,99508,191,99939,191,99335,191,99940,191,99034,191,99977,191,99009,191,99978,100,99006,100,100003,200,98927,100,100004,200,98842,100,100018,100,98390,100,100056,100,98362,100
2019-06-28 09:49:00.000000000,99761,556,99579,556,99911,100,99508,100,99939,100,99335,100,99940,100,99034,100,99977,100,99009,100,99978,100,99006,100,100003,200,98927,100,100004,200,98842,100,100018,100,98390,100,100056,100,98362,100
2019-06-28 09:49:09.771381390,99761,556,99579,556,99911,100,99508,100,99939,100,99335,100,99977,100,99034,100,99978,100,99009,100,100003,200,99006,100,100004,200,98927,100,100018,100,98842,100,100056,100,98390,100,100171,100,98362,100
2019-06-28 09:49:10.000000000,99761,328,99579,328,99911,328,99508,328,99939,100,99335,100,99977,100,99034,100,99978,100,99009,100,100003,200,99006,100,100004,200,98927,100,100018,100,98842,100,100056,100,98390,100,100171,100,98362,100
2019-06-28 09:49:17.187067176,99761,328,99579,328,99911,328,99508,328,99939,100,99335,100,99977,100,99034,100,99978,100,99009,100,100003,200,99006,100,100004,200,98937,100,100018,100,98927,100,100056,100,98842,100,100171,100,98390,100
2019-06-28 09:49:20.000000000,99761,255,99579,255,99911,250,99508,250,99939,250,99335,250,99977,100,99034,100,99978,100,99009,100,100003,200,99006,100,100004,200,98937,100,100018,100,98927,100,100056,100,98842,100,100171,100,98390,100
2019-06-28 09:49:30.000000000,99761,556,99579,556,99911,100,99508,100,99939,100,99335,100,99977,100,99034,100,99978,100,99009,100,100003,200,99006,100,100004,200,98937,100,100018,100,98927,100,100056,100,98842,100,100171,100,98390,100
2019-06-28 09:49:31.474509795,99761,556,99579,556,99911,100,99508,100,99939,100,99335,100,99977,100,99034,100,99978,100,99009,100,100003,200,99006,100,100004,200,98937,100,100018,100,98927,100,100056,100,98916,100,100171,100,98842,100
2019-06-28 09:49:40.000000000,99761,191,99579,191,99911,191,99508,191,99939,191,99335,191,99977,191,99034,191,99978,191,99009,191,100003,200,99006,100,100004,200,98937,100,100018,100,98927,100,100056,100,98916,100,100171,100,98842,100
2019-06-28 09:49:42.767443664,99761,191,99579,191,99911,191,99508,191,99939,191,99335,191,99977,191,99034,191,99978,191,99009,191,100003,200,99006,100,100004,200,98937,100,100018,100,98927,100,100056,100,98916,100,100171,100,98842,100
2019-06-28 09:49:50.000000000,99761,556,99579,556,99911,100,99508,100,99939,100,99335,100,99977,100,99034,100,99978,100,99009,100,100003,200,99006,100,100004,200,98937,100,100018,100,98927,100,100056,100,98916,100,100171,100,98842,100
2019-06-28 09:49:50.197463389,99761,556,99579,556,99911,100,99508,100,99939,100,99034,100,99977,100,99009,100,99978,100,99006,100,100003,200,98937,100,100004,200,98927,100,100018,100,98916,100,100056,100,98842,100,100171,100,98808,100
2019-06-28 09:49:51.083746924,99761,556,99579,556,99911,100,99508,100,99939,100,99034,100,99977,100,99009,100,99978,100,99006,100,100003,200,98937,100,100004,200,98927,100,100018,100,98924,100,100056,100,98916,100,100171,100,98842,100
2019-06-28 09:49:51.165373115,99676,100,99579,556,99761,556,99508,100,99911,100,99034,100,99939,100,99009,100,99977,100,99006,100,99978,100,98937,100,100003,200,98927,100,100004,200,98924,100,100018,100,98916,100,100056,100,98842,100
2019-06-28 09:50:00.000000000,99676,191,99579,191,99761,191,99508,191,99911,191,99034,191,99939,191,99009,191,99977,191,99006,191,99978,100,98937,100,100003,200,98927,100,100004,200,98924,100,100018,100,98916,100,100056,100,98842,100
2019-06-28 09:50:10.000000000,99676,255,99579,255,99761,250,99508,250,99911,250,99034,250,99939,100,99009,100,99977,100,99006,100,99978,100,98937,100,100003,200,98927,100,100004,200,98924,100,100018,100,98916,100,100056,100,98842,100
2019-06-28 09:50:14.022475583,99676,255,99579,255,99761,250,99508,250,99911,250,99431,100,99939,100,99034,250,99977,100,99009,100,99978,100,99006,100,100003,200,98937,100,100004,200,98927,100,100018,100,98924,100,100056,100,98916,100
2019-06-28 09:50:20.000000000,99676,556,99579,556,99761,100,99508,100,99911,100,99431,100,99939,100,99034,100,99977,100,99009,100,99978,100,99006,100,100003,200,98937,100,100004,200,98927,100,100018,100,98924,100,100056,100,98916,100
2019-06-28 09:50:27.148515515,99676,656,99579,556,99761,100,99508,100,99911,100,99431,100,99939,100,99034,100,99977,100,99009,100,100003,200,99006,100,100004,200,98937,100,100018,100,98927,100,100056,100,98924,100,100204,100,98916,100
2019-06-28 09:50:30.000000000,99676,291,99579,191,99761,191,99508,191,99911,191,99431,191,99939,191,99034,191,99977,191,99009,191,100003,200,99006,100,100004,200,98937,100,100018,100,98927,100,100056,100,98924,100,100204,100,98916,100
2019-06-28 09:50:40.000000000,99676,355,99579,255,99761,250,99508,250,99911,250,99431,250,99939,100,99034,100,99977,100,99009,100,100003,200,99006,100,100004,200,98937,100,100018,100,98927,100,100056,100,98924,100,100204,100,98916,100
2019-06-28 09:50:50.000000000,99676,428,99579,328,99761,328,99508,328,99911,100,99431,100,99939,100,99034,100,99977,100,99009,100,100003,200,99006,100,100004,200,98937,100,100018,100,98927,100,100056,100,98924,100,100204,100,98916,100
2019-06-28 09:50:52.586566921,99676,428,99579,228,99761,328,99508,328,99911,100,99431,100,99939,100,99034,100,99977,100,99009,100,100003,200,99006,100,100004,200,98937,100,100018,100,98927,100,100056,100,98924,100,100204,100,98916,100
2019-06-28 09:51:00.000000000,99676,656,99508,556,99761,100,99431,100,99911,100,99034,100,99939,100,99009,100,99977,100,99006,100,100003,200,98937,100,100004,200,98927,100,100018,100,98924,100,100056,100,98916,100,100204,100,98842,100
2019-06-28 09:51:04.762211119,99676,656,99508,556,99911,100,99431,100,99939,100,99034,100,99977,100,99009,100,100003,200,99006,100,100004,200,98937,100,100018,100,98927,100,100056,100,98924,100,100204,100,98916,100,100287,100,98842,100
2019-06-28 09:51:10.000000000,99676,314,99508,214,99911,214,99431,214,99939,214,99034,214,99977,214,99009,214,100003,200,99006,100,100004,200,98937,100,100018,100,98927,100,100056,100,98924,100,100204,100,98916,100,100287,100,98842,100
2019-06-28 09:51:20.000000000,99676,291,99508,191,99911,191,99431,191,99939,191,99034,191,99977,191,99009,191,100003,291,99006,191,100004,200,98937,100,100018,100,98927,100,100056,100,98924,100,100204,100,98916,100,100287,100,98842,100
2019-06-28 09:51:30.000000000,99676,314,99508,214,99911,214,99431,214,99939,214,99034,214,99977,214,99009,214,100003,200,99006,100,100004,200,98937,100,100018,100,98927,100,100056,100,98924,100,100204,100,98916,100,100287,100,98842,100
2019-06-28 09:51:36.272506524,99676,314,99508,214,99862,100,99431,214,99911,214,99034,214,99939,214,99009,214,99977,214,99006,100,100003,200,98937,100,100004,200,98927,100,100018,100,98924,100,100056,100,98916,100,100204,100,98842,100
2019-06-28 09:51:39.686044477,99676,314,99619,100,99862,100,99508,214,99911,214,99431,214,99939,214,99034,214,99977,214,99009,214,100003,200,99006,100,100004,200,98937,100,100018,100,98927,100,100056,100,98924,100,100204,100,98916,100
2019-06-28 09:51:40.000000000,99676,355,99619,255,99862,250,99508,250,99911,250,99431,250,99939,100,99034,100,99977,100,99009,100,100003,200,99006,100,100004,200,98937,100,100018,100,98927,100,100056,100,98924,100,100204,100,98916,100
2019-06-28 09:51:47.819801410,99676,355,99619,255,99862,250,99601,100,99911,250,99508,250,99939,100,99431,250,99977,100,99034,100,100003,200,99009,100,100004,200,99006,100,100018,100,98937,100,100056,100,98927,100,100204,100,98924,100
2019-06-28 09:51:50.000000000,99676,656,99619,556,99862,100,99601,100,99911,100,99508,100,99939,100,99431,100,99977,100,99034,100,100003,200,99009,100,100004,200,99006,100,100018,100,98937,100,100056,100,98927,100,100204,100,98924,100
2019-06-28 09:52:00.000000000,99676,428,99619,328,99862,328,99601,328,99911,100,99508,100,99939,100,99431,100,99977,100,99034,100,100003,200,99009,100,100004,200,99006,100,100018,100,98937,100,100056,100,98927,100,100204,100,98924,100
2019-06-28 09:52:02.169012972,99642,100,99619,328,99676,428,99601,328,99862,328,99508,100,99911,100,99431,100,99939,100,99034,100,99977,100,99009,100,100003,200,99006,100,100004,200,98937,100,100018,100,98927,100,100056,100,98924,100
2019-06-28 09:52:02.493731017,99642,100,99619,328,99676,428,99601,328,99862,328,99508,100,99911,100,99431,100,99939,100,99283,100,99977,100,99034,100,100003,200,99009,100,100004,200,99006,100,100018,100,98937,100,100056,100,98927,100
2019-06-28 09:52:10.000000000,99642,214,99619,214,99676,314,99601,214,99862,214,99508,214,99911,214,99431,214,99939,100,99283,100,99977,100,99034,100,100003,200,99009,100,100004,200,99006,100,100018,100,98937,100,100056,100,98927,100
2019-06-28 09:52:15.683987783,99642,214,99619,114,99676,314,99601,214,99862,214,99508,214,99911,214,99431,214,99939,100,99283,100,99977,100,99034,100,100003,200,99009,100,100004,200,99006,100,100018,100,98937,100,100056,100,98927,100
2019-06-28 09:52:19.490961088,99642,214,99619,114,99653,100,99601,214,99676,314,99508,214,99862,214,99431,214,99911,214,99283,100,99939,100,99034,100,99977,100,99009,100,100003,200,99006,100,100004,200,98937,100,100018,100,98927,100
2019-06-28 09:52:20.000000000,99642,255,99601,255,99653,250,99508,250,99676,350,99431,250,99862,100,99283,100,99911,100,99034,100,99939,100,99009,100,99977,100,99006,100,100003,200,98937,100,100004,200,98927,100,100018,100,98924,100
2019-06-28 09:52:21.778133556,99642,255,99601,255,99653,250,99508,250,99676,350,99431,150,99794,100,99283,100,99862,100,99034,100,99911,100,99009,100,99939,100,99006,100,99977,100,98937,100,100003,200,98927,100,100004,200,98924,100
2019-06-28 09:52:30.000000000,99642,255,99601,255,99653,250,99508,250,99676,350,99283,250,99794,100,99034,100,99862,100,99009,100,99911,100,99006,100,99939,100,98937,100,99977,100,98927,100,100003,200,98924,100,100004,200,98916,100
2019-06-28 09:52:30.936547875,99642,255,99601,255,99653,250,99508,250,99668,100,99283,250,99676,350,99034,100,99794,100,99009,100,99862,100,99006,100,99911,100,98937,100,99939,100,98927,100,99977,100,98924,100,100003,200,98916,100
2019-06-28 09:52:40.000000000,99642,556,99601,556,99653,100,99508,100,99668,100,99283,100,99676,200,99034,100,99794,100,99009,100,99862,100,99006,100,99911,100,98937,100,99939,100,98927,100,99977,100,98924,100,100003,200,98916,100
2019-06-28 09:52:50.000000000,99642,191,99601,191,99653,191,99508,191,99668,191,99283,191,99676,291,99034,191,99794,191,99009,191,99862,100,99006,100,99911,100,98937,100,99939,100,98927,100,99977,100,98924,100,100003,200,98916,100
2019-06-28 09:53:00.000000000,99642,328,99601,328,99653,328,99508,328,99668,100,99283,100,99676,200,99034,100,99794,100,99009,100,99862,100,99006,100,99911,100,98937,100,99939,100,98927,100,99977,100,98924,100,100003,200,98916,100
2019-06-28 09:53:00.854214485,99642,228,99601,328,99653,328,99508,328,99668,100,99283,100,99676,200,99034,100,99794,100,99009,100,99862,100,99006,100,99911,100,98937,100,99939,100,98927,100,99977,100,98924,100,100003,200,98916,100
2019-06-28 09:53:10.000000000,99653,191,99601,191,99668,191,99508,191,99676,291,99283,191,99794,191,99034,191,99862,191,99009,191,99911,100,99006,100,99939,100,98937,100,99977,100,98927,100,100003,200,98924,100,100004,200,98916,100
2019-06-28 09:53:19.749918738,99653,191,99601,91,99668,191,99508,191,99676,291,99283,191,99794,191,99034,191,99862,191,99009,191,99911,100,99006,100,99939,100,98937,100,99977,100,98927,100,100003,200,98924,100,100004,200,98916,100
2019-06-28 09:53:20.000000000,99653,255,99508,255,99668,250,99283,250,99676,350,99034,250,99794,100,99009,100,99862,100,99006,100,99911,100,98937,100,99939,100,98927,100,99977,100,98924,100,100003,200,98916,100,100004,200,98842,100
2019-06-28 09:53:20.951192134,99653,255,99508,255,99668,250,99283,250,99676,350,99034,250,99794,100,99009,100,99862,100,99006,100,99911,100,98937,100,99939,100,98927,100,99977,100,98924,100,100003,200,98916,100,100004,200,98842,100
2019-06-28 09:53:30.000000000,99653,255,99508,255,99668,250,99283,250,99676,350,99034,250,99794,100,99009,100,99862,100,99006,100,99911,100,98937,100,99939,100,98927,100,99977,100,98924,100,100003,200,98916,100,100004,200,98842,100
2019-06-28 09:53:30.557929301,99653,255,99508,155,99668,250,99283,250,99676,350,99034,250,99794,100,99009,100,99862,100,99006,100,99911,100,98937,100,99939,100,98927,100,99977,100,98916,100,100003,200,98842,100,100004,200,98808,100
2019-06-28 09:53:40.000000000,99653,191,99283,191,99668,191,99034,191,99676,291,99009,191,99794,191,99006,191,99862,191,98937,191,99911,100,98927,100,99939,100,98916,100,99977,100,98842,100,100003,200,98808,100,100004,200,98560,100
2019-06-28 09:53:50.000000000,99653,255,99283,255,99668,250,99034,250,99676,350,99009,250,99794,100,99006,100,99862,100,98937,100,99911,100,98927,100,99939,100,98916,100,99977,100,98842,100,100003,200,98808,100,100004,200,98560,100
2019-06-28 09:54:00.000000000,99653,556,99283,556,99668,100,99034,100,99676,200,99009,100,99794,100,99006,100,99862,100,98937,100,99911,100,98927,100,99939,100,98916,100,99977,100,98842,100,100003,200,98808,100,100004,200,98560,100
2019-06-28 09:54:01.466434811,99653,556,99283,556,99668,100,99034,100,99676,200,99009,100,99794,100,99006,100,99862,100,98937,100,99911,100,98927,100,99939,100,98916,100,99977,100,98855,100,100003,200,98842,100,100004,200,98808,100
2019-06-28 09:54:03.433213416,99653,556,99283,556,99668,100,99034,100,99676,100,99009,100,99794,100,99006,100,99862,100,98937,100,99911,100,98927,100,99939,100,98916,100,99977,100,98855,100,100003,200,98842,100,100004,200,98808,100
2019-06-28 09:54:05.232752057,99653,556,99283,456,99668,100,99034,100,99676,100,99009,100,99794,100,99006,100,99862,100,98937,100,99911,100,98927,100,99939,100,98916,100,99977,100,98855,100,100003,200,98842,100,100004,200,98808,100
2019-06-28 09:54:10.000000000,99653,255,99034,255,99668,250,99009,250,99676,250,99006,250,99794,100,98937,100,99862,100,98927,100,99911,100,98916,100,99939,100,98855,100,99977,100,98842,100,100003,200,98808,100,100004,200,98560,100
2019-06-28 09:54:11.439590132,99653,255,99034,255,99668,250,99009,250,99676,250,99006,250,99794,100,98937,100,99862,100,98927,100,99911,100,98916,100,99939,100,98855,100,99977,100,98842,100,100003,200,98808,100,100004,200,98743,100
2019-06-28 09:54:20.000000000,99653,191,99034,191,99668,191,99009,191,99676,191,99006,191,99794,191,98937,191,99862,191,98927,191,99911,100,98916,100,99939,100,98855,100,99977,100,98842,100,100003,200,98808,100,100004,200,98743,100
2019-06-28 09:54:25.708106055,99653,191,99034,91,99668,191,99009,191,99676,191,99006,191,99794,191,98937,191,99862,191,98927,191,99911,100,98916,100,99939,100,98855,100,99977,100,98842,100,100003,200,98808,100,100004,200,98743,100
2019-06-28 09:54:30.000000000,99653,191,99009,191,99668,191,99006,191,99676,191,98937,191,99794,191,98927,191,99862,191,98916,191,99911,100,98855,100,99939,100,98842,100,99977,100,98808,100,100003,200,98743,100,100004,200,98560,100
2019-06-28 09:54:40.000000000,99653,191,99009,191,99668,191,99006,191,99676,191,98937,191,99794,191,98927,191,99862,191,98916,191,99911,100,98855,100,99939,100,98842,100,99977,100,98808,100,100003,200,98743,100,100004,200,98560,100
2019-06-28 09:54:43.444851477,99653,191,99009,91,99668,191,99006,191,99676,191,98937,191,99794,191,98927,191,99862,191,98916,191,99911,100,98855,100,99939,100,98842,100,99977,100,98808,100,100003,200,98743,100,100004,200,98560,100
2019-06-28 09:54:50.000000000,99653,255,99006,255,99668,250,98937,250,99676,250,98927,250,99794,100,98916,100,99862,100,98855,100,99911,100,98842,100,99939,100,98808,100,99977,100,98743,100,100003,200,98560,100,100004,200,98390,100
2019-06-28 09:54:50.545934332,99653,255,99006,155,99668,250,98937,250,99676,250,98927,250,99794,100,98916,100,99862,100,98855,100,99911,100,98842,100,99939,100,98808,100,99977,100,98743,100,100003,200,98560,100,100004,200,98390,100
2019-06-28 09:55:00.000000000,99653,255,98937,255,99668,250,98927,250,99676,250,98916,250,99794,100,98855,100,99862,100,98842,100,99911,100,98808,100,99939,100,98743,100,99977,100,98560,100,100003,200,98390,100,100004,200,98362,100
2019-06-28 09:55:06.436572472,98998,100,98937,255,99653,255,98927,250,99668,250,98916,250,99676,250,98855,100,99794,100,98842,100,99862,100,98808,100,99911,100,98743,100,99939,100,98560,100,99977,100,98390,100,100003,200,98362,100
2019-06-28 09:55:10.000000000,98998,255,98937,255,99653,250,98927,250,99668,250,98916,250,99676,100,98855,100,99794,100,98842,100,99862,100,98808,100,99911,100,98743,100,99939,100,98560,100,99977,100,98390,100,100003,200,98362,100
2019-06-28 09:55:16.248015647,98998,255,98937,255,99653,250,98927,250,99668,250,98916,250,99676,100,98855,100,99794,100,98852,100,99862,100,98842,100,99911,100,98808,100,99939,100,98743,100,99977,100,98560,100,100003,200,98390,100
2019-06-28 09:55:20.000000000,98998,214,98937,214,99653,214,98927,214,99668,214,98916,214,99676,214,98855,214,99794,100,98852,100,99862,100,98842,100,99911,100,98808,100,99939,100,98743,100,99977,100,98560,100,100003,200,98390,100
2019-06-28 09:55:23.766568624,98998,214,98937,214,99653,214,98927,214,99668,214,98916,214,99676,214,98855,214,99794,100,98852,100,99862,100,98842,100,99911,100,98808,100,99939,100,98743,100,99977,100,98560,100,100003,200,98390,100
2019-06-28 09:55:24.341208258,98998,214,98937,214,99229,100,98927,214,99653,214,98916,214,99668,214,98855,214,99676,214,98852,100,99794,100,98842,100,99862,100,98808,100,99911,100,98743,100,99939,100,98560,100,99977,100,98390,100
2019-06-28 09:55:30.000000000,98998,328,98937,328,99229,328,98927,328,99653,100,98916,100,99668,100,98855,100,99676,100,98852,100,99794,100,98842,100,99862,100,98808,100,99911,100,98743,100,99939,100,98560,100,99977,100,98390,100
2019-06-28 09:55:33.326150546,98998,328,98937,328,99124,100,98927,328,99229,328,98916,100,99653,100,98855,100,99668,100,98852,100,99676,100,98842,100,99794,100,98808,100,99862,100,98743,100,99911,100,98560,100,99939,100,98390,100
2019-06-28 09:55:40.000000000,98998,191,98937,191,99124,191,98927,191,99229,191,98916,191,99653,191,98855,191,99668,191,98852,191,99676,100,98842,100,99794,100,98808,100,99862,100,98743,100,99911,100,98560,100,99939,100,98390,100
2019-06-28 09:55:50.000000000,98998,214,98937,214,99124,214,98927,214,99229,214,98916,214,99653,214,98855,214,99668,100,98852,100,99676,100,98842,100,99794,100,98808,100,99862,100,98743,100,99911,100,98560,100,99939,100,98390,100
2019-06-28 09:56:00.000000000,98998,328,98937,328,99124,328,98927,328,99229,100,98916,100,99653,100,98855,100,99668,100,98852,100,99676,100,98842,100,99794,100,98808,100,99862,100,98743,100,99911,100,98560,100,99939,100,98390,100
2019-06-28 09:56:00.280783812,98998,228,98937,328,99124,328,98927,328,99229,100,98916,100,99653,100,98855,100,99668,100,98852,100,99676,100,98842,100,99794,100,98808,100,99862,100,98743,100,99911,100,98560,100,99939,100,98390,100
2019-06-28 09:56:08.064323032,98998,128,98937,328,99124,328,98927,328,99229,100,98916,100,99653,100,98855,100,99668,100,98852,100,99676,100,98842,100,99794,100,98808,100,99862,100,98743,100,99911,100,98560,100,99939,100,98390,100
2019-06-28 09:56:09.615567273,98998,128,98937,328,99124,328,98927,328,99229,100,98916,100,99653,100,98855,100,99668,100,98852,100,99794,100,98842,100,99862,100,98808,100,99911,100,98743,100,99939,100,98560,100,99977,100,98390,100
2019-06-28 09:56:10.000000000,99124,255,98937,255,99229,250,98927,250,99653,250,98916,250,99668,100,98855,100,99794,100,98852,100,99862,100,98842,100,99911,100,98808,100,99939,100,98743,100,99977,100,98560,100,100003,200,98390,100
2019-06-28 09:56:20.000000000,99124,255,98937,255,99229,250,98927,250,99653,250,98916,250,99668,100,98855,100,99794,100,98852,100,99862,100,98842,100,99911,100,98808,100,99939,100,98743,100,99977,100,98560,100,100003,200,98390,100
2019-06-28 09:56:22.869575111,99025,100,98937,255,99124,255,98927,250,99229,250,98916,250,99653,250,98855,100,99668,100,98852,100,99794,100,98842,100,99862,100,98808,100,99911,100,98743,100,99939,100,98560,100,99977,100,98390,100
2019-06-28 09:56:24.554602151,99018,100,98937,255,99025,100,98927,250,99124,255,98916,250,99229,250,98855,100,99653,250,98852,100,99668,100,98842,100,99794,100,98808,100,99862,100,98743,100,99911,100,98560,100,99939,100,98390,100
2019-06-28 09:56:30.000000000,99018,191,98937,191,99025,191,98927,191,99124,191,98916,191,99229,191,98855,191,99653,191,98852,191,99668,100,98842,100,99794,100,98808,100,99862,100,98743,100,99911,100,98560,100,99939,100,98390,100
2019-06-28 09:56:40.000000000,99018,328,98937,328,99025,328,98927,328,99124,100,98916,100,99229,100,98855,100,99653,100,98852,100,99668,100,98842,100,99794,100,98808,100,99862,100,98743,100,99911,100,98560,100,99939,100,98390,100
2019-06-28 09:56:43.301573927,99018,228,98937,328,99025,328,98927,328,99124,100,98916,100,99229,100,98855,100,99653,100,98852,100,99668,100,98842,100,99794,100,98808,100,99862,100,98743,100,99911,100,98560,100,99939,100,98390,100
2019-06-28 09:56:50.000000000,99025,214,98937,214,99124,214,98927,214,99229,214,98916,214,99653,214,98855,214,99668,100,98852,100,99794,100,98842,100,99862,100,98808,100,99911,100,98743,100,99939,100,98560,100,99977,100,98390,100
2019-06-28 09:56:54.175300815,99025,114,98937,214,99124,214,98927,114,99229,214,98916,214,99653,214,98855,214,99668,100,98852,100,99794,100,98842,100,99862,100,98808,100,99911,100,98743,100,99939,100,98560,100,99977,100,98390,100
2019-06-28 09:57:00.000000000,99124,191,98937,191,99229,191,98916,191,99653,191,98855,191,99668,191,98852,191,99794,191,98842,191,99862,100,98808,100,99911,100,98743,100,99939,100,98560,100,99977,100,98390,100,100003,200,98362,100
2019-06-28 09:57:10.000000000,99124,191,98937,191,99229,191,98916,191,99653,191,98855,191,99668,191,98852,191,99794,191,98842,191,99862,100,98808,100,99911,100,98743,100,99939,100,98560,100,99977,100,98390,100,100003,200,98362,100
2019-06-28 09:57:14.859118781,99124,191,98937,191,99229,191,98916,191,99633,100,98855,191,99653,191,98852,191,99668,191,98842,191,99794,191,98808,100,99862,100,98743,100,99911,100,98560,100,99939,100,98390,100,99977,100,98362,100
2019-06-28 09:57:20.000000000,99124,191,98937,191,99229,191,98916,191,99633,191,98855,191,99653,191,98852,191,99668,191,98842,191,99794,100,98808,100,99862,100,98743,100,99911,100,98560,100,99939,100,98390,100,99977,100,98362,100
2019-06-28 09:57:30.000000000,99124,556,98937,556,99229,100,98916,100,99633,100,98855,100,99653,100,98852,100,99668,100,98842,100,99794,100,98808,100,99862,100,98743,100,99911,100,98560,100,99939,100,98390,100,99977,100,98362,100
2019-06-28 09:57:40.000000000,99124,214,98937,214,99229,214,98916,214,99633,214,98855,214,99653,214,98852,214,99668,100,98842,100,99794,100,98808,100,99862,100,98743,100,99911,100,98560,100,99939,100,98390,100,99977,100,98362,100
2019-06-28 09:57:41.610949271,99124,214,99100,100,99229,214,98937,214,99633,214,98916,214,99653,214,98855,214,99668,100,98852,214,99794,100,98842,100,99862,100,98808,100,99911,100,98743,100,99939,100,98560,100,99977,100,98390,100
2019-06-28 09:57:50.000000000,99124,556,99100,556,99229,100,98937,100,99633,100,98916,100,99653,100,98855,100,99668,100,98852,100,99794,100,98842,100,99862,100,98808,100,99911,100,98743,100,99939,100,98560,100,99977,100,98390,100
2019-06-28 09:57:51.725482389,99124,456,99100,556,99229,100,98937,100,99633,100,98916,100,99653,100,98855,100,99668,100,98852,100,99794,100,98842,100,99862,100,98808,100,99911,100,98743,100,99939,100,98560,100,99977,100,98390,100
2019-06-28 09:58:00.000000000,99229,214,99100,214,99633,214,98937,214,99653,214,98916,214,99668,214,98855,214,99794,100,98852,100,99862,100,98842,100,99911,100,98808,100,99939,100,98743,100,99977,100,98560,100,100003,200,98390,100
2019-06-28 09:58:10.000000000,99229,255,99100,255,99633,250,98937,250,99653,250,98916,250,99668,100,98855,100,99794,100,98852,100,99862,100,98842,100,99911,100,98808,100,99939,100,98743,100,99977,100,98560,100,100003,200,98390,100
2019-06-28 09:58:20.000000000,99229,328,99100,328,99633,328,98937,328,99653,100,98916,100,99668,100,98855,100,99794,100,98852,100,99862,100,98842,100,99911,100,98808,100,99939,100,98743,100,99977,100,98560,100,100003,200,98390,100
2019-06-28 09:58:23.333449004,99229,328,99100,328,99633,328,98937,328,99653,100,98916,100,99668,100,98855,100,99794,100,98852,100,99862,100,98842,100,99911,100,98808,100,99977,100,98743,100,100003,200,98560,100,100004,100,98390,100
2019-06-28 09:58:30.000000000,99229,255,99100,255,99633,250,98937,250,99653,250,98916,250,99668,100,98855,100,99794,100,98852,100,99862,100,98842,100,99911,100,98808,100,99977,100,98743,100,100003,200,98560,100,100004,100,98390,100
2019-06-28 09:58:32.445236956,99229,255,99100,155,99633,250,98937,250,99653,250,98916,250,99668,100,98855,100,99794,100,98852,100,99862,100,98842,100,99911,100,98808,100,99977,100,98743,100,100003,200,98560,100,100004,100,98390,100
2019-06-28 09:58:40.000000000,99229,214,98937,214,99633,214,98916,214,99653,214,98855,214,99668,214,98852,214,99794,100,98842,100,99862,100,98808,100,99911,100,98743,100,99977,100,98560,100,100003,200,98390,100,100004,100,98362,100
2019-06-28 09:58:50.000000000,99229,255,98937,255,99633,250,98916,250,99653,250,98855,250,99668,100,98852,100,99794,100,98842,100,99862,100,98808,100,99911,100,98743,100,99977,100,98560,100,100003,200,98390,100,100004,100,98362,100
2019-06-28 09:59:00.000000000,99229,191,98937,191,99633,191,98916,191,99653,191,98855,191,99668,191,98852,191,99794,191,98842,191,99862,100,98808,100,99911,100,98743,100,99977,100,98560,100,100003,200,98390,100,100004,100,98362,100
2019-06-28 09:59:10.000000000,99229,191,98937,191,99633,191,98916,191,99653,191,98855,191,99668,191,98852,191,99794,191,98842,191,99862,100,98808,100,99911,100,98743,100,99977,100,98560,100,100003,200,98390,100,100004,100,98362,100
2019-06-28 09:59:20.000000000,99229,191,98937,191,99633,191,98916,191,99653,191,98855,191,99668,191,98852,191,99794,191,98842,191,99862,100,98808,100,99911,100,98743,100,99977,100,98560,100,100003,200,98390,100,100004,100,98362,100
2019-06-28 09:59:30.000000000,99229,191,98937,191,99633,191,98916,191,99653,191,98855,191,99668,191,98852,191,99794,191,98842,191,99862,100,98808,100,99911,100,98743,100,99977,100,98560,100,100003,200,98390,100,100004,100,98362,100
2019-06-28 09:59:34.383402164,99229,191,98937,191,99633,191,98916,191,99653,191,98855,191,99668,191,98852,191,99794,191,98842,191,99862,100,98808,100,99977,100,98743,100,100003,200,98560,100,100004,100,98390,100,100018,100,98362,100
2019-06-28 09:59:40.000000000,99229,255,98937,255,99633,250,98916,250,99653,250,98855,250,99668,100,98852,100,99794,100,98842,100,99862,100,98808,100,99977,100,98743,100,100003,200,98560,100,100004,100,98390,100,100018,100,98362,100
2019-06-28 09:59:43.135336518,99229,255,98937,155,99633,250,98916,250,99653,250,98855,250,99668,100,98852,100,99794,100,98842,100,99862,100,98808,100,99977,100,98743,100,100003,200,98560,100,100004,100,98390,100,100018,100,98362,100
2019-06-28 09:59:50.000000000,99229,214,98916,214,99633,214,98855,214,99653,214,98852,214,99668,214,98842,214,99794,100,98808,100,99862,100,98743,100,99977,100,98560,100,100003,200,98390,100,100004,100,98362,100,100018,100,98056,100
2019-06-28 10:00:00.000000000,99229,214,98916,214,99633,214,98855,214,99653,214,98852,214,99668,214,98842,214,99794,100,98808,100,99862,100,98743,100,99977,100,98560,100,100003,200,98390,100,100004,100,98362,100,100018,100,98056,100
2019-06-28 10:00:10.000000000,99229,328,98916,328,99633,328,98855,328,99653,100,98852,100,99668,100,98842,100,99794,100,98808,100,99862,100,98743,100,99977,100,98560,100,100003,200,98390,100,100004,100,98362,100,100018,100,98056,100
2019-06-28 10:00:20.000000000,99229,328,98916,328,99633,328,98855,328,99653,100,98852,100,99668,100,98842,100,99794,100,98808,100,99862,100,98743,100,99977,100,98560,100,100003,200,98390,100,100004,100,98362,100,100018,100,98056,100
2019-06-28 10:00:30.000000000,99229,214,98916,214,99633,214,98855,214,99653,214,98852,214,99668,214,98842,214,99794,100,98808,100,99862,100,98743,100,99977,100,98560,100,100003,200,98390,100,100004,100,98362,100,100018,100,98056,100
2019-06-28 10:00:33.302416252,99229,214,98916,114,99633,214,98855,214,99653,214,98852,214,99668,214,98842,214,99794,100,98808,100,99862,100,98743,100,99977,100,98560,100,100003,200,98390,100,100004,100,98362,100,100018,100,98056,100
2019-06-28 10:00:40.000000000,99229,328,98855,328,99633,328,98852,328,99653,100,98842,100,99668,100,98808,100,99794,100,98743,100,99862,100,98560,100,99977,100,98390,100,100003,200,98362,100,100004,100,98056,100,100018,100,,
2019-06-28 10:00:50.000000000,99229,255,98855,255,99633,250,98852,250,99653,250,98842,250,99668,100,98808,100,99794,100,98743,100,99862,100,98560,100,99977,100,98390,100,100003,200,98362,100,100004,100,98056,100,100018,100,,
2019-06-28 10:01:00.000000000,99229,556,98855,556,99633,100,98852,100,99653,100,98842,100,99668,100,98808,100,99794,100,98743,100,99862,100,98560,100,99977,100,98390,100,100003,200,98362,100,100004,100,98056,100,100018,100,,
2019-06-28 10:01:07.246558559,98937,100,98855,556,99229,556,98852,100,99633,100,98842,100,99653,100,98808,100,99668,100,98743,100,99794,100,98560,100,99862,100,98390,100,99977,100,98362,100,100003,200,98056,100,100004,100,,
2019-06-28 10:01:08.712934044,98937,100,98855,456,99229,556,98852,100,99633,100,98842,100,99668,100,98808,100,99794,100,98743,100,99862,100,98560,100,99977,100,98390,100,100003,200,98362,100,100004,100,98056,100,100018,100,,
2019-06-28 10:01:08.974221968,98937,100,98855,456,99229,556,98852,100,99633,100,98842,100,99668,100,98808,100,99794,100,98743,100,99862,100,98560,100,99977,100,98506,100,100003,200,98390,100,100004,100,98362,100,100018,100,98056,100
2019-06-28 10:01:10.000000000,98937,191,98852,191,99229,191,98842,191,99633,191,98808,191,99668,191,98743,191,99794,191,98560,191,99862,100,98506,100,99977,100,98390,100,100003,200,98362,100,100004,100,98056,100,100018,100,,
2019-06-28 10:01:20.000000000,98937,255,98852,255,99229,250,98842,250,99633,250,98808,250,99668,100,98743,100,99794,100,98560,100,99862,100,98506,100,99977,100,98390,100,100003,200,98362,100,100004,100,98056,100,100018,100,,
2019-06-28 10:01:30.000000000,98937,328,98852,328,99229,328,98842,328,99633,100,98808,100,99668,100,98743,100,99794,100,98560,100,99862,100,98506,100,99977,100,98390,100,100003,200,98362,100,100004,100,98056,100,100018,100,,
2019-06-28 10:01:35.143538725,98937,328,98852,328,99229,328,98842,328,99633,100,98808,100,99668,100,98743,100,99794,100,98560,100,99862,100,98506,100,99977,100,98390,100,100003,200,98362,100,100004,100,98205,100,100018,100,98056,100
2019-06-28 10:01:40.000000000,98937,191,98852,191,99229,191,98842,191,99633,191,98808,191,99668,191,98743,191,99794,191,98560,191,99862,100,98506,100,99977,100,98390,100,100003,200,98362,100,100004,100,98205,100,100018,100,98056,100
2019-06-28 10:01:50.000000000,98937,556,98852,556,99229,100,98842,100,99633,100,98808,100,99668,100,98743,100,99794,100,98560,100,99862,100,98506,100,99977,100,98390,100,100003,200,98362,100,100004,100,98205,100,100018,100,98056,100
2019-06-28 10:01:59.814687213,98937,556,98852,556,99229,100,98842,100,99633,100,98808,100,99668,100,98743,100,99794,100,98560,100,99862,100,98506,100,99977,100,98390,100,100003,200,98362,100,100004,100,98205,100,100018,100,98056,100
2019-06-28 10:02:00.000000000,98937,214,98852,214,99229,214,98842,214,99633,214,98808,214,99668,214,98743,214,99794,100,98560,100,99862,100,98506,100,99977,100,98390,100,100003,200,98362,100,100004,100,98205,100,100018,100,98056,100
2019-06-28 10:02:10.000000000,98937,255,98852,255,99229,250,98842,250,99633,250,98808,250,99668,100,98743,100,99794,100,98560,100,99862,100,98506,100,99977,100,98390,100,100003,200,98362,100,100004,100,98205,100,100018,100,98056,100
2019-06-28 10:02:20.000000000,98937,255,98852,255,99229,250,98842,250,99633,250,98808,250,99668,100,98743,100,99794,100,98560,100,99862,100,98506,100,99977,100,98390,100,100003,200,98362,100,100004,100,98205,100,100018,100,98056,100
2019-06-28 10:02:30.000000000,98937,328,98852,328,99229,328,98842,328,99633,100,98808,100,99668,100,98743,100,99794,100,98560,100,99862,100,98506,100,99977,100,98390,100,100003,200,98362,100,100004,100,98205,100,100018,100,98056,100
2019-06-28 10:02:40.000000000,98937,556,98852,556,99229,100,98842,100,99633,100,98808,100,99668,100,98743,100,99794,100,98560,100,99862,100,98506,100,99977,100,98390,100,100003,200,98362,100,100004,100,98205,100,100018,100,98056,100
2019-06-28 10:02:41.018591232,98937,556,98852,456,99229,100,98842,100,99633,100,98808,100,99668,100,98743,100,99794,100,98560,100,99862,100,98506,100,99977,100,98390,100,100003,200,98362,100,100004,100,98205,100,100018,100,98056,100
2019-06-28 10:02:50.000000000,98937,255,98842,255,99229,250,98808,250,99633,250,98743,250,99668,100,98560,100,99794,100,98506,100,99862,100,98390,100,99977,100,98362,100,100003,200,98205,100,100004,100,98056,100,100018,100,97979,100
2019-06-28 10:02:56.174670011,98937,255,98842,255,99229,250,98808,250,99633,250,98743,250,99668,100,98560,100,99794,100,98506,100,99862,100,98390,100,99977,100,98362,100,100003,200,98205,100,100018,100,98056,100,100056,100,97979,100
2019-06-28 10:03:00.000000000,98937,191,98842,191,99229,191,98808,191,99633,191,98743,191,99668,191,98560,191,99794,191,98506,191,99862,100,98390,100,99977,100,98362,100,100003,200,98205,100,100018,100,98056,100,100056,100,97979,100
2019-06-28 10:03:02.188453422,98937,191,98842,91,99229,191,98808,191,99633,191,98743,191,99668,191,98560,191,99794,191,98506,191,99862,100,98390,100,99977,100,98362,100,100003,200,98205,100,100018,100,98056,100,100056,100,97979,100
2019-06-28 10:03:06.189872289,98937,191,98842,91,99229,191,98808,191,99633,191,98743,191,99668,191,98560,191,99794,191,98506,191,99862,100,98390,100,99977,100,98362,100,100003,100,98205,100,100018,100,98056,100,100056,100,97979,100
2019-06-28 10:03:10.000000000,98937,191,98808,191,99229,191,98743,191,99633,191,98560,191,99668,191,98506,191,99794,191,98390,191,99862,100,98362,100,99977,100,98205,100,100003,100,98056,100,100018,100,97979,100,100056,100,,
2019-06-28 10:03:19.921155596,98937,191,98808,191,99229,191,98743,191,99633,191,98560,191,99668,191,98511,100,99794,191,98506,191,99862,100,98390,191,99977,100,98362,100,100003,100,98205,100,100018,100,98056,100,100056,100,97979,100
2019-06-28 10:03:20.000000000,98937,191,98808,191,99229,191,98743,191,99633,191,98560,191,99668,191,98511,191,99794,191,98506,191,99862,100,98390,100,99977,100,98362,100,100003,100,98205,100,100018,100,98056,100,100056,100,97979,100
2019-06-28 10:03:22.090301880,98852,100,98808,191,98937,191,98743,191,99229,191,98560,191,99633,191,98511,191,99668,191,98506,191,99794,191,98390,100,99862,100,98362,100,99977,100,98205,100,100018,100,98056,100,100056,100,97979,100
2019-06-28 10:03:30.000000000,98852,255,98808,255,98937,250,98743,250,99229,250,98560,250,99633,100,98511,100,99668,100,98506,100,99794,100,98390,100,99862,100,98362,100,99977,100,98205,100,100018,100,98056,100,100056,100,97979,100
2019-06-28 10:03:40.000000000,98852,214,98808,214,98937,214,98743,214,99229,214,98560,214,99633,214,98511,214,99668,100,98506,100,99794,100,98390,100,99862,100,98362,100,99977,100,98205,100,100018,100,98056,100,100056,100,97979,100
2019-06-28 10:03:50.000000000,98852,191,98808,191,98937,191,98743,191,99229,191,98560,191,99633,191,98511,191,99668,191,98506,191,99794,100,98390,100,99862,100,98362,100,99977,100,98205,100,100018,100,98056,100,100056,100,97979,100
2019-06-28 10:04:00.000000000,98852,556,98808,556,98937,100,98743,100,99229,100,98560,100,99633,100,98511,100,99668,100,98506,100,99794,100,98390,100,99862,100,98362,100,99977,100,98205,100,100018,100,98056,100,100056,100,97979,100
2019-06-28 10:04:10.000000000,98852,255,98808,255,98937,250,98743,250,99229,250,98560,250,99633,100,98511,100,99668,100,98506,100,99794,100,98390,100,99862,100,98362,100,99977,100,98205,100,100018,100,98056,100,100056,100,97979,100
2019-06-28 10:04:20.000000000,98852,214,98808,214,98937,214,98743,214,99229,214,98560,214,99633,214,98511,214,99668,100,98506,100,99794,100,98390,100,99862,100,98362,100,99977,100,98205,100,100018,100,98056,100,100056,100,97979,100
2019-06-28 10:04:30.000000000,98852,556,98808,556,98937,100,98743,100,99229,100,98560,100,99633,100,98511,100,99668,100,98506,100,99794,100,98390,100,99862,100,98362,100,99977,100,98205,100,100018,100,98056,100,100056,100,97979,100
2019-06-28 10:04:40.000000000,98852,255,98808,255,98937,250,98743,250,99229,250,98560,250,99633,100,98511,100,99668,100,98506,100,99794,100,98390,100,99862,100,98362,100,99977,100,98205,100,100018,100,98056,100,100056,100,97979,100
2019-06-28 10:04:42.857597378,98852,255,98808,155,98937,250,98743,250,99229,250,98560,250,99633,100,98511,100,99668,100,98506,100,99794,100,98390,100,99862,100,98362,100,99977,100,98205,100,100018,100,98056,100,100056,100,97979,100
2019-06-28 10:04:44.381409579,98852,255,98808,55,98937,250,98743,250,99229,250,98560,250,99668,100,98511,100,99794,100,98506,100,99862,100,98390,100,99977,100,98362,100,100018,100,98205,100,100056,100,98056,100,100204,100,97979,100
2019-06-28 10:04:50.000000000,98852,556,98743,556,98937,100,98560,100,99229,100,98511,100,99668,100,98506,100,99794,100,98390,100,99862,100,98362,100,99977,100,98205,100,100018,100,98056,100,100056,100,97979,100,100204,100,,
2019-06-28 10:04:50.587476028,98852,556,98743,456,98937,100,98560,100,99229,100,98511,100,99668,100,98506,100,99794,100,98390,100,99862,100,98362,100,99977,100,98205,100,100018,100,98056,100,100056,100,97979,100,100204,100,,
2019-06-28 10:05:00.000000000,98852,556,98560,556,98937,100,98511,100,99229,100,98506,100,99668,100,98390,100,99794,100,98362,100,99862,100,98205,100,99977,100,98056,100,100018,100,97979,100,100056,100,,,100204,100,,
2019-06-28 10:05:10.000000000,98852,214,98560,214,98937,214,98511,214,99229,214,98506,214,99668,214,98390,214,99794,100,98362,100,99862,100,98205,100,99977,100,98056,100,100018,100,97979,100,100056,100,,,100204,100,,
2019-06-28 10:05:11.667302625,98704,100,98560,214,98852,214,98511,214,98937,214,98506,214,99229,214,98390,214,99668,214,98362,100,99794,100,98205,100,99862,100,98056,100,99977,100,97979,100,100018,100,,,100056,100,,
2019-06-28 10:05:15.623200593,98704,100,98560,214,98742,100,98511,214,98852,214,98506,214,98937,214,98390,214,99229,214,98362,100,99668,214,98205,100,99794,100,98056,100,99862,100,97979,100,99977,100,,,100018,100,,
2019-06-28 10:05:20.000000000,98704,255,98560,255,98742,250,98511,250,98852,250,98506,250,98937,100,98390,100,99229,100,98362,100,99668,100,98205,100,99794,100,98056,100,99862,100,97979,100,99977,100,,,100018,100,,
2019-06-28 10:05:20.807351939,98704,255,98560,255,98742,250,98511,250,98808,100,98506,250,98852,250,98390,100,98937,100,98362,100,99229,100,98205,100,99668,100,98056,100,99794,100,97979,100,99862,100,,,99977,100,,
2019-06-28 10:05:23.961101274,98704,255,98560,255,98742,250,98511,250,98808,100,98506,250,98852,250,98409,100,98937,100,98390,100,99229,100,98362,100,99668,100,98205,100,99794,100,98056,100,99862,100,,,99977,100,,
2019-06-28 10:05:28.344025974,98704,255,98560,255,98742,250,98511,250,98760,100,98506,250,98808,100,98409,100,98852,250,98390,100,98937,100,98362,100,99229,100,98205,100,99668,100,98056,100,99794,100,,,99862,100,,
2019-06-28 10:05:30.000000000,98704,556,98560,556,98742,100,98511,100,98760,100,98506,100,98808,100,98409,100,98852,100,98390,100,98937,100,98362,100,99229,100,98205,100,99668,100,98056,100,99794,100,,,99862,100,,
2019-06-28 10:05:38.132606601,98704,556,98572,100,98742,100,98560,556,98760,100,98511,100,98808,100,98506,100,98852,100,98409,100,98937,100,98390,100,99229,100,98362,100,99668,100,98205,100,99794,100,98056,100,99862,100,,
2019-06-28 10:05:40.000000000,98704,556,98572,556,98742,100,98560,100,98760,100,98511,100,98808,100,98506,100,98852,100,98409,100,98937,100,98390,100,99229,100,98362,100,99668,100,98205,100,99794,100,98056,100,99862,100,,
2019-06-28 10:05:50.000000000,98704,214,98572,214,98742,214,98560,214,98760,214,98511,214,98808,214,98506,214,98852,100,98409,100,98937,100,98390,100,99229,100,98362,100,99668,100,98205,100,99794,100,98056,100,99862,100,,
2019-06-28 10:06:00.000000000,98704,328,98572,328,98742,328,98560,328,98760,100,98511,100,98808,100,98506,100,98852,100,98409,100,98937,100,98390,100,99229,100,98362,100,99668,100,98205,100,99794,100,98056,100,99862,100,,
2019-06-28 10:06:06.695457506,98704,328,98623,100,98742,328,98572,328,98760,100,98560,328,98808,100,98511,100,98852,100,98506,100,98937,100,98409,100,99229,100,98390,100,99668,100,98362,100,99794,100,98205,100,99862,100,98056,100
2019-06-28 10:06:10.000000000,98704,255,98623,255,98742,250,98572,250,98760,250,98560,250,98808,100,98511,100,98852,100,98506,100,98937,100,98409,100,99229,100,98390,100,99668,100,98362,100,99794,100,98205,100,99862,100,98056,100
2019-06-28 10:06:20.000000000,98704,255,98623,255,98742,250,98572,250,98760,250,98560,250,98808,100,98511,100,98852,100,98506,100,98937,100,98409,100,99229,100,98390,100,99668,100,98362,100,99794,100,98205,100,99862,100,98056,100
2019-06-28 10:06:23.510937058,98704,155,98685,100,98742,250,98623,255,98760,250,98572,250,98808,100,98560,250,98852,100,98511,100,98937,100,98506,100,99229,100,98409,100,99668,100,98390,100,99794,100,98362,100,99862,100,98205,100
2019-06-28 10:06:30.000000000,98742,214,98685,214,98760,214,98623,214,98808,214,98572,214,98852,214,98560,214,98937,100,98511,100,99229,100,98506,100,99668,100,98409,100,99794,100,98390,100,99862,100,98362,100,99977,100,98205,100
2019-06-28 10:06:32.703401501,98742,214,98685,114,98760,214,98623,214,98808,214,98572,214,98852,214,98560,214,98937,100,98511,100,99229,100,98506,100,99668,100,98409,100,99794,100,98390,100,99862,100,98362,100,99977,100,98205,100
2019-06-28 10:06:40.000000000,98742,191,98623,191,98760,191,98572,191,98808,191,98560,191,98852,191,98511,191,98937,191,98506,191,99229,100,98409,100,99668,100,98390,100,99794,100,98362,100,99862,100,98205,100,99977,100,98056,100
2019-06-28 10:06:40.362170743,98703,100,98623,191,98742,191,98572,191,98760,191,98560,191,98808,191,98511,191,98852,191,98506,191,98937,191,98409,100,99229,100,98390,100,99668,100,98362,100,99794,100,98205,100,99862,100,98056,100
2019-06-28 10:06:50.000000000,98703,328,98623,328,98742,328,98572,328,98760,100,98560,100,98808,100,98511,100,98852,100,98506,100,98937,100,98409,100,99229,100,98390,100,99668,100,98362,100,99794,100,98205,100,99862,100,98056,100
2019-06-28 10:06:53.097299044,98703,228,98623,328,98742,328,98572,328,98760,100,98560,100,98808,100,98511,100,98852,100,98506,100,98937,100,98409,100,99229,100,98390,100,99668,100,98362,100,99794,100,98205,100,99862,100,98056,100
2019-06-28 10:07:00.000000000,98742,191,98623,191,98760,191,98572,191,98808,191,98560,191,98852,191,98511,191,98937,191,98506,191,99229,100,98409,100,99668,100,98390,100,99794,100,98362,100,99862,100,98205,100,99977,100,98056,100
2019-06-28 10:07:03.607974507,98742,91,98623,191,98760,191,98572,191,98808,191,98560,191,98852,191,98511,191,98937,191,98506,191,99229,100,98409,100,99668,100,98390,100,99794,100,98362,100,99862,100,98205,100,99977,100,98056,100
2019-06-28 10:07:10.000000000,98760,556,98623,556,98808,100,98572,100,98852,100,98560,100,98937,100,98511,100,99229,100,98506,100,99668,100,98409,100,99794,100,98390,100,99862,100,98362,100,99977,100,98205,100,100018,100,98056,100
2019-06-28 10:07:20.000000000,98760,328,98623,328,98808,328,98572,328,98852,100,98560,100,98937,100,98511,100,99229,100,98506,100,99668,100,98409,100,99794,100,98390,100,99862,100,98362,100,99977,100,98205,100,100018,100,98056,100
2019-06-28 10:07:26.511954174,98760,228,98623,328,98808,328,98572,328,98852,100,98560,100,98937,100,98511,100,99229,100,98506,100,99668,100,98409,100,99794,100,98390,100,99862,100,98362,100,99977,100,98205,100,100018,100,98056,100
2019-06-28 10:07:30.000000000,98808,191,98623,191,98852,191,98572,191,98937,191,98560,191,99229,191,98511,191,99668,191,98506,191,99794,100,98409,100,99862,100,98390,100,99977,100,98362,100,100018,100,98205,100,100056,100,98056,100
2019-06-28 10:07:33.984432480,98808,191,98623,191,98852,191,98572,191,98937,191,98560,191,98989,100,98511,191,99229,191,98506,191,99668,191,98409,100,99794,100,98390,100,99862,100,98362,100,99977,100,98205,100,100018,100,98056,100
2019-06-28 10:07:40.000000000,98808,556,98623,556,98852,100,98572,100,98937,100,98560,100,98989,100,98511,100,99229,100,98506,100,99668,100,98409,100,99794,100,98390,100,99862,100,98362,100,99977,100,98205,100,100018,100,98056,100
2019-06-28 10:07:46.758820138,98808,456,98623,556,98852,100,98572,100,98937,100,98560,100,98989,100,98511,100,99229,100,98506,100,99668,100,98390,100,99794,100,98362,100,99862,100,98205,100,99977,100,98056,100,100018,100,,
2019-06-28 10:07:50.000000000,98852,255,98623,255,98937,250,98572,250,98989,250,98560,250,99229,100,98511,100,99668,100,98506,100,99794,100,98390,100,99862,100,98362,100,99977,100,98205,100,100018,100,98056,100,100056,100,,
2019-06-28 10:08:00.000000000,98852,255,98623,255,98937,250,98572,250,98989,250,98560,250,99229,100,98511,100,99668,100,98506,100,99794,100,98390,100,99862,100,98362,100,99977,100,98205,100,100018,100,98056,100,100056,100,,
