,ask_price_1,ask_size_1,bid_price_1,bid_size_1,ask_price_2,ask_size_2,bid_price_2,bid_size_2,ask_price_3,ask_size_3,bid_price_3,bid_size_3,ask_price_4,ask_size_4,bid_price_4,bid_size_4,ask_price_5,ask_size_5,bid_price_5,bid_size_5,ask_price_6,ask_size_6,bid_price_6,bid_size_6,ask_price_7,ask_size_7,bid_price_7,bid_size_7,ask_price_8,ask_size_8,bid_price_8,bid_size_8,ask_price_9,ask_size_9,bid_price_9,bid_size_9,ask_price_10,ask_size_10,bid_price_10,bid_size_10
2019-06-28 09:30:00.000000000,100020,100,100008,100,,,,,,,,,,,,,,,,,,,,,,,,,,,,,,,,,,,,
2019-06-28 09:30:00.000000001,100020,100,100008,100,100236,100,,,,,,,,,,,,,,,,,,,,,,,,,,,,,,,,,,
2019-06-28 09:30:00.000000007,100020,100,100008,100,100236,100,99956,100,,,99951,100,,,,,,,,,,,,,,,,,,,,,,,,,,,,
2019-06-28 09:30:00.000000009,100020,100,100008,100,100050,100,99956,100,100236,100,99951,100,,,,,,,,,,,,,,,,,,,,,,,,,,,,
2019-06-28 09:30:00.000000010,100020,100,100008,100,100030,100,99999,100,100050,100,99956,100,100133,100,99951,100,100236,100,,,,,,,,,,,,,,,,,,,,,,
2019-06-28 09:30:00.000000012,100020,100,100008,100,100030,100,99999,100,100050,100,99956,100,100133,100,99951,100,100236,100,99917,100,,,,,,,,,,,,,,,,,,,,
2019-06-28 09:30:00.000000014,100020,100,100008,100,100030,100,99999,100,100050,100,99956,100,100117,100,99951,100,100133,100,99917,100,100236,100,,,,,,,,,,,,,,,,,,
2019-06-28 09:30:00.000000016,100020,100,100008,100,100030,100,99999,100,100050,100,99956,100,100100,100,99951,100,100117,100,99917,100,100133,100,,,100236,100,,,,,,,,,,,,,,
2019-06-28 09:30:00.000000019,100020,100,99999,100,100030,100,99956,100,100050,100,99951,100,100100,100,99917,100,100117,100,,,100133,100,,,100236,100,,,,,,,,,,,,,,
2019-06-28 09:30:00.000000020,100020,100,99956,100,100030,100,99951,100,100050,100,99917,100,100100,100,,,100117,100,,,100133,100,,,100236,100,,,,,,,,,,,,,,
2019-06-28 09:30:00.000000021,100020,100,99972,100,100030,100,99956,100,100050,100,99951,100,100100,100,99917,100,100117,100,,,100133,100,,,100236,100,,,,,,,,,,,,,,
2019-06-28 09:30:00.000000024,100020,100,99972,100,100030,100,99956,100,100036,100,99951,100,100037,100,99917,100,100050,100,,,100100,100,,,100117,100,,,100133,100,,,100236,100,,,,,,
2019-06-28 09:30:00.000000027,100020,100,99972,100,100030,100,99956,100,100036,100,99951,100,100037,100,99920,100,100050,100,99917,100,100100,100,,,100117,100,,,100133,100,,,100236,100,,,,,,
2019-06-28 09:30:00.000000029,100020,100,99999,100,100030,100,99972,100,100036,100,99956,100,100037,100,99951,100,100050,100,99920,100,100069,100,99917,100,100100,100,,,100117,100,,,100133,100,,,100236,100,,
2019-06-28 09:30:00.000000031,100020,100,99999,100,100026,100,99972,100,100030,100,99956,100,100036,100,99951,100,100037,100,99920,100,100050,100,99917,100,100069,100,,,100100,100,,,100117,100,,,100133,100,,
2019-06-28 09:30:00.000000032,100020,100,99999,100,100026,100,99972,100,100030,100,99956,100,100031,100,99951,100,100036,100,99920,100,100037,100,99917,100,100050,100,,,100069,100,,,100100,100,,,100117,100,,
2019-06-28 09:30:00.000000035,100020,100,99999,100,100026,100,99972,100,100030,100,99956,100,100031,100,99951,100,100036,100,99936,100,100037,100,99920,100,100050,100,99917,100,100069,100,,,100100,100,,,100117,100,,
2019-06-28 09:30:00.000000036,100020,100,99999,100,100026,100,99972,100,100030,100,99956,100,100031,100,99951,100,100036,100,99936,100,100037,100,99920,100,100050,100,99917,100,100069,100,99837,100,100100,100,,,100117,100,,
2019-06-28 09:30:00.000000039,100020,100,99999,100,100026,100,99972,100,100030,100,99956,100,100031,100,99951,100,100036,100,99936,100,100037,100,99920,100,100050,100,99917,100,100069,100,99837,100,100078,100,,,100100,100,,
2019-06-28 09:30:00.000000045,100011,100,99999,100,100020,100,99972,100,100026,100,99956,100,100030,100,99951,100,100031,100,99936,100,100036,100,99920,100,100037,100,99917,100,100050,100,99837,100,100069,100,,,100078,100,,
2019-06-28 09:30:00.000000049,100008,100,99999,100,100011,100,99972,100,100020,100,99956,100,100026,100,99951,100,100030,100,99936,100,100031,100,99920,100,100036,100,99917,100,100037,100,99837,100,100050,100,,,100069,100,,
2019-06-28 09:30:00.000000052,100008,100,99999,100,100011,100,99972,100,100020,100,99968,100,100026,100,99956,100,100030,100,99953,100,100031,100,99951,100,100036,100,99936,100,100037,100,99920,100,100050,100,99917,100,100069,100,99837,100
2019-06-28 09:30:00.000000053,100008,100,99999,100,100011,100,99972,100,100020,100,99968,100,100026,100,99956,100,100030,100,99953,100,100031,100,99951,100,100036,100,99936,100,100037,100,99920,100,100050,100,99917,100,100069,100,99915,100
2019-06-28 09:30:00.000000055,100008,100,99994,100,100011,100,99972,100,100020,100,99968,100,100026,100,99956,100,100030,100,99953,100,100031,100,99951,100,100036,100,99936,100,100037,100,99920,100,100050,100,99917,100,100069,100,99915,100
2019-06-28 09:30:00.000000058,100008,100,99994,100,100011,100,99972,100,100020,100,99968,100,100026,100,99956,100,100030,100,99953,100,100031,100,99951,100,100036,100,99936,100,100037,100,99920,100,100050,100,99917,100,100069,100,99915,200
2019-06-28 09:30:00.000000060,100008,100,99994,100,100011,100,99972,100,100020,100,99968,100,100026,100,99956,100,100030,100,99953,100,100031,100,99951,100,100036,100,99936,100,100037,100,99920,100,100050,100,99917,100,100069,100,99915,200
2019-06-28 09:30:00.000000062,100008,100,99994,100,100011,100,99972,100,100020,100,99968,100,100026,100,99956,100,100030,100,99953,100,100031,100,99951,100,100036,100,99936,100,100037,100,99920,100,100050,100,99917,100,100069,100,99915,200
2019-06-28 09:30:00.000000063,100008,100,99994,100,100011,100,99972,100,100020,100,99968,100,100026,100,99956,100,100030,100,99953,100,100031,100,99951,100,100036,100,99936,100,100037,100,99920,100,100050,100,99917,100,100055,100,99915,200
2019-06-28 09:30:00.000000065,100008,100,99994,100,100011,100,99972,100,100020,100,99968,100,100026,100,99956,100,100030,100,99953,100,100031,100,99951,100,100036,100,99936,100,100037,100,99920,100,100038,100,99917,100,100050,100,99915,200
2019-06-28 09:30:00.000000066,100008,100,99972,100,100011,100,99968,100,100020,100,99956,100,100026,100,99953,100,100030,100,99951,100,100031,100,99936,100,100036,100,99920,100,100037,100,99917,100,100038,100,99915,200,100050,100,99884,100
2019-06-28 09:30:00.000000067,100008,100,99994,100,100011,100,99972,100,100020,100,99968,100,100026,100,99956,100,100030,100,99953,100,100031,100,99951,100,100036,100,99936,100,100037,100,99920,100,100038,100,99917,100,100050,100,99915,200
2019-06-28 09:30:00.000000070,100008,100,99994,100,100011,100,99972,100,100020,100,99968,100,100026,100,99956,100,100030,100,99953,100,100031,100,99951,100,100036,100,99936,100,100037,100,99920,100,100038,100,99917,100,100050,100,99915,200
2019-06-28 09:30:00.000000071,100008,100,99972,100,100011,100,99968,100,100020,100,99956,100,100026,100,99953,100,100030,100,99951,100,100031,100,99936,100,100036,100,99920,100,100037,100,99917,100,100038,100,99915,200,100050,100,99884,100
2019-06-28 09:30:00.000000074,100006,100,99972,100,100008,100,99968,100,100011,100,99956,100,100020,100,99953,100,100026,100,99951,100,100030,100,99936,100,100031,100,99920,100,100036,100,99917,100,100037,100,99915,200,100038,100,99884,100
2019-06-28 09:30:00.000000075,100006,100,99972,100,100008,100,99968,100,100011,100,99956,100,100020,100,99953,100,100026,100,99951,100,100027,100,99936,100,100030,100,99920,100,100031,100,99917,100,100036,100,99915,200,100037,100,99884,100
2019-06-28 09:30:00.000000078,100006,100,99972,100,100008,100,99968,100,100011,100,99956,100,100020,100,99953,100,100026,100,99951,100,100027,100,99936,100,100030,100,99920,100,100031,100,99917,100,100036,100,99915,200,100037,100,99884,100
2019-06-28 09:30:00.000000079,100006,100,99972,100,100008,100,99968,100,100011,100,99956,100,100020,100,99953,100,100026,100,99951,100,100027,200,99936,100,100030,100,99920,100,100031,100,99917,100,100036,100,99915,200,100037,100,99884,100
2019-06-28 09:30:00.000000080,100006,100,99972,100,100008,100,99968,100,100011,100,99956,100,100020,100,99953,100,100026,100,99951,100,100027,200,99936,100,100030,100,99920,100,100031,100,99917,100,100036,100,99915,200,100037,100,99884,100
2019-06-28 09:30:00.000000082,100006,100,99972,100,100008,100,99968,100,100011,100,99956,100,100020,100,99953,100,100026,100,99951,100,100027,200,99936,100,100028,100,99920,100,100030,100,99917,100,100031,100,99915,200,100036,100,99884,100
2019-06-28 09:30:00.000000083,100006,100,99994,100,100008,100,99972,100,100011,100,99968,100,100020,100,99956,100,100026,100,99953,100,100027,200,99951,100,100028,100,99936,100,100030,100,99920,100,100031,100,99917,100,100036,100,99915,200
2019-06-28 09:30:00.000000084,100006,100,99994,100,100008,100,99972,100,100011,100,99968,100,100020,100,99956,100,100026,100,99953,100,100027,200,99951,100,100028,100,99936,100,100030,100,99920,100,100031,100,99917,100,100036,100,99915,200
2019-06-28 09:30:00.000000090,100006,100,99994,100,100008,100,99973,100,100011,100,99972,100,100020,100,99968,100,100026,100,99956,100,100027,200,99953,100,100028,100,99951,100,100030,100,99936,100,100031,100,99920,100,100036,100,99917,100
2019-06-28 09:30:00.000000091,100006,100,99994,100,100008,100,99973,100,100011,100,99972,100,100020,100,99968,100,100026,100,99956,100,100027,200,99953,100,100028,100,99951,100,100030,100,99947,100,100031,100,99936,100,100036,100,99920,100
2019-06-28 09:30:00.000000095,100006,100,99994,100,100008,100,99973,100,100011,100,99972,100,100020,100,99968,100,100026,100,99956,100,100027,200,99953,100,100028,100,99951,100,100030,100,99947,100,100031,100,99936,100,100036,100,99920,100
2019-06-28 09:30:00.000000097,100006,100,99994,100,100008,100,99973,100,100011,100,99972,100,100020,100,99968,100,100026,100,99956,100,100027,200,99953,100,100028,100,99951,100,100030,100,99947,100,100031,200,99936,100,100036,100,99920,100
2019-06-28 09:30:00.000000098,100006,100,99994,100,100008,100,99973,100,100011,100,99972,100,100020,100,99968,100,100026,100,99956,100,100027,200,99953,100,100028,100,99951,100,100030,100,99947,100,100031,200,99938,100,100036,100,99936,100
2019-06-28 09:30:00.000000099,100006,100,99994,100,100008,100,99973,100,100011,100,99972,100,100020,100,99968,100,100026,100,99956,100,100027,200,99953,100,100028,100,99951,100,100030,100,99947,100,100031,200,99938,100,100036,100,99936,100
2019-06-28 09:30:10.000000000,100006,270,99994,270,100008,270,99973,270,100011,100,99972,100,100020,100,99968,100,100026,100,99956,100,100027,200,99953,100,100028,100,99951,100,100030,100,99947,100,100031,200,99938,100,100036,100,99936,100
2019-06-28 09:30:20.000000000,100006,216,99994,216,100008,212,99973,212,100011,212,99972,212,100020,100,99968,100,100026,100,99956,100,100027,200,99953,100,100028,100,99951,100,100030,100,99947,100,100031,200,99938,100,100036,100,99936,100
2019-06-28 09:30:22.269469138,100006,216,99994,216,100008,212,99973,212,100011,212,99972,212,100020,100,99968,100,100026,100,99956,100,100027,100,99953,100,100028,100,99951,100,100030,100,99947,100,100031,200,99938,100,100036,100,99936,100
2019-06-28 09:30:30.000000000,100006,440,99994,440,100008,100,99973,100,100011,100,99972,100,100020,100,99968,100,100026,100,99956,100,100027,100,99953,100,100028,100,99951,100,100030,100,99947,100,100031,200,99938,100,100036,100,99936,100
2019-06-28 09:30:40.000000000,100006,216,99994,216,100008,212,99973,212,100011,212,99972,212,100020,100,99968,100,100026,100,99956,100,100027,100,99953,100,100028,100,99951,100,100030,100,99947,100,100031,200,99938,100,100036,100,99936,100
2019-06-28 09:30:50.000000000,100006,185,99994,185,100008,185,99973,185,100011,185,99972,185,100020,185,99968,185,100026,100,99956,100,100027,100,99953,100,100028,100,99951,100,100030,100,99947,100,100031,200,99938,100,100036,100,99936,100
2019-06-28 09:31:00.000000000,100006,270,99994,270,100008,270,99973,270,100011,100,99972,100,100020,100,99968,100,100026,100,99956,100,100027,100,99953,100,100028,100,99951,100,100030,100,99947,100,100031,200,99938,100,100036,100,99936,100
2019-06-28 09:31:06.808918832,100006,270,99994,170,100008,270,99973,270,100011,100,99972,100,100020,100,99968,100,100026,100,99956,100,100027,100,99953,100,100028,100,99951,100,100030,100,99947,100,100031,200,99938,100,100036,100,99936,100
2019-06-28 09:31:10.000000000,100006,168,99973,168,100008,168,99972,168,100011,168,99968,168,100020,168,99956,168,100026,168,99953,168,100027,100,99951,100,100028,100,99947,100,100030,100,99938,100,100031,200,99936,100,100036,100,99920,100
2019-06-28 09:31:10.095833950,100006,168,99973,68,100008,168,99972,168,100011,168,99968,168,100020,168,99956,168,100026,168,99953,168,100027,100,99951,100,100028,100,99947,100,100030,100,99938,100,100031,100,99936,100,100036,100,99920,100
2019-06-28 09:31:18.057781046,99996,100,99973,68,100006,168,99972,168,100008,168,99968,168,100011,168,99956,168,100020,168,99953,168,100026,168,99951,100,100027,100,99947,100,100028,100,99938,100,100030,100,99936,100,100031,100,99920,100
2019-06-28 09:31:19.341349606,99996,100,99973,68,100006,168,99972,168,100008,168,99968,168,100011,168,99956,168,100020,168,99953,168,100026,168,99951,100,100027,100,99947,100,100028,100,99938,100,100030,100,99936,100,100031,100,99920,100
2019-06-28 09:31:20.000000000,99996,185,99972,185,100006,185,99968,185,100008,185,99956,185,100011,185,99953,185,100020,100,99951,100,100026,100,99947,100,100027,100,99938,100,100028,100,99936,100,100030,100,99920,100,100031,100,99917,100
2019-06-28 09:31:26.211514309,99996,185,99995,100,100006,185,99972,185,100008,185,99968,185,100011,185,99956,185,100020,100,99953,185,100026,100,99951,100,100027,100,99947,100,100028,100,99938,100,100030,100,99936,100,100031,100,99920,100
2019-06-28 09:31:30.000000000,99996,270,99995,270,100006,270,99972,270,100008,100,99968,100,100011,100,99956,100,100020,100,99953,100,100026,100,99951,100,100027,100,99947,100,100028,100,99938,100,100030,100,99936,100,100031,100,99920,100
2019-06-28 09:31:31.759393612,99996,270,99995,270,100006,270,99972,270,100008,100,99968,100,100011,100,99956,100,100020,100,99953,100,100026,100,99951,100,100027,100,99947,100,100028,100,99938,100,100030,100,99936,100,100031,100,99920,100
2019-06-28 09:31:33.874129540,99996,270,99995,370,100006,270,99972,270,100008,100,99968,100,100011,100,99956,100,100020,100,99953,100,100026,100,99951,100,100027,100,99947,100,100028,100,99938,100,100030,100,99936,100,100031,100,99920,100
2019-06-28 09:31:40.000000000,99996,168,99995,268,100006,168,99972,168,100008,168,99968,168,100011,168,99956,168,100020,168,99953,168,100026,100,99951,100,100027,100,99947,100,100028,100,99938,100,100030,100,99936,100,100031,100,99920,100
2019-06-28 09:31:50.000000000,99996,168,99995,268,100006,168,99972,168,100008,168,99968,168,100011,168,99956,168,100020,168,99953,168,100026,100,99951,100,100027,100,99947,100,100028,100,99938,100,100030,100,99936,100,100031,100,99920,100
2019-06-28 09:31:50.850504741,99996,168,99995,268,100006,168,99972,168,100008,168,99968,168,100011,168,99956,168,100020,168,99953,168,100026,100,99951,100,100027,100,99947,100,100028,100,99938,100,100030,100,99936,100,100031,100,99920,100
2019-06-28 09:32:00.000000000,99996,185,99995,285,100006,185,99972,185,100008,185,99968,185,100011,185,99956,185,100020,100,99953,100,100026,100,99951,100,100027,100,99947,100,100028,100,99938,100,100030,100,99936,100,100031,100,99920,100
2019-06-28 09:32:10.000000000,99996,440,99995,540,100006,100,99972,100,100008,100,99968,100,100011,100,99956,100,100020,100,99953,100,100026,100,99951,100,100027,100,99947,100,100028,100,99938,100,100030,100,99936,100,100031,100,99920,100
2019-06-28 09:32:13.795453148,99996,440,99995,640,100006,100,99972,100,100008,100,99968,100,100011,100,99956,100,100020,100,99953,100,100026,100,99951,100,100027,100,99947,100,100028,100,99938,100,100030,100,99936,100,100031,100,99920,100
2019-06-28 09:32:17.705707003,99996,340,99995,640,100006,100,99972,100,100008,100,99968,100,100011,100,99956,100,100020,100,99953,100,100026,100,99951,100,100027,100,99947,100,100028,100,99938,100,100030,100,99936,100,100031,100,99920,100
2019-06-28 09:32:20.000000000,100006,440,99995,640,100008,100,99972,100,100011,100,99968,100,100020,100,99956,100,100026,100,99953,100,100027,100,99951,100,100028,100,99947,100,100030,100,99938,100,100031,100,99936,100,100036,100,99920,100
2019-06-28 09:32:28.199091184,100006,440,99996,100,100008,100,99995,540,100011,100,99972,100,100020,100,99968,100,100026,100,99956,100,100027,100,99953,100,100028,100,99951,100,100030,100,99947,100,100031,100,99938,100,100036,100,99936,100
2019-06-28 09:32:30.000000000,100006,185,99996,185,100008,185,99995,285,100011,185,99972,185,100020,185,99968,185,100026,100,99956,100,100027,100,99953,100,100028,100,99951,100,100030,100,99947,100,100031,100,99938,100,100036,100,99936,100
2019-06-28 09:32:38.233018013,100006,185,99996,185,100008,185,99995,285,100011,185,99972,185,100020,185,99968,185,100026,100,99956,100,100027,100,99953,100,100028,100,99951,100,100030,100,99947,100,100031,100,99938,100,100036,100,99936,100
2019-06-28 09:32:39.294133926,100006,185,99996,185,100008,185,99995,285,100011,185,99972,185,100020,185,99968,185,100026,100,99956,100,100027,100,99953,100,100028,100,99951,100,100030,100,99947,100,100031,100,99938,100,100036,100,99936,100
2019-06-28 09:32:40.000000000,100006,185,99996,185,100008,185,99995,285,100011,185,99972,185,100020,185,99968,185,100026,100,99956,100,100027,100,99953,100,100028,100,99951,100,100030,100,99947,100,100031,100,99938,100,100036,100,99936,100
2019-06-28 09:32:45.020947226,100006,85,99996,185,100008,185,99995,285,100011,185,99972,185,100020,185,99968,185,100026,100,99956,100,100027,100,99953,100,100028,100,99951,100,100030,100,99947,100,100031,100,99938,100,100036,100,99936,100
2019-06-28 09:32:50.000000000,100008,168,99996,168,100011,168,99995,268,100020,168,99972,168,100026,168,99968,168,100027,168,99956,168,100028,100,99953,100,100030,100,99951,100,100031,100,99947,100,100036,100,99938,100,100037,100,99936,100
2019-06-28 09:33:00.000000000,100008,216,99996,216,100011,212,99995,312,100020,212,99972,212,100026,100,99968,100,100027,100,99956,100,100028,100,99953,100,100030,100,99951,100,100031,100,99947,100,100036,100,99938,100,100037,100,99936,100
2019-06-28 09:33:10.000000000,100008,185,99996,185,100011,185,99995,285,100020,185,99972,185,100026,185,99968,185,100027,100,99956,100,100028,100,99953,100,100030,100,99951,100,100031,100,99947,100,100036,100,99938,100,100037,100,99936,100
2019-06-28 09:33:18.327702785,100008,85,99996,185,100011,185,99995,285,100020,185,99972,185,100026,185,99968,185,100027,100,99956,100,100028,100,99953,100,100030,100,99951,100,100031,100,99947,100,100036,100,99938,100,100037,100,99936,100
2019-06-28 09:33:20.000000000,100011,270,99996,270,100020,270,99995,370,100026,100,99972,100,100027,100,99968,100,100028,100,99956,100,100030,100,99953,100,100031,100,99951,100,100036,100,99947,100,100037,100,99938,100,100038,100,99936,100
2019-06-28 09:33:30.000000000,100011,440,99996,440,100020,100,99995,200,100026,100,99972,100,100027,100,99968,100,100028,100,99956,100,100030,100,99953,100,100031,100,99951,100,100036,100,99947,100,100037,100,99938,100,100038,100,99936,100
2019-06-28 09:33:40.000000000,100011,440,99996,440,100020,100,99995,200,100026,100,99972,100,100027,100,99968,100,100028,100,99956,100,100030,100,99953,100,100031,100,99951,100,100036,100,99947,100,100037,100,99938,100,100038,100,99936,100
2019-06-28 09:33:50.000000000,100011,168,99996,168,100020,168,99995,268,100026,168,99972,168,100027,168,99968,168,100028,168,99956,168,100030,100,99953,100,100031,100,99951,100,100036,100,99947,100,100037,100,99938,100,100038,100,99936,100
2019-06-28 09:33:51.908091754,100011,168,99997,100,100020,168,99996,168,100026,168,99995,268,100027,168,99972,168,100028,168,99968,168,100030,100,99956,168,100031,100,99953,100,100036,100,99951,100,100037,100,99947,100,100038,100,99938,100
2019-06-28 09:34:00.000000000,100011,168,99997,168,100020,168,99996,168,100026,168,99995,268,100027,168,99972,168,100028,168,99968,168,100030,100,99956,100,100031,100,99953,100,100036,100,99951,100,100037,100,99947,100,100038,100,99938,100
2019-06-28 09:34:07.472542983,100011,168,99997,168,100020,168,99996,168,100026,168,99995,268,100027,168,99972,168,100028,168,99968,168,100030,100,99956,100,100031,100,99953,100,100036,100,99951,100,100037,100,99947,100,100050,100,99938,100
2019-06-28 09:34:07.481568138,100011,168,99997,168,100020,168,99996,168,100026,168,99995,268,100027,168,99972,168,100028,168,99968,168,100030,100,99956,100,100031,100,99953,100,100036,100,99951,100,100037,100,99947,100,100050,100,99938,100
2019-06-28 09:34:10.000000000,100011,440,99997,440,100020,100,99996,100,100026,100,99995,200,100027,100,99972,100,100028,100,99968,100,100030,100,99956,100,100031,100,99953,100,100036,100,99951,100,100037,100,99947,100,100050,100,99938,100
2019-06-28 09:34:11.350481317,100011,340,99997,440,100020,100,99996,100,100026,100,99995,200,100027,100,99972,100,100028,100,99968,100,100030,100,99956,100,100031,100,99953,100,100036,100,99951,100,100037,100,99947,100,100050,100,99938,100
2019-06-28 09:34:14.148159903,100011,340,99997,440,100020,100,99996,100,100026,100,99995,200,100027,100,99972,100,100028,100,99968,100,100030,100,99956,100,100031,100,99953,100,100036,100,99951,100,100037,100,99947,100,100050,100,99938,100
2019-06-28 09:34:14.578321994,100011,240,99997,440,100020,100,99996,100,100026,100,99995,200,100027,100,99972,100,100028,100,99968,100,100030,100,99956,100,100031,100,99953,100,100036,100,99951,100,100037,100,99947,100,100050,100,99938,100
2019-06-28 09:34:20.000000000,100020,185,99997,185,100026,185,99996,185,100027,185,99995,285,100028,185,99972,185,100030,100,99968,100,100031,100,99956,100,100036,100,99953,100,100037,100,99951,100,100050,100,99947,100,100054,100,99938,100
2019-06-28 09:34:30.000000000,100020,216,99997,216,100026,212,99996,212,100027,212,99995,312,100028,100,99972,100,100030,100,99968,100,100031,100,99956,100,100036,100,99953,100,100037,100,99951,100,100050,100,99947,100,100054,100,99938,100
2019-06-28 09:34:35.718702910,100020,116,99997,216,100026,212,99996,212,100027,212,99995,312,100028,100,99972,100,100030,100,99968,100,100031,100,99956,100,100037,100,99953,100,100050,100,99951,100,100054,100,99947,100,100078,100,99938,100
2019-06-28 09:34:37.527658507,100020,116,99997,216,100026,212,99996,212,100027,212,99995,312,100028,100,99972,100,100030,100,99968,100,100031,100,99956,100,100037,100,99953,100,100054,100,99951,100,100078,100,99947,100,100089,100,99938,100
2019-06-28 09:34:40.000000000,100026,185,99997,185,100027,185,99996,185,100028,185,99995,285,100030,185,99972,185,100031,100,99968,100,100037,100,99956,100,100054,100,99953,100,100078,100,99951,100,100089,100,99947,100,100094,100,99938,100
2019-06-28 09:34:41.729884137,100026,185,99997,185,100027,185,99996,185,100028,185,99995,285,100030,185,99972,185,100031,100,99968,100,100037,100,99956,100,100054,100,99953,100,100089,100,99951,100,100094,100,99947,100,100133,100,99938,100
2019-06-28 09:34:48.795038155,100026,185,99997,185,100027,185,99996,185,100028,185,99995,285,100030,185,99972,185,100031,100,99968,100,100037,100,99956,100,100050,100,99953,100,100054,100,99951,100,100089,100,99947,100,100094,100,99938,100
2019-06-28 09:34:50.000000000,100026,168,99997,168,100027,168,99996,168,100028,168,99995,268,100030,168,99972,168,100031,168,99968,168,100037,100,99956,100,100050,100,99953,100,100054,100,99951,100,100089,100,99947,100,100094,100,99938,100
2019-06-28 09:34:51.068210280,100026,168,100011,100,100027,168,99997,168,100028,168,99996,168,100030,168,99995,268,100031,168,99972,168,100037,100,99968,168,100050,100,99956,100,100054,100,99953,100,100089,100,99951,100,100094,100,99947,100
2019-06-28 09:35:00.000000000,100026,216,100011,216,100027,212,99997,212,100028,212,99996,212,100030,100,99995,200,100031,100,99972,100,100037,100,99968,100,100050,100,99956,100,100054,100,99953,100,100089,100,99951,100,100094,100,99947,100
2019-06-28 09:35:10.000000000,100026,440,100011,440,100027,100,99997,100,100028,100,99996,100,100030,100,99995,200,100031,100,99972,100,100037,100,99968,100,100050,100,99956,100,100054,100,99953,100,100089,100,99951,100,100094,100,99947,100
2019-06-28 09:35:17.454229894,100026,440,100011,440,100027,100,99997,100,100028,100,99996,100,100030,100,99995,200,100031,100,99972,100,100037,100,99968,100,100050,100,99956,100,100054,100,99953,100,100089,100,99951,100,100094,100,99947,100
2019-06-28 09:35:19.320395676,100026,340,100011,440,100027,100,99997,100,100028,100,99996,100,100030,100,99995,200,100031,100,99972,100,100037,100,99968,100,100054,100,99956,100,100089,100,99953,100,100094,100,99951,100,100133,100,99947,100
2019-06-28 09:35:20.000000000,100027,185,100011,185,100028,185,99997,185,100030,185,99996,185,100031,185,99995,285,100037,100,99972,100,100054,100,99968,100,100089,100,99956,100,100094,100,99953,100,100133,100,99951,100,100159,100,99947,100
2019-06-28 09:35:30.000000000,100027,168,100011,168,100028,168,99997,168,100030,168,99996,168,100031,168,99995,268,100037,168,99972,168,100054,100,99968,100,100089,100,99956,100,100094,100,99953,100,100133,100,99951,100,100159,100,99947,100
2019-06-28 09:35:33.132977444,100027,68,100011,168,100028,168,99997,168,100030,168,99996,168,100031,168,99995,268,100037,168,99972,168,100054,100,99968,100,100089,100,99956,100,100094,100,99953,100,100159,100,99951,100,100178,100,99947,100
2019-06-28 09:35:40.000000000,100028,185,100011,185,100030,185,99997,185,100031,185,99996,185,100037,185,99995,285,100054,100,99972,100,100089,100,99968,100,100094,100,99956,100,100159,100,99953,100,100178,100,99951,100,100236,100,99947,100
2019-06-28 09:35:42.675429711,100028,185,100011,85,100030,185,99997,185,100031,185,99996,185,100037,185,99995,285,100054,100,99972,100,100089,100,99968,100,100094,100,99956,100,100159,100,99953,100,100178,100,99951,100,100236,100,99947,100
2019-06-28 09:35:43.123832364,100028,185,100011,85,100030,185,99997,185,100031,185,99996,185,100037,185,99995,285,100054,100,99972,100,100089,100,99968,100,100094,100,99956,100,100152,100,99953,100,100159,100,99951,100,100178,100,99947,100
2019-06-28 09:35:50.000000000,100028,440,99997,440,100030,100,99996,100,100031,100,99995,200,100037,100,99972,100,100054,100,99968,100,100089,100,99956,100,100094,100,99953,100,100152,100,99951,100,100159,100,99947,100,100178,100,99938,100
2019-06-28 09:35:50.541834713,100028,440,99997,440,100030,100,99996,100,100031,100,99995,100,100037,100,99972,100,100054,100,99968,100,100089,100,99956,100,100094,100,99953,100,100152,100,99951,100,100159,100,99947,100,100178,100,99938,100
2019-06-28 09:36:00.000000000,100028,440,99997,440,100030,100,99996,100,100031,100,99995,100,100037,100,99972,100,100054,100,99968,100,100089,100,99956,100,100094,100,99953,100,100152,100,99951,100,100159,100,99947,100,100178,100,99938,100
2019-06-28 09:36:10.000000000,100028,185,99997,185,100030,185,99996,185,100031,185,99995,185,100037,185,99972,185,100054,100,99968,100,100089,100,99956,100,100094,100,99953,100,100152,100,99951,100,100159,100,99947,100,100178,100,99938,100
2019-06-28 09:36:20.000000000,100028,168,99997,168,100030,168,99996,168,100031,168,99995,168,100037,168,99972,168,100054,168,99968,168,100089,100,99956,100,100094,100,99953,100,100152,100,99951,100,100159,100,99947,100,100178,100,99938,100
2019-06-28 09:36:23.142910687,100028,68,99997,168,100030,168,99996,168,100031,168,99995,168,100037,168,99972,168,100054,168,99968,168,100089,100,99956,100,100094,100,99953,100,100152,100,99951,100,100159,100,99947,100,100178,100,99938,100
2019-06-28 09:36:30.000000000,100030,440,99997,440,100031,100,99996,100,100037,100,99995,100,100054,100,99972,100,100089,100,99968,100,100094,100,99956,100,100152,100,99953,100,100159,100,99951,100,100178,100,99947,100,100239,100,99938,100
2019-06-28 09:36:37.371592328,100030,340,99997,440,100031,100,99996,100,100037,100,99995,100,100054,100,99972,100,100089,100,99968,100,100094,100,99956,100,100152,100,99953,100,100159,100,99951,100,100178,100,99947,100,100239,100,99938,100
2019-06-28 09:36:40.000000000,100031,216,99997,216,100037,212,99996,212,100054,212,99995,212,100089,100,99972,100,100094,100,99968,100,100152,100,99956,100,100159,100,99953,100,100178,100,99951,100,100239,100,99947,100,100242,100,99938,100
2019-06-28 09:36:43.018594217,100031,116,99997,216,100037,212,99996,212,100054,212,99995,212,100089,100,99972,100,100094,100,99968,100,100152,100,99956,100,100159,100,99953,100,100178,100,99951,100,100239,100,99947,100,100242,100,99938,100
2019-06-28 09:36:50.000000000,100037,216,99997,216,100054,212,99996,212,100089,212,99995,212,100094,100,99972,100,100152,100,99968,100,100159,100,99956,100,100178,100,99953,100,100239,100,99951,100,100242,100,99947,100,100256,100,99938,100
2019-06-28 09:36:52.209881781,100037,116,99997,216,100054,212,99996,212,100089,212,99995,212,100152,100,99972,100,100159,100,99968,100,100178,100,99956,100,100239,100,99953,100,100242,100,99951,100,100256,100,99947,100,100288,100,99938,100
2019-06-28 09:37:00.000000000,100054,168,99997,168,100089,168,99996,168,100152,168,99995,168,100159,168,99972,168,100178,168,99968,168,100239,100,99956,100,100242,100,99953,100,100256,100,99951,100,100288,100,99947,100,100293,100,99938,100
2019-06-28 09:37:04.899939539,100054,68,99997,168,100089,168,99996,168,100152,168,99995,168,100159,168,99972,168,100178,168,99968,168,100239,100,99956,100,100242,100,99951,100,100256,100,99947,100,100288,100,99938,100,100293,100,99936,100
2019-06-28 09:37:10.000000000,100089,185,99997,185,100152,185,99996,185,100159,185,99995,185,100178,185,99972,185,100239,100,99968,100,100242,100,99956,100,100256,100,99951,100,100288,100,99947,100,100293,100,99938,100,100310,100,99936,100
2019-06-28 09:37:10.003105430,100089,85,99997,185,100152,185,99996,185,100159,185,99995,185,100178,185,99972,185,100239,100,99968,100,100242,100,99956,100,100256,100,99951,100,100288,100,99947,100,100293,100,99938,100,100310,100,99936,100
2019-06-28 09:37:13.718419901,100152,185,100089,15,100159,185,99997,185,100178,185,99996,185,100239,100,99995,185,100242,100,99972,185,100256,100,99968,100,100288,100,99956,100,100293,100,99951,100,100310,100,99947,100,100402,100,99938,100
2019-06-28 09:37:20.000000000,100152,185,100089,100,100159,185,99997,185,100178,185,99996,185,100239,185,99995,185,100242,100,99972,100,100256,100,99968,100,100288,100,99956,100,100293,100,99951,100,100310,100,99947,100,100402,100,99938,100
2019-06-28 09:37:30.000000000,100152,185,100089,100,100159,185,99997,185,100178,185,99996,185,100239,185,99995,185,100242,100,99972,100,100256,100,99968,100,100288,100,99956,100,100293,100,99951,100,100310,100,99947,100,100402,100,99938,100
2019-06-28 09:37:38.720206707,100152,185,100089,100,100159,185,99997,185,100178,185,99996,185,100239,185,99995,185,100242,100,99972,100,100256,100,99968,100,100288,100,99956,100,100293,100,99951,100,100310,100,99947,100,100537,100,99938,100
2019-06-28 09:37:40.000000000,100152,216,100089,131,100159,212,99997,212,100178,212,99996,212,100239,100,99995,100,100242,100,99972,100,100256,100,99968,100,100288,100,99956,100,100293,100,99951,100,100310,100,99947,100,100537,100,99938,100
2019-06-28 09:37:50.000000000,100152,168,100089,83,100159,168,99997,168,100178,168,99996,168,100239,168,99995,168,100242,168,99972,168,100256,100,99968,100,100288,100,99956,100,100293,100,99951,100,100310,100,99947,100,100537,100,99938,100
2019-06-28 09:38:00.000000000,100152,440,100089,355,100159,100,99997,100,100178,100,99996,100,100239,100,99995,100,100242,100,99972,100,100256,100,99968,100,100288,100,99956,100,100293,100,99951,100,100310,100,99947,100,100537,100,99938,100
2019-06-28 09:38:01.574288683,100152,440,100089,455,100159,100,99997,100,100178,100,99996,100,100239,100,99995,100,100242,100,99972,100,100256,100,99968,100,100288,100,99956,100,100293,100,99951,100,100310,100,99947,100,100537,100,99938,100
2019-06-28 09:38:10.000000000,100152,168,100089,183,100159,168,99997,168,100178,168,99996,168,100239,168,99995,168,100242,168,99972,168,100256,100,99968,100,100288,100,99956,100,100293,100,99951,100,100310,100,99947,100,100537,100,99938,100
2019-06-28 09:38:15.934437876,100152,168,100089,183,100159,168,99997,168,100178,168,99996,168,100239,168,99995,168,100242,168,99972,168,100256,100,99968,100,100293,100,99956,100,100310,100,99951,100,100417,100,99947,100,100537,100,99938,100
2019-06-28 09:38:20.000000000,100152,440,100089,455,100159,100,99997,100,100178,100,99996,100,100239,100,99995,100,100242,100,99972,100,100256,100,99968,100,100293,100,99956,100,100310,100,99951,100,100417,100,99947,100,100537,100,99938,100
2019-06-28 09:38:21.643588268,100152,440,100089,455,100159,100,99997,100,100178,100,99996,100,100239,100,99995,100,100242,100,99972,100,100256,100,99968,100,100293,100,99956,100,100310,100,99951,100,100417,100,99947,100,100435,100,99938,100
2019-06-28 09:38:30.000000000,100152,270,100089,285,100159,270,99997,270,100178,100,99996,100,100239,100,99995,100,100242,100,99972,100,100256,100,99968,100,100293,100,99956,100,100310,100,99951,100,100417,100,99947,100,100435,100,99938,100
2019-06-28 09:38:39.259018671,100152,270,100089,285,100159,270,99997,270,100178,100,99996,100,100239,100,99995,100,100242,100,99972,100,100256,100,99968,100,100293,100,99956,100,100310,100,99951,100,100345,100,99947,100,100417,100,99938,100
2019-06-28 09:38:40.000000000,100152,270,100089,285,100159,270,99997,270,100178,100,99996,100,100239,100,99995,100,100242,100,99972,100,100256,100,99968,100,100293,100,99956,100,100310,100,99951,100,100345,100,99947,100,100417,100,99938,100
2019-06-28 09:38:45.565861468,100152,270,100089,285,100159,270,99997,270,100178,100,99995,100,100239,100,99972,100,100242,100,99968,100,100256,100,99956,100,100293,100,99951,100,100310,100,99947,100,100345,100,99938,100,100417,100,99936,100
2019-06-28 09:38:50.000000000,100152,185,100089,200,100159,185,99997,185,100178,185,99995,185,100239,185,99972,185,100242,100,99968,100,100256,100,99956,100,100293,100,99951,100,100310,100,99947,100,100345,100,99938,100,100417,100,99936,100
2019-06-28 09:38:56.939715972,100152,185,100089,300,100159,185,99997,185,100178,185,99995,185,100239,185,99972,185,100242,100,99968,100,100256,100,99956,100,100293,100,99951,100,100310,100,99947,100,100345,100,99938,100,100417,100,99936,100
2019-06-28 09:39:00.000000000,100152,168,100089,283,100159,168,99997,168,100178,168,99995,168,100239,168,99972,168,100242,168,99968,168,100256,100,99956,100,100293,100,99951,100,100310,100,99947,100,100345,100,99938,100,100417,100,99936,100
2019-06-28 09:39:07.341203956,100152,168,100089,183,100159,168,99997,168,100178,168,99995,168,100239,168,99972,168,100242,168,99968,168,100256,100,99956,100,100293,100,99951,100,100310,100,99947,100,100345,100,99938,100,100417,100,99936,100
2019-06-28 09:39:09.362341221,100152,168,100089,183,100159,168,100010,100,100178,168,99997,168,100239,168,99995,168,100242,168,99972,168,100256,100,99968,168,100293,100,99956,100,100310,100,99951,100,100345,100,99947,100,100417,100,99938,100
2019-06-28 09:39:10.000000000,100152,185,100089,200,100159,185,100010,185,100178,185,99997,185,100239,185,99995,185,100242,100,99972,100,100256,100,99968,100,100293,100,99956,100,100310,100,99951,100,100345,100,99947,100,100417,100,99938,100
2019-06-28 09:39:20.000000000,100152,270,100089,285,100159,270,100010,270,100178,100,99997,100,100239,100,99995,100,100242,100,99972,100,100256,100,99968,100,100293,100,99956,100,100310,100,99951,100,100345,100,99947,100,100417,100,99938,100
2019-06-28 09:39:27.875910565,100152,270,100089,285,100159,270,100010,270,100178,100,99997,100,100239,100,99995,100,100242,100,99972,100,100256,100,99968,100,100293,100,99956,100,100310,100,99951,100,100345,100,99947,100,100417,100,99938,100
2019-06-28 09:39:29.893825731,100152,270,100089,185,100159,270,100010,270,100178,100,99997,100,100239,100,99995,100,100242,100,99972,100,100256,100,99968,100,100293,100,99956,100,100310,100,99951,100,100345,100,99947,100,100417,100,99938,100
2019-06-28 09:39:30.000000000,100152,168,100089,83,100159,168,100010,168,100178,168,99997,168,100239,168,99995,168,100242,168,99972,168,100256,100,99968,100,100293,100,99956,100,100310,100,99951,100,100345,100,99947,100,100417,100,99938,100
2019-06-28 09:39:31.997552372,100152,168,100089,83,100159,168,100010,168,100178,168,99997,168,100232,100,99995,168,100239,168,99972,168,100242,168,99968,100,100256,100,99956,100,100293,100,99951,100,100310,100,99947,100,100345,100,99938,100
2019-06-28 09:39:36.975184811,100152,168,100089,83,100159,168,100010,168,100178,168,99997,168,100232,100,99995,168,100239,168,99972,168,100242,168,99968,100,100256,100,99956,100,100293,100,99951,100,100310,100,99947,100,100345,100,99938,100
2019-06-28 09:39:40.000000000,100152,440,100089,355,100159,100,100010,100,100178,100,99997,100,100232,100,99995,100,100239,100,99972,100,100242,100,99968,100,100256,100,99956,100,100293,100,99951,100,100310,100,99947,100,100345,100,99938,100
2019-06-28 09:39:48.695262681,100152,440,100089,355,100178,100,100010,100,100232,100,99997,100,100239,100,99995,100,100242,100,99972,100,100256,100,99968,100,100293,100,99956,100,100310,100,99951,100,100345,100,99947,100,100399,100,99938,100
2019-06-28 09:39:50.000000000,100152,185,100089,100,100178,185,100010,185,100232,185,99997,185,100239,185,99995,185,100242,100,99972,100,100256,100,99968,100,100293,100,99956,100,100310,100,99951,100,100345,100,99947,100,100399,100,99938,100
2019-06-28 09:39:59.079819598,100152,185,100089,100,100178,185,100010,85,100232,185,99997,185,100239,185,99995,185,100242,100,99972,100,100256,100,99968,100,100293,100,99956,100,100310,100,99951,100,100345,100,99947,100,100358,100,99938,100
2019-06-28 09:40:00.000000000,100152,168,100089,83,100178,168,99997,168,100232,168,99995,168,100239,168,99972,168,100242,168,99968,168,100256,100,99956,100,100293,100,99951,100,100310,100,99947,100,100345,100,99938,100,100358,100,99917,100
2019-06-28 09:40:03.184658763,100089,17,99997,168,100152,168,99995,168,100178,168,99972,168,100232,168,99968,168,100239,168,99956,100,100242,168,99951,100,100256,100,99947,100,100293,100,99938,100,100310,100,99917,100,100345,100,99915,100
2019-06-28 09:40:09.804244027,100089,17,99997,168,100152,168,99995,168,100178,168,99972,168,100232,168,99968,168,100239,168,99956,100,100242,168,99951,100,100256,100,99947,100,100293,100,99938,100,100310,100,99917,100,100345,100,99915,100
2019-06-28 09:40:10.000000000,100089,85,99997,168,100152,168,99995,168,100178,168,99972,168,100232,168,99968,168,100239,168,99956,168,100242,100,99951,100,100256,100,99947,100,100293,100,99938,100,100310,100,99917,100,100345,100,99915,100
2019-06-28 09:40:12.149066949,100089,85,99997,168,100091,100,99995,168,100152,168,99972,168,100178,168,99968,168,100232,168,99956,168,100239,168,99951,100,100242,100,99947,100,100256,100,99938,100,100293,100,99917,100,100310,100,99915,100
2019-06-28 09:40:20.000000000,100089,357,99997,440,100091,100,99995,100,100152,100,99972,100,100178,100,99968,100,100232,100,99956,100,100239,100,99951,100,100242,100,99947,100,100256,100,99938,100,100293,100,99917,100,100310,100,99915,100
2019-06-28 09:40:26.875191362,100047,100,99997,440,100089,357,99995,100,100091,100,99972,100,100152,100,99968,100,100178,100,99956,100,100232,100,99951,100,100239,100,99947,100,100242,100,99938,100,100256,100,99917,100,100293,100,99915,100
2019-06-28 09:40:30.000000000,100047,270,99997,270,100089,187,99995,270,100091,100,99972,100,100152,100,99968,100,100178,100,99956,100,100232,100,99951,100,100239,100,99947,100,100242,100,99938,100,100256,100,99917,100,100293,100,99915,100
2019-06-28 09:40:40.000000000,100047,440,99997,440,100089,17,99995,100,100091,100,99972,100,100152,100,99968,100,100178,100,99956,100,100232,100,99951,100,100239,100,99947,100,100242,100,99938,100,100256,100,99917,100,100293,100,99915,100
2019-06-28 09:40:50.000000000,100047,185,99997,185,100089,102,99995,185,100091,185,99972,185,100152,185,99968,185,100178,100,99956,100,100232,100,99951,100,100239,100,99947,100,100242,100,99938,100,100256,100,99917,100,100293,100,99915,100
2019-06-28 09:41:00.000000000,100047,168,99997,168,100089,85,99995,168,100091,168,99972,168,100152,168,99968,168,100178,168,99956,168,100232,100,99951,100,100239,100,99947,100,100242,100,99938,100,100256,100,99917,100,100293,100,99915,100
2019-06-28 09:41:10.000000000,100047,216,99997,216,100089,129,99995,212,100091,212,99972,212,100152,100,99968,100,100178,100,99956,100,100232,100,99951,100,100239,100,99947,100,100242,100,99938,100,100256,100,99917,100,100293,100,99915,100
2019-06-28 09:41:20.000000000,100047,216,99997,216,100089,129,99995,212,100091,212,99972,212,100152,100,99968,100,100178,100,99956,100,100232,100,99951,100,100239,100,99947,100,100242,100,99938,100,100256,100,99917,100,100293,100,99915,100
2019-06-28 09:41:29.909457816,100047,216,99997,216,100089,229,99995,212,100091,212,99972,212,100152,100,99968,100,100178,100,99956,100,100232,100,99951,100,100239,100,99947,100,100242,100,99938,100,100256,100,99917,100,100293,100,99915,100
2019-06-28 09:41:30.000000000,100047,168,99997,168,100089,185,99995,168,100091,168,99972,168,100152,168,99968,168,100178,168,99956,168,100232,100,99951,100,100239,100,99947,100,100242,100,99938,100,100256,100,99917,100,100293,100,99915,100
2019-06-28 09:41:33.804061950,100047,168,99997,168,100089,185,99995,168,100091,168,99972,168,100152,168,99968,168,100178,268,99956,168,100232,100,99951,100,100239,100,99947,100,100242,100,99938,100,100256,100,99917,100,100293,100,99915,100
2019-06-28 09:41:40.000000000,100047,216,99997,216,100089,229,99995,212,100091,212,99972,212,100152,100,99968,100,100178,200,99956,100,100232,100,99951,100,100239,100,99947,100,100242,100,99938,100,100256,100,99917,100,100293,100,99915,100
2019-06-28 09:41:50.000000000,100047,216,99997,216,100089,229,99995,212,100091,212,99972,212,100152,100,99968,100,100178,200,99956,100,100232,100,99951,100,100239,100,99947,100,100242,100,99938,100,100256,100,99917,100,100293,100,99915,100
2019-06-28 09:41:55.957988201,100047,216,99997,216,100089,329,99995,212,100091,212,99972,212,100152,100,99968,100,100178,200,99956,100,100232,100,99951,100,100239,100,99947,100,100242,100,99938,100,100256,100,99917,100,100293,100,99915,100
2019-06-28 09:41:56.585213316,100047,216,99997,216,100089,429,99995,212,100091,212,99972,212,100152,100,99968,100,100178,200,99956,100,100232,100,99951,100,100239,100,99947,100,100242,100,99938,100,100256,100,99917,100,100293,100,99915,100
2019-06-28 09:42:00.000000000,100047,168,99997,168,100089,385,99995,168,100091,168,99972,168,100152,168,99968,168,100178,268,99956,168,100232,100,99951,100,100239,100,99947,100,100242,100,99938,100,100256,100,99917,100,100293,100,99915,100
2019-06-28 09:42:10.000000000,100047,270,99997,270,100089,487,99995,270,100091,100,99972,100,100152,100,99968,100,100178,200,99956,100,100232,100,99951,100,100239,100,99947,100,100242,100,99938,100,100256,100,99917,100,100293,100,99915,100
2019-06-28 09:42:20.000000000,100047,270,99997,270,100089,487,99995,270,100091,100,99972,100,100152,100,99968,100,100178,200,99956,100,100232,100,99951,100,100239,100,99947,100,100242,100,99938,100,100256,100,99917,100,100293,100,99915,100
2019-06-28 09:42:24.292175079,100047,270,99997,270,100051,100,99995,270,100089,487,99972,100,100091,100,99968,100,100152,100,99956,100,100178,200,99951,100,100232,100,99947,100,100239,100,99938,100,100242,100,99917,100,100256,100,99915,100
2019-06-28 09:42:29.446691538,100047,270,99997,170,100051,100,99995,270,100089,487,99972,100,100091,100,99968,100,100152,100,99956,100,100178,200,99951,100,100232,100,99947,100,100239,100,99938,100,100242,100,99917,100,100256,100,99915,100
2019-06-28 09:42:30.000000000,100047,216,99995,216,100051,212,99972,212,100089,429,99968,212,100091,100,99956,100,100152,100,99951,100,100178,200,99947,100,100232,100,99938,100,100239,100,99917,100,100242,100,99915,100,100256,100,99884,100
2019-06-28 09:42:40.000000000,100047,185,99995,185,100051,185,99972,185,100089,402,99968,185,100091,185,99956,185,100152,100,99951,100,100178,200,99947,100,100232,100,99938,100,100239,100,99917,100,100242,100,99915,100,100256,100,99884,100
2019-06-28 09:42:50.000000000,100047,216,99995,216,100051,212,99972,212,100089,429,99968,212,100091,100,99956,100,100152,100,99951,100,100178,200,99947,100,100232,100,99938,100,100239,100,99917,100,100242,100,99915,100,100256,100,99884,100
2019-06-28 09:43:00.000000000,100047,185,99995,185,100051,185,99972,185,100089,402,99968,185,100091,185,99956,185,100152,100,99951,100,100178,200,99947,100,100232,100,99938,100,100239,100,99917,100,100242,100,99915,100,100256,100,99884,100
2019-06-28 09:43:10.000000000,100047,216,99995,216,100051,212,99972,212,100089,429,99968,212,100091,100,99956,100,100152,100,99951,100,100178,200,99947,100,100232,100,99938,100,100239,100,99917,100,100242,100,99915,100,100256,100,99884,100
2019-06-28 09:43:11.463869968,100047,216,99995,116,100051,212,99972,212,100089,429,99968,212,100091,100,99956,100,100152,100,99951,100,100178,200,99947,100,100232,100,99938,100,100239,100,99917,100,100242,100,99915,100,100256,100,99884,100
2019-06-28 09:43:20.000000000,100047,440,99972,440,100051,100,99968,100,100089,317,99956,100,100091,100,99951,100,100152,100,99947,100,100178,200,99938,100,100232,100,99917,100,100239,100,99915,100,100242,100,99884,100,100256,100,99861,100
2019-06-28 09:43:30.000000000,100047,440,99972,440,100051,100,99968,100,100089,317,99956,100,100091,100,99951,100,100152,100,99947,100,100178,200,99938,100,100232,100,99917,100,100239,100,99915,100,100242,100,99884,100,100256,100,99861,100
2019-06-28 09:43:30.103950237,100047,440,99972,440,100051,100,99968,100,100089,317,99956,100,100091,100,99951,100,100152,100,99947,100,100178,200,99938,100,100232,100,99917,100,100239,100,99915,100,100242,100,99884,100,100256,100,99861,100
2019-06-28 09:43:30.899324977,100047,440,99972,440,100051,100,99968,100,100089,300,99956,100,100091,100,99951,100,100152,100,99947,100,100178,200,99938,100,100232,100,99917,100,100239,100,99915,100,100242,100,99884,100,100256,100,99861,100
2019-06-28 09:43:32.177858091,100047,440,99972,440,100051,100,99968,100,100089,200,99956,100,100091,100,99951,100,100152,100,99947,100,100178,200,99938,100,100232,100,99917,100,100239,100,99915,100,100242,100,99884,100,100256,100,99861,100
2019-06-28 09:43:40.000000000,100047,440,99972,440,100051,100,99968,100,100089,200,99956,100,100091,100,99951,100,100152,100,99947,100,100178,200,99938,100,100232,100,99917,100,100239,100,99915,100,100242,100,99884,100,100256,100,99861,100
2019-06-28 09:43:46.219482527,100047,440,99972,340,100051,100,99968,100,100089,200,99956,100,100091,100,99951,100,100152,100,99947,100,100178,200,99938,100,100232,100,99917,100,100239,100,99915,100,100242,100,99884,100,100256,100,99861,100
2019-06-28 09:43:47.512878889,100047,440,99972,240,100051,100,99968,100,100089,200,99956,100,100091,100,99951,100,100152,100,99947,100,100178,200,99938,100,100232,100,99917,100,100239,100,99915,100,100242,100,99884,100,100256,100,99861,100
2019-06-28 09:43:48.569490871,100047,440,99972,140,100051,100,99968,100,100089,200,99956,100,100091,100,99951,100,100152,100,99947,100,100178,200,99938,100,100232,100,99915,100,100239,100,99884,100,100242,100,99861,100,100256,100,99837,100
2019-06-28 09:43:50.000000000,100047,185,99968,185,100051,185,99956,185,100089,285,99951,185,100091,185,99947,185,100152,100,99938,100,100178,200,99915,100,100232,100,99884,100,100239,100,99861,100,100242,100,99837,100,100256,100,99831,100
2019-06-28 09:43:56.469274736,100047,185,99968,185,100051,185,99956,185,100089,285,99951,185,100091,185,99947,185,100152,100,99938,100,100178,200,99915,100,100232,100,99884,100,100239,100,99861,100,100242,100,99837,100,100256,100,99831,100
2019-06-28 09:44:00.000000000,100047,216,99968,216,100051,212,99956,212,100089,312,99951,212,100091,100,99947,100,100152,100,99938,100,100178,200,99915,100,100232,100,99884,100,100239,100,99861,100,100242,100,99837,100,100256,100,99831,100
2019-06-28 09:44:10.000000000,100047,168,99968,168,100051,168,99956,168,100089,268,99951,168,100091,168,99947,168,100152,168,99938,168,100178,200,99915,100,100232,100,99884,100,100239,100,99861,100,100242,100,99837,100,100256,100,99831,100
2019-06-28 09:44:20.000000000,100047,440,99968,440,100051,100,99956,100,100089,200,99951,100,100091,100,99947,100,100152,100,99938,100,100178,200,99915,100,100232,100,99884,100,100239,100,99861,100,100242,100,99837,100,100256,100,99831,100
2019-06-28 09:44:28.425454970,100047,440,99968,240,100051,100,99956,100,100089,200,99951,100,100091,100,99947,100,100152,100,99938,100,100178,200,99915,100,100232,100,99884,100,100239,100,99861,100,100242,100,99837,100,100256,100,99831,100
2019-06-28 09:44:30.000000000,100047,270,99956,270,100051,270,99951,270,100089,200,99947,100,100091,100,99938,100,100152,100,99915,100,100178,200,99884,100,100232,100,99861,100,100239,100,99837,100,100242,100,99831,100,100256,100,99826,100
2019-06-28 09:44:30.187207849,100047,270,99956,270,100051,270,99951,270,100089,200,99947,100,100091,100,99938,100,100152,100,99915,100,100178,200,99884,100,100232,100,99861,100,100239,100,99837,100,100256,100,99831,100,100293,100,99826,100
2019-06-28 09:44:40.000000000,100047,270,99956,270,100051,270,99951,270,100089,200,99947,100,100091,100,99938,100,100152,100,99915,100,100178,200,99884,100,100232,100,99861,100,100239,100,99837,100,100256,100,99831,100,100293,100,99826,100
2019-06-28 09:44:50.000000000,100047,216,99956,216,100051,212,99951,212,100089,312,99947,212,100091,100,99938,100,100152,100,99915,100,100178,200,99884,100,100232,100,99861,100,100239,100,99837,100,100256,100,99831,100,100293,100,99826,100
2019-06-28 09:45:00.000000000,100047,168,99956,168,100051,168,99951,168,100089,268,99947,168,100091,168,99938,168,100152,168,99915,168,100178,200,99884,100,100232,100,99861,100,100239,100,99837,100,100256,100,99831,100,100293,100,99826,100
2019-06-28 09:45:10.000000000,100047,270,99956,270,100051,270,99951,270,100089,200,99947,100,100091,100,99938,100,100152,100,99915,100,100178,200,99884,100,100232,100,99861,100,100239,100,99837,100,100256,100,99831,100,100293,100,99826,100
2019-06-28 09:45:20.000000000,100047,168,99956,168,100051,168,99951,168,100089,268,99947,168,100091,168,99938,168,100152,168,99915,168,100178,200,99884,100,100232,100,99861,100,100239,100,99837,100,100256,100,99831,100,100293,100,99826,100
2019-06-28 09:45:23.122726540,100047,168,99956,168,100051,168,99951,168,100089,268,99947,168,100091,68,99938,168,100152,168,99915,168,100178,200,99884,100,100232,100,99861,100,100239,100,99837,100,100256,100,99831,100,100293,100,99826,100
2019-06-28 09:45:30.000000000,100047,270,99956,270,100051,270,99951,270,100089,200,99947,100,100152,100,99938,100,100178,200,99915,100,100232,100,99884,100,100239,100,99861,100,100256,100,99837,100,100293,100,99831,100,100310,100,99826,100
2019-06-28 09:45:32.335843495,100047,270,99956,170,100051,270,99951,270,100089,200,99947,100,100152,100,99938,100,100178,200,99884,100,100232,100,99861,100,100239,100,99837,100,100256,100,99831,100,100293,100,99826,100,100310,100,99788,100
2019-06-28 09:45:40.000000000,100047,185,99951,185,100051,185,99947,185,100089,285,99938,185,100152,185,99884,185,100178,200,99861,100,100232,100,99837,100,100239,100,99831,100,100256,100,99826,100,100293,100,99788,100,100310,100,99787,100
2019-06-28 09:45:48.701950067,99968,100,99951,185,100047,185,99947,185,100051,185,99938,185,100089,285,99884,185,100152,185,99861,100,100178,200,99837,100,100232,100,99831,100,100239,100,99826,100,100256,100,99788,100,100293,100,99787,100
2019-06-28 09:45:50.000000000,99968,185,99951,185,100047,185,99947,185,100051,185,99938,185,100089,285,99884,185,100152,100,99861,100,100178,200,99837,100,100232,100,99831,100,100239,100,99826,100,100256,100,99788,100,100293,100,99787,100
2019-06-28 09:45:55.668396166,99968,85,99951,185,100047,185,99947,185,100051,185,99938,185,100089,285,99884,185,100152,100,99861,100,100178,200,99837,100,100232,100,99831,100,100239,100,99826,100,100256,100,99788,100,100293,100,99787,100
2019-06-28 09:45:59.124975088,99968,85,99951,185,100005,100,99947,185,100047,185,99938,185,100051,185,99884,185,100089,285,99861,100,100152,100,99837,100,100178,200,99831,100,100232,100,99826,100,100239,100,99788,100,100256,100,99787,100
2019-06-28 09:46:00.000000000,100005,440,99951,440,100047,100,99947,100,100051,100,99938,100,100089,200,99884,100,100152,100,99861,100,100178,200,99837,100,100232,100,99831,100,100239,100,99826,100,100256,100,99788,100,100293,100,99787,100
2019-06-28 09:46:08.113419041,99968,100,99951,440,100005,440,99947,100,100047,100,99938,100,100051,100,99884,100,100089,200,99861,100,100152,100,99837,100,100178,200,99831,100,100232,100,99826,100,100239,100,99788,100,100256,100,99787,100
2019-06-28 09:46:10.000000000,99968,185,99951,185,100005,185,99947,185,100047,185,99938,185,100051,185,99884,185,100089,200,99861,100,100152,100,99837,100,100178,200,99831,100,100232,100,99826,100,100239,100,99788,100,100256,100,99787,100
2019-06-28 09:46:20.000000000,99968,270,99951,270,100005,270,99947,270,100047,100,99938,100,100051,100,99884,100,100089,200,99861,100,100152,100,99837,100,100178,200,99831,100,100232,100,99826,100,100239,100,99788,100,100256,100,99787,100
2019-06-28 09:46:23.973520586,99968,170,99951,270,100005,270,99947,270,100047,100,99938,100,100051,100,99884,100,100089,200,99861,100,100152,100,99837,100,100178,100,99831,100,100232,100,99826,100,100239,100,99788,100,100256,100,99787,100
2019-06-28 09:46:30.000000000,100005,168,99951,168,100047,168,99947,168,100051,168,99938,168,100089,268,99884,168,100152,168,99861,168,100178,100,99837,100,100232,100,99831,100,100239,100,99826,100,100256,100,99788,100,100293,100,99787,100
2019-06-28 09:46:38.534733005,100005,168,99951,168,100007,100,99947,168,100047,168,99938,168,100051,168,99884,168,100089,268,99861,168,100152,168,99837,100,100178,100,99826,100,100232,100,99788,100,100239,100,99787,100,100256,100,99772,100
2019-06-28 09:46:40.000000000,100005,216,99951,216,100007,212,99947,212,100047,212,99938,212,100051,100,99884,100,100089,200,99861,100,100152,100,99837,100,100178,100,99826,100,100232,100,99788,100,100239,100,99787,100,100256,100,99772,100
2019-06-28 09:46:50.000000000,100005,216,99951,216,100007,212,99947,212,100047,212,99938,212,100051,100,99884,100,100089,200,99861,100,100152,100,99837,100,100178,100,99826,100,100232,100,99788,100,100239,100,99787,100,100256,100,99772,100
2019-06-28 09:46:51.278715085,100005,216,99951,116,100007,212,99947,212,100047,212,99938,212,100051,100,99884,100,100089,200,99861,100,100152,100,99837,100,100178,100,99826,100,100232,100,99788,100,100239,100,99787,100,100256,100,99772,100
2019-06-28 09:47:00.000000000,100005,168,99947,168,100007,168,99938,168,100047,168,99884,168,100051,168,99861,168,100089,268,99837,168,100152,100,99826,100,100178,100,99788,100,100232,100,99787,100,100239,100,99772,100,100256,100,99693,100
2019-06-28 09:47:03.802824510,100005,168,99952,100,100007,168,99947,168,100047,168,99938,168,100051,168,99884,168,100089,268,99861,168,100152,100,99837,168,100178,100,99826,100,100232,100,99788,100,100239,100,99787,100,100256,100,99772,100
2019-06-28 09:47:10.000000000,100005,440,99952,440,100007,100,99947,100,100047,100,99938,100,100051,100,99884,100,100089,200,99861,100,100152,100,99837,100,100178,100,99826,100,100232,100,99788,100,100239,100,99787,100,100256,100,99772,100
2019-06-28 09:47:20.000000000,100005,168,99952,168,100007,168,99947,168,100047,168,99938,168,100051,168,99884,168,100089,268,99861,168,100152,100,99837,100,100178,100,99826,100,100232,100,99788,100,100239,100,99787,100,100256,100,99772,100
2019-06-28 09:47:30.000000000,100005,185,99952,185,100007,185,99947,185,100047,185,99938,185,100051,185,99884,185,100089,200,99861,100,100152,100,99837,100,100178,100,99826,100,100232,100,99788,100,100239,100,99787,100,100256,100,99772,100
2019-06-28 09:47:33.956010722,100005,85,99952,185,100007,185,99947,185,100047,185,99938,185,100051,185,99884,185,100089,200,99861,100,100152,100,99837,100,100178,100,99826,100,100232,100,99788,100,100239,100,99787,100,100256,100,99772,100
2019-06-28 09:47:40.000000000,100007,168,99952,168,100047,168,99947,168,100051,168,99938,168,100089,268,99884,168,100152,168,99861,168,100178,100,99837,100,100232,100,99826,100,100239,100,99788,100,100256,100,99787,100,100293,100,99772,100
2019-06-28 09:47:45.294618814,100007,168,99952,168,100047,168,99947,168,100051,168,99938,168,100089,268,99884,168,100152,168,99861,168,100178,100,99837,100,100232,100,99826,100,100239,100,99788,100,100256,100,99787,100,100279,100,99772,100
2019-06-28 09:47:50.000000000,100007,270,99952,270,100047,270,99947,270,100051,100,99938,100,100089,200,99884,100,100152,100,99861,100,100178,100,99837,100,100232,100,99826,100,100239,100,99788,100,100256,100,99787,100,100279,100,99772,100
2019-06-28 09:47:53.986583922,100007,270,99952,270,100047,270,99947,270,100051,100,99938,100,100089,200,99884,100,100152,100,99861,100,100178,100,99837,100,100232,100,99826,100,100239,100,99808,100,100256,100,99788,100,100279,100,99787,100
2019-06-28 09:47:58.310985438,100007,270,99952,270,100047,270,99947,270,100051,100,99938,100,100089,200,99884,100,100152,100,99861,100,100178,100,99837,100,100232,100,99826,100,100239,100,99808,100,100256,100,99788,100,100279,100,99787,100
2019-06-28 09:48:00.000000000,100007,270,99952,270,100047,270,99947,270,100051,100,99938,100,100089,200,99884,100,100152,100,99861,100,100178,100,99837,100,100232,100,99826,100,100239,100,99808,100,100256,100,99788,100,100279,100,99787,100
2019-06-28 09:48:10.000000000,100007,185,99952,185,100047,185,99947,185,100051,185,99938,185,100089,285,99884,185,100152,100,99861,100,100178,100,99837,100,100232,100,99826,100,100239,100,99808,100,100256,100,99788,100,100279,100,99787,100
2019-06-28 09:48:20.000000000,100007,270,99952,270,100047,270,99947,270,100051,100,99938,100,100089,200,99884,100,100152,100,99861,100,100178,100,99837,100,100232,100,99826,100,100239,100,99808,100,100256,100,99788,100,100279,100,99787,100
2019-06-28 09:48:28.626151998,100007,270,99952,270,100047,270,99947,270,100051,100,99938,100,100089,200,99884,100,100152,100,99861,100,100178,100,99837,100,100232,100,99826,100,100239,100,99808,100,100256,100,99788,100,100279,100,99787,100
2019-06-28 09:48:29.611239721,100007,270,99952,270,100047,270,99947,170,100051,100,99938,100,100089,200,99884,100,100152,100,99861,100,100178,100,99837,100,100232,100,99826,100,100239,100,99808,100,100256,100,99788,100,100279,100,99787,100
2019-06-28 09:48:30.000000000,100007,270,99952,270,100047,270,99938,270,100051,100,99884,100,100089,200,99861,100,100152,100,99837,100,100178,100,99826,100,100232,100,99808,100,100239,100,99788,100,100256,100,99787,100,100279,100,99772,100
2019-06-28 09:48:33.274486574,100007,270,99952,270,100047,270,99938,270,100051,100,99884,100,100089,200,99861,100,100152,100,99837,100,100178,100,99826,100,100232,100,99808,100,100239,100,99788,100,100279,100,99787,100,100293,100,99772,100
2019-06-28 09:48:40.000000000,100007,168,99952,168,100047,168,99938,168,100051,168,99884,168,100089,268,99861,168,100152,168,99837,168,100178,100,99826,100,100232,100,99808,100,100239,100,99788,100,100279,100,99787,100,100293,100,99772,100
2019-06-28 09:48:50.000000000,100007,185,99952,185,100047,185,99938,185,100051,185,99884,185,100089,285,99861,185,100152,100,99837,100,100178,100,99826,100,100232,100,99808,100,100239,100,99788,100,100279,100,99787,100,100293,100,99772,100
2019-06-28 09:49:00.000000000,100007,185,99952,185,100047,185,99938,185,100051,185,99884,185,100089,285,99861,185,100152,100,99837,100,100178,100,99826,100,100232,100,99808,100,100239,100,99788,100,100279,100,99787,100,100293,100,99772,100
2019-06-28 09:49:07.582332263,100007,185,99952,185,100047,185,99938,185,100051,185,99921,100,100089,285,99884,185,100152,100,99861,185,100178,100,99837,100,100232,100,99826,100,100239,100,99808,100,100279,100,99788,100,100293,100,99787,100
2019-06-28 09:49:10.000000000,100007,440,99952,440,100047,100,99938,100,100051,100,99921,100,100089,200,99884,100,100152,100,99861,100,100178,100,99837,100,100232,100,99826,100,100239,100,99808,100,100279,100,99788,100,100293,100,99787,100
2019-06-28 09:49:20.000000000,100007,270,99952,270,100047,270,99938,270,100051,100,99921,100,100089,200,99884,100,100152,100,99861,100,100178,100,99837,100,100232,100,99826,100,100239,100,99808,100,100279,100,99788,100,100293,100,99787,100
2019-06-28 09:49:30.000000000,100007,185,99952,185,100047,185,99938,185,100051,185,99921,185,100089,285,99884,185,100152,100,99861,100,100178,100,99837,100,100232,100,99826,100,100239,100,99808,100,100279,100,99788,100,100293,100,99787,100
2019-06-28 09:49:40.000000000,100007,270,99952,270,100047,270,99938,270,100051,100,99921,100,100089,200,99884,100,100152,100,99861,100,100178,100,99837,100,100232,100,99826,100,100239,100,99808,100,100279,100,99788,100,100293,100,99787,100
2019-06-28 09:49:41.266142850,100007,170,99952,270,100047,270,99938,270,100051,100,99921,100,100089,200,99884,100,100152,100,99861,100,100178,100,99837,100,100232,100,99826,100,100239,100,99808,100,100279,100,99788,100,100293,100,99787,100
2019-06-28 09:49:50.000000000,100047,168,99952,168,100051,168,99938,168,100089,268,99921,168,100152,168,99884,168,100178,168,99861,168,100232,100,99837,100,100239,100,99826,100,100279,100,99808,100,100293,100,99788,100,100307,100,99787,100
2019-06-28 09:50:00.000000000,100047,216,99952,216,100051,212,99938,212,100089,312,99921,212,100152,100,99884,100,100178,100,99861,100,100232,100,99837,100,100239,100,99826,100,100279,100,99808,100,100293,100,99788,100,100307,100,99787,100
2019-06-28 09:50:10.000000000,100047,270,99952,270,100051,270,99938,270,100089,200,99921,100,100152,100,99884,100,100178,100,99861,100,100232,100,99837,100,100239,100,99826,100,100279,100,99808,100,100293,100,99788,100,100307,100,99787,100
2019-06-28 09:50:17.471935433,100047,270,99970,100,100051,270,99952,270,100089,200,99938,270,100152,100,99921,100,100178,100,99884,100,100232,100,99861,100,100239,100,99837,100,100279,100,99826,100,100293,100,99808,100,100307,100,99788,100
2019-06-28 09:50:20.000000000,100047,216,99970,216,100051,212,99952,212,100089,312,99938,212,100152,100,99921,100,100178,100,99884,100,100232,100,99861,100,100239,100,99837,100,100279,100,99826,100,100293,100,99808,100,100307,100,99788,100
2019-06-28 09:50:30.000000000,100047,168,99970,168,100051,168,99952,168,100089,268,99938,168,100152,168,99921,168,100178,168,99884,168,100232,100,99861,100,100239,100,99837,100,100279,100,99826,100,100293,100,99808,100,100307,100,99788,100
2019-06-28 09:50:40.000000000,100047,185,99970,185,100051,185,99952,185,100089,285,99938,185,100152,185,99921,185,100178,100,99884,100,100232,100,99861,100,100239,100,99837,100,100279,100,99826,100,100293,100,99808,100,100307,100,99788,100
2019-06-28 09:50:40.076272337,100047,85,99970,185,100051,185,99952,185,100089,285,99938,185,100152,185,99921,185,100178,100,99884,100,100232,100,99861,100,100239,100,99837,100,100279,100,99826,100,100293,100,99808,100,100307,100,99788,100
2019-06-28 09:50:47.011334422,100047,85,99970,185,100051,185,99952,185,100089,285,99938,185,100152,185,99921,185,100178,100,99884,100,100232,100,99861,100,100239,100,99837,100,100279,100,99826,100,100293,100,99808,100,100307,100,99788,100
2019-06-28 09:50:50.000000000,100051,185,99970,185,100089,285,99952,185,100152,185,99938,185,100178,185,99921,185,100232,100,99884,100,100239,100,99861,100,100279,100,99837,100,100293,100,99826,100,100307,100,99808,100,100310,100,99788,100
2019-06-28 09:51:00.000000000,100051,270,99970,270,100089,370,99952,270,100152,100,99938,100,100178,100,99921,100,100232,100,99884,100,100239,100,99861,100,100279,100,99837,100,100293,100,99826,100,100307,100,99808,100,100310,100,99788,100
2019-06-28 09:51:01.904370920,100051,270,100007,100,100089,370,99970,270,100152,100,99952,270,100178,100,99938,100,100232,100,99921,100,100239,100,99884,100,100279,100,99861,100,100293,100,99837,100,100307,100,99826,100,100310,100,99808,100
2019-06-28 09:51:05.981858076,100051,270,100007,100,100089,370,99970,270,100152,100,99952,270,100178,100,99938,100,100232,100,99921,100,100239,100,99884,100,100279,100,99861,100,100293,100,99837,100,100307,100,99826,100,100310,100,99808,100
2019-06-28 09:51:10.000000000,100051,168,100007,168,100089,268,99970,168,100152,168,99952,168,100178,168,99938,168,100232,168,99921,168,100239,100,99884,100,100279,100,99861,100,100293,100,99837,100,100307,100,99826,100,100310,100,99808,100
2019-06-28 09:51:19.529898892,100051,68,100007,168,100089,268,99970,168,100152,168,99952,168,100178,168,99938,168,100232,168,99921,168,100239,100,99884,100,100279,100,99861,100,100293,100,99837,100,100307,100,99826,100,100310,100,99808,100
2019-06-28 09:51:19.577051229,100089,268,100051,32,100152,168,100007,168,100178,168,99970,168,100232,168,99952,168,100239,100,99938,168,100279,100,99921,168,100293,100,99884,100,100307,100,99861,100,100310,100,99837,100,100319,100,99826,100
2019-06-28 09:51:20.000000000,100089,370,100051,202,100152,270,100007,270,100178,100,99970,100,100232,100,99952,100,100239,100,99938,100,100279,100,99921,100,100293,100,99884,100,100307,100,99861,100,100310,100,99837,100,100319,100,99826,100
2019-06-28 09:51:30.000000000,100089,370,100051,202,100152,270,100007,270,100178,100,99970,100,100232,100,99952,100,100239,100,99938,100,100279,100,99921,100,100293,100,99884,100,100307,100,99861,100,100310,100,99837,100,100319,100,99826,100
2019-06-28 09:51:40.000000000,100089,285,100051,117,100152,185,100007,185,100178,185,99970,185,100232,185,99952,185,100239,100,99938,100,100279,100,99921,100,100293,100,99884,100,100307,100,99861,100,100310,100,99837,100,100319,100,99826,100
2019-06-28 09:51:46.636914205,100089,285,100051,117,100152,185,100007,85,100178,185,99970,185,100232,185,99952,185,100239,100,99938,100,100279,100,99921,100,100293,100,99884,100,100307,100,99861,100,100310,100,99837,100,100319,100,99826,100
2019-06-28 09:51:48.173193887,100089,285,100051,117,100152,185,100007,85,100178,185,99970,185,100232,185,99952,185,100239,100,99938,100,100279,100,99921,100,100293,100,99884,100,100307,100,99861,100,100310,100,99837,100,100319,100,99826,100
2019-06-28 09:51:50.000000000,100089,285,100051,117,100152,185,99970,185,100178,185,99952,185,100232,185,99938,185,100239,100,99921,100,100279,100,99884,100,100293,100,99861,100,100307,100,99837,100,100310,100,99826,100,100319,100,99808,100
2019-06-28 09:52:00.000000000,100089,370,100051,202,100152,270,99970,270,100178,100,99952,100,100232,100,99938,100,100239,100,99921,100,100279,100,99884,100,100293,100,99861,100,100307,100,99837,100,100310,100,99826,100,100319,100,99808,100
2019-06-28 09:52:04.034727024,100089,370,100051,202,100152,270,99970,270,100178,100,99952,100,100232,100,99938,100,100239,100,99921,100,100279,100,99884,100,100293,100,99861,100,100307,100,99837,100,100310,100,99826,100,100319,100,99808,100
2019-06-28 09:52:05.215870522,100089,270,100051,202,100152,270,99970,270,100178,100,99952,100,100232,100,99938,100,100239,100,99921,100,100279,100,99884,100,100293,100,99861,100,100307,100,99837,100,100310,100,99826,100,100319,100,99808,100
2019-06-28 09:52:10.000000000,100089,185,100051,117,100152,185,99970,185,100178,185,99952,185,100232,185,99938,185,100239,100,99921,100,100279,100,99884,100,100293,100,99861,100,100307,100,99837,100,100310,100,99826,100,100319,100,99808,100
2019-06-28 09:52:14.333402002,100089,85,100051,117,100152,85,99970,185,100178,185,99952,185,100232,185,99938,185,100239,100,99921,100,100279,100,99884,100,100293,100,99861,100,100307,100,99837,100,100310,100,99826,100,100319,100,99808,100
2019-06-28 09:52:16.797961519,100089,85,100055,100,100152,85,100051,117,100178,185,99970,185,100232,185,99952,185,100239,100,99938,185,100279,100,99921,100,100293,100,99861,100,100307,100,99837,100,100310,100,99826,100,100319,100,99808,100
2019-06-28 09:52:20.000000000,100178,440,100055,440,100232,100,100051,32,100239,100,99970,100,100279,100,99952,100,100293,100,99938,100,100307,100,99921,100,100310,100,99861,100,100319,100,99837,100,100345,100,99826,100,100358,100,99808,100
2019-06-28 09:52:30.000000000,100178,440,100055,440,100232,100,100051,32,100239,100,99970,100,100279,100,99952,100,100293,100,99938,100,100307,100,99921,100,100310,100,99861,100,100319,100,99837,100,100345,100,99826,100,100358,100,99808,100
2019-06-28 09:52:38.783441346,100089,100,100055,440,100178,440,100051,32,100232,100,99970,100,100239,100,99952,100,100279,100,99938,100,100293,100,99921,100,100307,100,99861,100,100310,100,99837,100,100319,100,99826,100,100345,100,99808,100
2019-06-28 09:52:40.000000000,100089,216,100055,216,100178,212,100051,144,100232,212,99970,212,100239,100,99952,100,100279,100,99938,100,100293,100,99921,100,100307,100,99861,100,100310,100,99837,100,100319,100,99826,100,100345,100,99808,100
2019-06-28 09:52:44.711291034,100089,216,100055,216,100178,212,100051,144,100232,212,99970,212,100239,100,99952,100,100279,100,99938,100,100293,100,99930,100,100307,100,99921,100,100310,100,99861,100,100319,100,99837,100,100345,100,99826,100
2019-06-28 09:52:50.000000000,100089,216,100055,216,100178,212,100051,144,100232,212,99970,212,100239,100,99952,100,100279,100,99938,100,100293,100,99930,100,100307,100,99921,100,100310,100,99861,100,100319,100,99837,100,100345,100,99826,100
2019-06-28 09:52:52.299836579,100089,216,100055,216,100178,212,100051,144,100232,212,99970,212,100239,100,99952,100,100279,100,99938,100,100293,100,99930,100,100307,100,99921,100,100310,100,99861,100,100319,100,99856,100,100345,100,99837,100
2019-06-28 09:52:53.612984388,100089,216,100055,216,100178,212,100051,144,100232,212,99970,212,100239,100,99952,100,100279,100,99938,100,100293,100,99930,100,100307,100,99921,100,100310,100,99883,100,100319,100,99861,100,100345,100,99837,100
2019-06-28 09:53:00.000000000,100089,185,100055,185,100178,185,100051,117,100232,185,99970,185,100239,185,99952,185,100279,100,99938,100,100293,100,99930,100,100307,100,99921,100,100310,100,99883,100,100319,100,99861,100,100345,100,99837,100
2019-06-28 09:53:10.000000000,100089,440,100055,440,100178,100,100051,32,100232,100,99970,100,100239,100,99952,100,100279,100,99938,100,100293,100,99930,100,100307,100,99921,100,100310,100,99883,100,100319,100,99861,100,100345,100,99837,100
2019-06-28 09:53:13.491089682,100089,440,100055,340,100178,100,100051,32,100232,100,99970,100,100239,100,99952,100,100279,100,99938,100,100293,100,99930,100,100307,100,99921,100,100310,100,99883,100,100319,100,99861,100,100345,100,99837,100
2019-06-28 09:53:20.000000000,100089,168,100051,100,100178,168,99970,168,100232,168,99952,168,100239,168,99938,168,100279,168,99930,168,100293,100,99921,100,100307,100,99883,100,100310,100,99861,100,100319,100,99837,100,100345,100,99826,100
2019-06-28 09:53:29.376219346,100089,168,100051,100,100178,168,99970,168,100232,168,99952,168,100239,168,99938,168,100279,168,99930,168,100293,100,99921,100,100307,100,99883,100,100310,100,99861,100,100319,100,99837,100,100345,100,99808,100
2019-06-28 09:53:30.000000000,100089,168,100051,100,100178,168,99970,168,100232,168,99952,168,100239,168,99938,168,100279,168,99930,168,100293,100,99921,100,100307,100,99883,100,100310,100,99861,100,100319,100,99837,100,100345,100,99808,100
2019-06-28 09:53:40.000000000,100089,185,100051,117,100178,185,99970,185,100232,185,99952,185,100239,185,99938,185,100279,100,99930,100,100293,100,99921,100,100307,100,99883,100,100310,100,99861,100,100319,100,99837,100,100345,100,99808,100
2019-06-28 09:53:50.000000000,100089,185,100051,117,100178,185,99970,185,100232,185,99952,185,100239,185,99938,185,100279,100,99930,100,100293,100,99921,100,100307,100,99883,100,100310,100,99861,100,100319,100,99837,100,100345,100,99808,100
2019-06-28 09:54:00.000000000,100089,185,100051,117,100178,185,99970,185,100232,185,99952,185,100239,185,99938,185,100279,100,99930,100,100293,100,99921,100,100307,100,99883,100,100310,100,99861,100,100319,100,99837,100,100345,100,99808,100
2019-06-28 09:54:10.000000000,100089,168,100051,100,100178,168,99970,168,100232,168,99952,168,100239,168,99938,168,100279,168,99930,168,100293,100,99921,100,100307,100,99883,100,100310,100,99861,100,100319,100,99837,100,100345,100,99808,100
2019-06-28 09:54:20.000000000,100089,270,100051,202,100178,270,99970,270,100232,100,99952,100,100239,100,99938,100,100279,100,99930,100,100293,100,99921,100,100307,100,99883,100,100310,100,99861,100,100319,100,99837,100,100345,100,99808,100
2019-06-28 09:54:28.715483680,100089,270,100051,202,100178,270,99970,270,100232,100,99938,100,100239,100,99930,100,100279,100,99921,100,100293,100,99883,100,100307,100,99861,100,100310,100,99837,100,100319,100,99808,100,100345,100,99788,100
2019-06-28 09:54:29.849234488,100089,270,100051,202,100178,270,99970,270,100232,100,99938,100,100239,100,99930,100,100279,100,99921,100,100293,100,99883,100,100307,100,99880,100,100310,100,99861,100,100319,100,99837,100,100345,100,99808,100
2019-06-28 09:54:30.000000000,100089,270,100051,202,100178,270,99970,270,100232,100,99938,100,100239,100,99930,100,100279,100,99921,100,100293,100,99883,100,100307,100,99880,100,100310,100,99861,100,100319,100,99837,100,100345,100,99808,100
2019-06-28 09:54:40.000000000,100089,168,100051,100,100178,168,99970,168,100232,168,99938,168,100239,168,99930,168,100279,168,99921,168,100293,100,99883,100,100307,100,99880,100,100310,100,99861,100,100319,100,99837,100,100345,100,99808,100
2019-06-28 09:54:50.000000000,100089,168,100051,100,100178,168,99970,168,100232,168,99938,168,100239,168,99930,168,100279,168,99921,168,100293,100,99883,100,100307,100,99880,100,100310,100,99861,100,100319,100,99837,100,100345,100,99808,100
2019-06-28 09:55:00.000000000,100089,216,100051,148,100178,212,99970,212,100232,212,99938,212,100239,100,99930,100,100279,100,99921,100,100293,100,99883,100,100307,100,99880,100,100310,100,99861,100,100319,100,99837,100,100345,100,99808,100
2019-06-28 09:55:10.000000000,100089,440,100051,372,100178,100,99970,100,100232,100,99938,100,100239,100,99930,100,100279,100,99921,100,100293,100,99883,100,100307,100,99880,100,100310,100,99861,100,100319,100,99837,100,100345,100,99808,100
2019-06-28 09:55:20.000000000,100089,216,100051,148,100178,212,99970,212,100232,212,99938,212,100239,100,99930,100,100279,100,99921,100,100293,100,99883,100,100307,100,99880,100,100310,100,99861,100,100319,100,99837,100,100345,100,99808,100
2019-06-28 09:55:30.000000000,100089,185,100051,117,100178,185,99970,185,100232,185,99938,185,100239,185,99930,185,100279,100,99921,100,100293,100,99883,100,100307,100,99880,100,100310,100,99861,100,100319,100,99837,100,100345,100,99808,100
2019-06-28 09:55:37.708211146,100089,185,100051,117,100178,185,99970,185,100232,185,99938,185,100239,185,99930,185,100279,100,99921,100,100293,100,99883,100,100307,100,99880,100,100310,100,99861,100,100319,100,99837,100,100409,100,99808,100
2019-06-28 09:55:40.000000000,100089,185,100051,117,100178,185,99970,185,100232,185,99938,185,100239,185,99930,185,100279,100,99921,100,100293,100,99883,100,100307,100,99880,100,100310,100,99861,100,100319,100,99837,100,100409,100,99808,100
2019-06-28 09:55:44.305749223,100089,185,100051,17,100178,185,99970,185,100232,185,99938,185,100239,185,99930,185,100279,100,99921,100,100293,100,99883,100,100307,100,99880,100,100310,100,99861,100,100319,100,99837,100,100409,100,99808,100
2019-06-28 09:55:50.000000000,100089,270,99970,270,100178,270,99938,270,100232,100,99930,100,100239,100,99921,100,100279,100,99883,100,100293,100,99880,100,100307,100,99861,100,100310,100,99837,100,100319,100,99808,100,100409,100,99788,100
2019-06-28 09:55:53.602135521,100055,100,99970,270,100089,270,99938,270,100178,270,99930,100,100232,100,99921,100,100239,100,99883,100,100279,100,99880,100,100293,100,99861,100,100307,100,99837,100,100310,100,99808,100,100319,100,99788,100
2019-06-28 09:55:55.320895907,100055,200,99970,270,100089,270,99938,270,100178,270,99930,100,100232,100,99921,100,100239,100,99883,100,100279,100,99880,100,100293,100,99861,100,100307,100,99837,100,100310,100,99808,100,100319,100,99788,100
2019-06-28 09:56:00.000000000,100055,540,99970,440,100089,100,99938,100,100178,100,99930,100,100232,100,99921,100,100239,100,99883,100,100279,100,99880,100,100293,100,99861,100,100307,100,99837,100,100310,100,99808,100,100319,100,99788,100
2019-06-28 09:56:10.000000000,100055,316,99970,216,100089,212,99938,212,100178,212,99930,212,100232,100,99921,100,100239,100,99883,100,100279,100,99880,100,100293,100,99861,100,100307,100,99837,100,100310,100,99808,100,100319,100,99788,100
2019-06-28 09:56:20.000000000,100055,316,99970,216,100089,212,99938,212,100178,212,99930,212,100232,100,99921,100,100239,100,99883,100,100279,100,99880,100,100293,100,99861,100,100307,100,99837,100,100310,100,99808,100,100319,100,99788,100
2019-06-28 09:56:23.286091521,100055,316,99970,216,100089,212,99938,212,100178,212,99930,212,100232,100,99921,100,100239,100,99883,100,100279,100,99880,100,100293,100,99861,100,100307,100,99837,100,100310,100,99808,100,100319,100,99788,100
2019-06-28 09:56:30.000000000,100055,540,99970,440,100089,100,99938,100,100178,100,99930,100,100232,100,99921,100,100239,100,99883,100,100279,100,99880,100,100293,100,99861,100,100307,100,99837,100,100310,100,99808,100,100319,100,99788,100
2019-06-28 09:56:40.000000000,100055,540,99970,440,100089,100,99938,100,100178,100,99930,100,100232,100,99921,100,100239,100,99883,100,100279,100,99880,100,100293,100,99861,100,100307,100,99837,100,100310,100,99808,100,100319,100,99788,100
2019-06-28 09:56:45.105925015,100055,540,99970,340,100089,100,99938,100,100178,100,99930,100,100232,100,99921,100,100239,100,99883,100,100279,100,99861,100,100293,100,99837,100,100307,100,99808,100,100310,100,99788,100,100319,100,99787,100
2019-06-28 09:56:50.000000000,100055,316,99938,216,100089,212,99930,212,100178,212,99921,212,100232,100,99883,100,100239,100,99861,100,100279,100,99837,100,100293,100,99808,100,100307,100,99788,100,100310,100,99787,100,100319,100,99759,100
2019-06-28 09:57:00.000000000,100055,370,99938,270,100089,270,99930,270,100178,100,99921,100,100232,100,99883,100,100239,100,99861,100,100279,100,99837,100,100293,100,99808,100,100307,100,99788,100,100310,100,99787,100,100319,100,99759,100
2019-06-28 09:57:10.000000000,100055,316,99938,216,100089,212,99930,212,100178,212,99921,212,100232,100,99883,100,100239,100,99861,100,100279,100,99837,100,100293,100,99808,100,100307,100,99788,100,100310,100,99787,100,100319,100,99759,100
2019-06-28 09:57:15.210668263,100055,316,100006,100,100089,212,99938,216,100178,212,99930,212,100232,100,99921,212,100239,100,99883,100,100279,100,99861,100,100293,100,99837,100,100307,100,99808,100,100310,100,99788,100,100319,100,99787,100
2019-06-28 09:57:20.000000000,100055,540,100006,440,100089,100,99938,100,100178,100,99930,100,100232,100,99921,100,100239,100,99883,100,100279,100,99861,100,100293,100,99837,100,100307,100,99808,100,100310,100,99788,100,100319,100,99787,100
2019-06-28 09:57:20.458369552,100055,540,100006,440,100089,100,99938,100,100178,100,99930,100,100232,100,99921,100,100239,100,99883,100,100279,100,99862,100,100293,100,99861,100,100307,100,99837,100,100310,100,99808,100,100319,100,99788,100
2019-06-28 09:57:30.000000000,100055,370,100006,270,100089,270,99938,270,100178,100,99930,100,100232,100,99921,100,100239,100,99883,100,100279,100,99862,100,100293,100,99861,100,100307,100,99837,100,100310,100,99808,100,100319,100,99788,100
2019-06-28 09:57:38.126269987,100055,370,100006,170,100089,270,99938,270,100178,100,99930,100,100232,100,99921,100,100239,100,99883,100,100279,100,99862,100,100293,100,99861,100,100307,100,99837,100,100310,100,99808,100,100319,100,99788,100
2019-06-28 09:57:40.000000000,100055,540,99938,440,100089,100,99930,100,100178,100,99921,100,100232,100,99883,100,100239,100,99862,100,100279,100,99861,100,100293,100,99837,100,100307,100,99808,100,100310,100,99788,100,100319,100,99787,100
2019-06-28 09:57:50.000000000,100055,285,99938,185,100089,185,99930,185,100178,185,99921,185,100232,185,99883,185,100239,100,99862,100,100279,100,99861,100,100293,100,99837,100,100307,100,99808,100,100310,100,99788,100,100319,100,99787,100
2019-06-28 09:58:00.000000000,100055,540,99938,440,100089,100,99930,100,100178,100,99921,100,100232,100,99883,100,100239,100,99862,100,100279,100,99861,100,100293,100,99837,100,100307,100,99808,100,100310,100,99788,100,100319,100,99787,100
2019-06-28 09:58:10.000000000,100055,540,99938,440,100089,100,99930,100,100178,100,99921,100,100232,100,99883,100,100239,100,99862,100,100279,100,99861,100,100293,100,99837,100,100307,100,99808,100,100310,100,99788,100,100319,100,99787,100
2019-06-28 09:58:20.000000000,100055,316,99938,216,100089,212,99930,212,100178,212,99921,212,100232,100,99883,100,100239,100,99862,100,100279,100,99861,100,100293,100,99837,100,100307,100,99808,100,100310,100,99788,100,100319,100,99787,100
2019-06-28 09:58:21.217787800,100055,316,99938,116,100089,212,99930,212,100178,212,99921,212,100232,100,99883,100,100239,100,99862,100,100279,100,99861,100,100293,100,99837,100,100307,100,99808,100,100310,100,99788,100,100319,100,99787,100
2019-06-28 09:58:30.000000000,100055,285,99930,185,100089,185,99921,185,100178,185,99883,185,100232,185,99862,185,100239,100,99861,100,100279,100,99837,100,100293,100,99808,100,100307,100,99788,100,100310,100,99787,100,100319,100,99759,100
2019-06-28 09:58:40.000000000,100055,316,99930,216,100089,212,99921,212,100178,212,99883,212,100232,100,99862,100,100239,100,99861,100,100279,100,99837,100,100293,100,99808,100,100307,100,99788,100,100310,100,99787,100,100319,100,99759,100
2019-06-28 09:58:50.000000000,100055,540,99930,440,100089,100,99921,100,100178,100,99883,100,100232,100,99862,100,100239,100,99861,100,100279,100,99837,100,100293,100,99808,100,100307,100,99788,100,100310,100,99787,100,100319,100,99759,100
2019-06-28 09:58:57.033721934,100055,540,99930,440,100089,100,99921,100,100178,100,99883,100,100232,100,99862,100,100239,100,99861,100,100279,100,99837,100,100307,100,99808,100,100310,100,99788,100,100319,100,99787,100,100409,100,99770,100
2019-06-28 09:59:00.000000000,100055,285,99930,185,100089,185,99921,185,100178,185,99883,185,100232,185,99862,185,100239,100,99861,100,100279,100,99837,100,100307,100,99808,100,100310,100,99788,100,100319,100,99787,100,100409,100,99770,100
2019-06-28 09:59:04.324460426,100055,285,99930,85,100089,185,99921,185,100178,185,99883,185,100232,185,99862,185,100239,100,99861,100,100279,100,99837,100,100307,100,99808,100,100310,100,99788,100,100319,100,99787,100,100409,100,99770,100
2019-06-28 09:59:10.000000000,100055,285,99921,185,100089,185,99883,185,100178,185,99862,185,100232,185,99861,185,100239,100,99837,100,100279,100,99808,100,100307,100,99788,100,100310,100,99787,100,100319,100,99770,100,100409,100,99759,100
2019-06-28 09:59:19.698159182,100055,285,99921,85,100089,185,99883,185,100178,185,99862,185,100232,185,99861,185,100239,100,99837,100,100279,100,99808,100,100307,100,99788,100,100310,100,99787,100,100319,100,99770,100,100409,100,99759,100
2019-06-28 09:59:19.895505395,99930,100,99921,85,100055,285,99883,185,100089,185,99862,185,100178,185,99861,185,100232,185,99837,100,100239,100,99808,100,100279,100,99788,100,100307,100,99787,100,100310,100,99770,100,100319,100,99759,100
2019-06-28 09:59:20.000000000,99930,270,99883,270,100055,370,99862,270,100089,100,99861,100,100178,100,99837,100,100232,100,99808,100,100239,100,99788,100,100279,100,99787,100,100307,100,99770,100,100310,100,99759,100,100319,100,99681,100
2019-06-28 09:59:30.000000000,99930,216,99883,216,100055,312,99862,212,100089,212,99861,212,100178,100,99837,100,100232,100,99808,100,100239,100,99788,100,100279,100,99787,100,100307,100,99770,100,100310,100,99759,100,100319,100,99681,100
2019-06-28 09:59:33.464287288,99930,216,99883,216,99958,100,99862,212,100055,312,99861,212,100089,212,99837,100,100178,100,99808,100,100232,100,99788,100,100239,100,99787,100,100279,100,99770,100,100307,100,99759,100,100310,100,99681,100
2019-06-28 09:59:35.696405624,99930,216,99883,116,99958,100,99862,212,100055,312,99861,212,100089,212,99837,100,100178,100,99808,100,100232,100,99788,100,100239,100,99787,100,100279,100,99770,100,100307,100,99759,100,100319,100,99681,100
2019-06-28 09:59:40.000000000,99930,168,99862,168,99958,168,99861,168,100055,268,99837,168,100089,168,99808,168,100178,168,99788,168,100232,100,99787,100,100239,100,99770,100,100279,100,99759,100,100307,100,99681,100,100319,100,99661,100
2019-06-28 09:59:50.000000000,99930,440,99862,440,99958,100,99861,100,100055,200,99837,100,100089,100,99808,100,100178,100,99788,100,100232,100,99787,100,100239,100,99770,100,100279,100,99759,100,100307,100,99681,100,100319,100,99661,100
2019-06-28 10:00:00.000000000,99930,185,99862,185,99958,185,99861,185,100055,285,99837,185,100089,185,99808,185,100178,100,99788,100,100232,100,99787,100,100239,100,99770,100,100279,100,99759,100,100307,100,99681,100,100319,100,99661,100
2019-06-28 10:00:10.000000000,99930,270,99862,270,99958,270,99861,270,100055,200,99837,100,100089,100,99808,100,100178,100,99788,100,100232,100,99787,100,100239,100,99770,100,100279,100,99759,100,100307,100,99681,100,100319,100,99661,100
2019-06-28 10:00:20.000000000,99930,168,99862,168,99958,168,99861,168,100055,268,99837,168,100089,168,99808,168,100178,168,99788,168,100232,100,99787,100,100239,100,99770,100,100279,100,99759,100,100307,100,99681,100,100319,100,99661,100
2019-06-28 10:00:27.400269311,99930,168,99922,100,99958,168,99862,168,100055,168,99861,168,100089,168,99837,168,100178,168,99808,168,100232,100,99788,168,100239,100,99787,100,100279,100,99770,100,100307,100,99759,100,100319,100,99681,100
2019-06-28 10:00:30.000000000,99930,216,99922,216,99958,212,99862,212,100055,212,99861,212,100089,100,99837,100,100178,100,99808,100,100232,100,99788,100,100239,100,99787,100,100279,100,99770,100,100307,100,99759,100,100319,100,99681,100
2019-06-28 10:00:40.000000000,99930,168,99922,168,99958,168,99862,168,100055,168,99861,168,100089,168,99837,168,100178,168,99808,168,100232,100,99788,100,100239,100,99787,100,100279,100,99770,100,100307,100,99759,100,100319,100,99681,100
2019-06-28 10:00:50.000000000,99930,185,99922,185,99958,185,99862,185,100055,185,99861,185,100089,185,99837,185,100178,100,99808,100,100232,100,99788,100,100239,100,99787,100,100279,100,99770,100,100307,100,99759,100,100319,100,99681,100
2019-06-28 10:01:00.000000000,99930,168,99922,168,99958,168,99862,168,100055,168,99861,168,100089,168,99837,168,100178,168,99808,168,100232,100,99788,100,100239,100,99787,100,100279,100,99770,100,100307,100,99759,100,100319,100,99681,100
2019-06-28 10:01:10.000000000,99930,216,99922,216,99958,212,99862,212,100055,212,99861,212,100089,100,99837,100,100178,100,99808,100,100232,100,99788,100,100239,100,99787,100,100279,100,99770,100,100307,100,99759,100,100319,100,99681,100
2019-06-28 10:01:20.000000000,99930,270,99922,270,99958,270,99862,270,100055,100,99861,100,100089,100,99837,100,100178,100,99808,100,100232,100,99788,100,100239,100,99787,100,100279,100,99770,100,100307,100,99759,100,100319,100,99681,100
2019-06-28 10:01:30.000000000,99930,216,99922,216,99958,212,99862,212,100055,212,99861,212,100089,100,99837,100,100178,100,99808,100,100232,100,99788,100,100239,100,99787,100,100279,100,99770,100,100307,100,99759,100,100319,100,99681,100
2019-06-28 10:01:35.499524371,99930,216,99922,216,99958,212,99862,212,100055,212,99861,212,100089,100,99837,100,100178,100,99808,100,100232,100,99788,100,100239,100,99787,100,100279,100,99770,100,100307,100,99759,100,100319,100,99681,100
2019-06-28 10:01:40.000000000,99930,440,99922,440,99958,100,99862,100,100055,100,99861,100,100089,100,99837,100,100178,100,99808,100,100232,100,99788,100,100239,100,99787,100,100279,100,99770,100,100307,100,99759,100,100319,100,99681,100
2019-06-28 10:01:42.780687776,99930,440,99922,340,100055,100,99862,100,100089,100,99861,100,100178,100,99837,100,100232,100,99808,100,100239,100,99788,100,100279,100,99787,100,100307,100,99770,100,100319,100,99759,100,100409,100,99681,100
2019-06-28 10:01:50.000000000,99930,270,99862,270,100055,270,99861,270,100089,100,99837,100,100178,100,99808,100,100232,100,99788,100,100239,100,99787,100,100279,100,99770,100,100307,100,99759,100,100319,100,99681,100,100409,100,99661,100
2019-06-28 10:02:00.000000000,99930,216,99862,216,100055,212,99861,212,100089,212,99837,212,100178,100,99808,100,100232,100,99788,100,100239,100,99787,100,100279,100,99770,100,100307,100,99759,100,100319,100,99681,100,100409,100,99661,100
2019-06-28 10:02:10.000000000,99930,185,99862,185,100055,185,99861,185,100089,185,99837,185,100178,185,99808,185,100232,100,99788,100,100239,100,99787,100,100279,100,99770,100,100307,100,99759,100,100319,100,99681,100,100409,100,99661,100
2019-06-28 10:02:13.835938063,99930,185,99862,85,100055,185,99861,185,100089,185,99837,185,100178,185,99808,185,100232,100,99788,100,100239,100,99787,100,100279,100,99770,100,100307,100,99759,100,100319,100,99681,100,100409,100,99661,100
2019-06-28 10:02:20.000000000,99930,270,99861,270,100055,270,99837,270,100089,100,99808,100,100178,100,99788,100,100232,100,99787,100,100239,100,99770,100,100279,100,99759,100,100307,100,99681,100,100319,100,99661,100,100409,100,99538,100
2019-06-28 10:02:26.254348150,99930,270,99861,170,100055,270,99837,270,100089,100,99808,100,100178,100,99788,100,100232,100,99787,100,100239,100,99770,100,100279,100,99759,100,100307,100,99681,100,100319,100,99661,100,100409,100,99538,100
2019-06-28 10:02:30.000000000,99930,168,99837,168,100055,168,99808,168,100089,168,99788,168,100178,168,99787,168,100232,168,99770,168,100239,100,99759,100,100279,100,99681,100,100307,100,99661,100,100319,100,99538,100,100409,100,99380,100
2019-06-28 10:02:31.647123228,99930,168,99837,168,100055,168,99808,168,100089,168,99788,168,100178,168,99787,168,100232,168,99770,168,100239,100,99759,100,100279,100,99681,100,100307,100,99661,100,100319,100,99538,100,100409,100,99380,100
2019-06-28 10:02:40.000000000,99930,216,99837,216,100055,212,99808,212,100089,212,99788,212,100178,100,99787,100,100232,100,99770,100,100239,100,99759,100,100279,100,99681,100,100307,100,99661,100,100319,100,99538,100,100409,100,99380,100
2019-06-28 10:02:42.066002688,99862,100,99837,216,99930,216,99808,212,100055,212,99788,212,100089,212,99787,100,100178,100,99770,100,100232,100,99759,100,100239,100,99681,100,100279,100,99661,100,100307,100,99538,100,100319,100,99380,100
2019-06-28 10:02:44.093330875,99862,100,99837,116,99930,216,99808,212,100055,212,99788,212,100089,212,99787,100,100178,100,99770,100,100232,100,99759,100,100239,100,99681,100,100279,100,99661,100,100307,100,99538,100,100319,100,99380,100
2019-06-28 10:02:50.000000000,99862,440,99808,440,99930,100,99788,100,100055,100,99787,100,100089,100,99770,100,100178,100,99759,100,100232,100,99681,100,100239,100,99661,100,100279,100,99538,100,100307,100,99380,100,100319,100,99121,100
2019-06-28 10:02:54.591214974,99862,440,99808,440,99930,100,99788,100,100055,100,99787,100,100089,100,99770,100,100178,100,99759,100,100232,100,99681,100,100239,100,99661,100,100279,100,99538,100,100307,100,99380,100,100319,100,99378,100
2019-06-28 10:03:00.000000000,99862,168,99808,168,99930,168,99788,168,100055,168,99787,168,100089,168,99770,168,100178,168,99759,168,100232,100,99681,100,100239,100,99661,100,100279,100,99538,100,100307,100,99380,100,100319,100,99378,100
2019-06-28 10:03:03.504066120,99862,168,99808,168,99930,168,99788,168,100055,168,99787,168,100089,168,99770,168,100178,168,99759,168,100232,100,99661,100,100239,100,99538,100,100279,100,99487,100,100307,100,99380,100,100319,100,99378,100
2019-06-28 10:03:10.000000000,99862,168,99808,168,99930,168,99788,168,100055,168,99787,168,100089,168,99770,168,100178,168,99759,168,100232,100,99661,100,100239,100,99538,100,100279,100,99487,100,100307,100,99380,100,100319,100,99378,100
2019-06-28 10:03:12.017003819,99862,168,99808,68,99930,168,99788,168,100055,168,99787,168,100089,168,99770,168,100178,168,99759,168,100232,100,99661,100,100239,100,99538,100,100279,100,99487,100,100307,100,99380,100,100319,100,99378,100
2019-06-28 10:03:12.552036891,99862,168,99808,68,99930,168,99788,168,100055,168,99787,168,100089,168,99770,168,100178,168,99759,168,100232,100,99661,100,100239,100,99538,100,100279,100,99487,100,100307,100,99380,100,100319,100,99378,100
2019-06-28 10:03:14.144352003,99808,32,99788,168,99862,168,99787,168,99930,168,99770,168,100055,168,99759,168,100089,168,99661,100,100178,168,99538,100,100232,100,99487,100,100239,100,99380,100,100279,100,99378,100,100307,100,99362,100
2019-06-28 10:03:19.144695001,99808,132,99788,168,99862,168,99787,168,99930,168,99770,168,100055,168,99759,168,100089,168,99661,100,100178,168,99538,100,100232,100,99487,100,100239,100,99380,100,100279,100,99378,100,100307,100,99362,100
2019-06-28 10:03:20.000000000,99808,472,99788,440,99862,100,99787,100,99930,100,99770,100,100055,100,99759,100,100089,100,99661,100,100178,100,99538,100,100232,100,99487,100,100239,100,99380,100,100279,100,99378,100,100307,100,99362,100
2019-06-28 10:03:30.000000000,99808,200,99788,168,99862,168,99787,168,99930,168,99770,168,100055,168,99759,168,100089,168,99661,168,100178,100,99538,100,100232,100,99487,100,100239,100,99380,100,100279,100,99378,100,100307,100,99362,100
2019-06-28 10:03:30.130070050,99808,200,99788,168,99862,168,99787,168,99930,168,99770,168,100055,168,99759,168,100089,168,99661,168,100178,100,99538,100,100232,100,99487,100,100239,100,99384,100,100279,100,99380,100,100307,100,99378,100
2019-06-28 10:03:34.472346788,99808,200,99788,68,99862,168,99787,168,99930,168,99770,168,100055,168,99759,168,100089,168,99661,168,100178,100,99538,100,100232,100,99487,100,100239,100,99384,100,100279,100,99380,100,100307,100,99378,100
2019-06-28 10:03:40.000000000,99808,217,99787,185,99862,185,99770,185,99930,185,99759,185,100055,185,99661,185,100089,100,99538,100,100178,100,99487,100,100232,100,99384,100,100239,100,99380,100,100279,100,99378,100,100307,100,99362,100
2019-06-28 10:03:49.943962453,99808,217,99787,85,99862,185,99770,185,99930,185,99759,185,100055,185,99661,185,100089,100,99538,100,100178,100,99487,100,100232,100,99384,100,100239,100,99380,100,100279,100,99378,100,100307,100,99362,100
2019-06-28 10:03:50.000000000,99808,200,99770,168,99862,168,99759,168,99930,168,99661,168,100055,168,99538,168,100089,168,99487,168,100178,100,99384,100,100232,100,99380,100,100239,100,99378,100,100279,100,99362,100,100307,100,99121,100
2019-06-28 10:04:00.000000000,99808,302,99770,270,99862,270,99759,270,99930,100,99661,100,100055,100,99538,100,100089,100,99487,100,100178,100,99384,100,100232,100,99380,100,100239,100,99378,100,100279,100,99362,100,100307,100,99121,100
2019-06-28 10:04:02.271386433,99808,302,99770,270,99862,170,99759,270,99930,100,99661,100,100055,100,99538,100,100089,100,99487,100,100178,100,99384,100,100232,100,99380,100,100239,100,99378,100,100279,100,99362,100,100307,100,99121,100
2019-06-28 10:04:02.917668677,99788,100,99770,270,99808,302,99759,270,99862,170,99661,100,99930,100,99538,100,100089,100,99487,100,100178,100,99384,100,100232,100,99380,100,100239,100,99378,100,100279,100,99362,100,100307,100,99121,100
2019-06-28 10:04:04.417601779,99788,100,99770,170,99808,302,99759,270,99862,170,99661,100,99930,100,99538,100,100089,100,99487,100,100178,100,99384,100,100239,100,99380,100,100279,100,99378,100,100307,100,99362,100,100319,100,99121,100
2019-06-28 10:04:10.000000000,99788,168,99759,168,99808,200,99661,168,99930,168,99538,168,100089,168,99487,168,100178,168,99384,168,100239,100,99380,100,100279,100,99378,100,100307,100,99362,100,100319,100,99121,100,100409,100,,
2019-06-28 10:04:20.000000000,99788,270,99759,270,99808,302,99661,270,99930,100,99538,100,100089,100,99487,100,100178,100,99384,100,100239,100,99380,100,100279,100,99378,100,100307,100,99362,100,100319,100,99121,100,100409,100,,
2019-06-28 10:04:30.000000000,99788,440,99759,440,99808,132,99661,100,99930,100,99538,100,100089,100,99487,100,100178,100,99384,100,100239,100,99380,100,100279,100,99378,100,100307,100,99362,100,100319,100,99121,100,100409,100,,
2019-06-28 10:04:31.169411505,99788,440,99759,340,99808,132,99661,100,99930,100,99538,100,100089,100,99487,100,100239,100,99384,100,100279,100,99380,100,100307,100,99378,100,100319,100,99362,100,100409,100,99121,100,100583,100,,
2019-06-28 10:04:40.000000000,99788,440,99661,440,99808,132,99538,100,99930,100,99487,100,100089,100,99384,100,100239,100,99380,100,100279,100,99378,100,100307,100,99362,100,100319,100,99121,100,100409,100,,,100583,100,,
2019-06-28 10:04:49.134909400,99788,440,99661,340,99808,132,99538,100,99930,100,99487,100,100089,100,99384,100,100239,100,99380,100,100307,100,99378,100,100319,100,99362,100,100409,100,99121,100,100583,100,,,100891,100,,
2019-06-28 10:04:50.000000000,99788,185,99538,185,99808,217,99487,185,99930,185,99384,185,100089,185,99380,185,100239,100,99378,100,100307,100,99362,100,100319,100,99121,100,100409,100,,,100583,100,,,100891,100,,
2019-06-28 10:04:50.839974151,99788,185,99538,85,99808,217,99487,185,99930,185,99384,185,100089,185,99380,185,100239,100,99378,100,100307,100,99362,100,100319,100,99121,100,100409,100,,,100583,100,,,100891,100,,
2019-06-28 10:04:55.194238462,99788,185,99538,85,99808,217,99487,185,99930,185,99384,185,100089,185,99380,185,100239,100,99378,100,100307,100,99362,100,100319,100,99138,100,100409,100,99121,100,100583,100,,,100891,100,,
2019-06-28 10:05:00.000000000,99788,185,99487,185,99808,217,99384,185,99930,185,99380,185,100089,185,99378,185,100239,100,99362,100,100307,100,99138,100,100319,100,99121,100,100409,100,,,100583,100,,,100891,100,,
2019-06-28 10:05:07.873399744,99788,185,99487,85,99808,217,99384,185,99930,185,99380,185,100089,185,99378,185,100239,100,99362,100,100307,100,99138,100,100319,100,99121,100,100409,100,,,100583,100,,,100891,100,,
2019-06-28 10:05:10.000000000,99788,216,99384,216,99808,244,99380,212,99930,212,99378,212,100089,100,99362,100,100239,100,99138,100,100307,100,99121,100,100319,100,,,100409,100,,,100583,100,,,100891,100,,
2019-06-28 10:05:18.924700254,99666,100,99384,216,99788,216,99380,212,99808,244,99378,212,99930,212,99362,100,100089,100,99138,100,100239,100,99121,100,100307,100,,,100319,100,,,100409,100,,,100583,100,,
2019-06-28 10:05:20.000000000,99666,216,99384,216,99788,212,99380,212,99808,244,99378,212,99930,100,99362,100,100089,100,99138,100,100239,100,99121,100,100307,100,,,100319,100,,,100409,100,,,100583,100,,
2019-06-28 10:05:20.038593636,99538,100,99384,216,99666,216,99380,212,99788,212,99378,212,99808,244,99362,100,100089,100,99138,100,100239,100,99121,100,100307,100,,,100319,100,,,100409,100,,,100583,100,,
2019-06-28 10:05:29.541277873,99538,100,99384,116,99666,216,99380,212,99788,212,99378,212,99808,244,99362,100,100089,100,99138,100,100239,100,99121,100,100307,100,,,100319,100,,,100409,100,,,100583,100,,
2019-06-28 10:05:30.000000000,99538,216,99380,216,99666,212,99378,212,99788,212,99362,212,99808,132,99138,100,100089,100,99121,100,100239,100,,,100307,100,,,100319,100,,,100409,100,,,100583,100,,
2019-06-28 10:05:40.000000000,99538,440,99380,440,99666,100,99378,100,99788,100,99362,100,99808,132,99138,100,100089,100,99121,100,100239,100,,,100307,100,,,100319,100,,,100409,100,,,100583,100,,
2019-06-28 10:05:50.000000000,99538,168,99380,168,99666,168,99378,168,99788,168,99362,168,99808,200,99138,168,100089,168,99121,168,100239,100,,,100307,100,,,100319,100,,,100409,100,,,100583,100,,
2019-06-28 10:06:00.000000000,99538,185,99380,185,99666,185,99378,185,99788,185,99362,185,99808,217,99138,185,100089,100,99121,100,100239,100,,,100307,100,,,100319,100,,,100409,100,,,100583,100,,
2019-06-28 10:06:10.000000000,99538,216,99380,216,99666,212,99378,212,99788,212,99362,212,99808,132,99138,100,100089,100,99121,100,100239,100,,,100307,100,,,100319,100,,,100409,100,,,100583,100,,
