,ask_price_1,ask_size_1,bid_price_1,bid_size_1,ask_price_2,ask_size_2,bid_price_2,bid_size_2,ask_price_3,ask_size_3,bid_price_3,bid_size_3,ask_price_4,ask_size_4,bid_price_4,bid_size_4,ask_price_5,ask_size_5,bid_price_5,bid_size_5,ask_price_6,ask_size_6,bid_price_6,bid_size_6,ask_price_7,ask_size_7,bid_price_7,bid_size_7,ask_price_8,ask_size_8,bid_price_8,bid_size_8,ask_price_9,ask_size_9,bid_price_9,bid_size_9,ask_price_10,ask_size_10,bid_price_10,bid_size_10
2019-06-28 09:30:00.000000000,,,99873,100,,,,,,,,,,,,,,,,,,,,,,,,,,,,,,,,,,,,
2019-06-28 09:30:00.000000001,,,99961,100,,,99873,100,,,99866,100,,,,,,,,,,,,,,,,,,,,,,,,,,,,
2019-06-28 09:30:00.000000003,,,99961,100,,,99912,100,,,99873,100,,,99866,100,,,,,,,,,,,,,,,,,,,,,,,,
2019-06-28 09:30:00.000000007,100126,100,99961,100,,,99912,100,,,99873,100,,,99866,100,,,,,,,,,,,,,,,,,,,,,,,,
2019-06-28 09:30:00.000000009,100126,100,100019,100,,,99961,100,,,99912,100,,,99873,100,,,99867,100,,,99866,100,,,,,,,,,,,,,,,,
2019-06-28 09:30:00.000000010,100126,100,99961,100,,,99948,100,,,99912,100,,,99873,100,,,99867,100,,,99866,100,,,,,,,,,,,,,,,,
2019-06-28 09:30:00.000000011,100055,100,99961,100,100076,100,99948,100,100126,100,99912,100,,,99873,100,,,99867,100,,,99866,100,,,,,,,,,,,,,,,,
2019-06-28 09:30:00.000000012,100055,100,99993,100,100076,100,99961,100,100126,100,99948,100,,,99912,100,,,99873,100,,,99867,100,,,99866,100,,,,,,,,,,,,
2019-06-28 09:30:00.000000013,100055,100,100050,100,100076,100,99993,100,100126,100,99961,100,,,99948,100,,,99912,100,,,99873,100,,,99867,100,,,99866,100,,,,,,,,
2019-06-28 09:30:00.000000014,100055,100,100050,100,100076,100,99993,100,100082,100,99961,100,100110,100,99948,100,100126,100,99912,100,,,99905,100,,,99873,100,,,99867,100,,,99866,100,,,,
2019-06-28 09:30:00.000000017,100070,100,100050,100,100076,100,99993,100,100082,100,99961,100,100110,100,99948,100,100126,100,99912,100,,,99905,100,,,99873,100,,,99867,100,,,99866,100,,,,
2019-06-28 09:30:00.000000020,100070,100,100050,100,100076,100,99993,100,100082,100,99961,100,100110,100,99948,100,100126,100,99912,100,100160,100,99905,100,,,99873,100,,,99867,100,,,99866,100,,,,
2019-06-28 09:30:00.000000021,100070,100,100050,100,100076,100,99993,100,100082,100,99961,100,100110,100,99948,100,100126,100,99912,100,100160,100,99905,100,100184,100,99873,100,,,99867,100,,,99866,100,,,,
2019-06-28 09:30:00.000000022,100055,100,100050,100,100070,100,99993,100,100076,100,99961,100,100082,100,99948,100,100110,100,99912,100,100126,100,99905,100,100160,100,99873,100,100184,100,99867,100,,,99866,100,,,99855,100
2019-06-28 09:30:00.000000023,100055,100,100050,100,100070,100,100023,100,100076,100,99993,100,100082,100,99961,100,100110,100,99948,100,100126,100,99912,100,100160,100,99905,100,100184,100,99873,100,,,99867,100,,,99866,100
2019-06-28 09:30:00.000000024,100055,100,100050,100,100070,100,100023,100,100076,100,99993,100,100082,100,99989,100,100110,100,99961,100,100126,100,99948,100,100160,100,99912,100,100184,100,99905,100,,,99873,100,,,99867,100
2019-06-28 09:30:00.000000025,100055,200,100050,100,100070,100,100023,100,100076,100,99993,100,100082,100,99989,100,100110,100,99961,100,100126,100,99948,100,100160,100,99912,100,100184,100,99905,100,,,99873,100,,,99867,100
2019-06-28 09:30:00.000000029,100055,200,100050,100,100070,100,100023,100,100076,100,99993,100,100082,100,99989,100,100110,100,99961,100,100126,100,99948,100,100160,100,99912,100,100184,100,99905,100,,,99903,100,,,99873,100
2019-06-28 09:30:00.000000030,100055,200,100050,100,100070,100,100023,100,100076,100,99993,100,100082,100,99989,100,100093,100,99961,100,100110,100,99948,100,100126,100,99912,100,100160,100,99905,100,100184,100,99903,100,,,99873,100
2019-06-28 09:30:00.000000032,100055,200,100050,100,100070,100,100023,100,100076,100,99993,100,100082,100,99989,100,100093,100,99961,100,100104,100,99948,100,100110,100,99912,100,100126,100,99905,100,100160,100,99903,100,100184,100,99873,100
2019-06-28 09:30:00.000000034,100055,300,100050,100,100070,100,100023,100,100076,100,99993,100,100082,100,99989,100,100093,100,99961,100,100104,100,99948,100,100110,100,99912,100,100126,100,99905,100,100160,100,99903,100,100184,100,99873,100
2019-06-28 09:30:00.000000037,100055,300,100050,100,100057,100,100023,100,100070,100,99993,100,100076,100,99989,100,100082,100,99961,100,100093,100,99948,100,100104,100,99912,100,100110,100,99905,100,100126,100,99903,100,100160,100,99873,100
2019-06-28 09:30:00.000000038,100055,300,100050,100,100057,100,100023,100,100070,100,99993,100,100076,100,99989,100,100082,100,99961,100,100093,100,99948,100,100104,100,99912,100,100110,100,99905,100,100121,100,99903,100,100126,100,99873,100
2019-06-28 09:30:00.000000041,100055,300,100023,100,100057,100,99993,100,100070,100,99989,100,100076,100,99961,100,100082,100,99948,100,100093,100,99912,100,100104,100,99905,100,100110,100,99903,100,100121,100,99873,100,100126,100,99867,100
2019-06-28 09:30:00.000000045,100054,100,100023,100,100055,300,99993,100,100057,100,99989,100,100070,100,99961,100,100076,100,99948,100,100082,100,99912,100,100093,100,99905,100,100104,100,99903,100,100110,100,99873,100,100121,100,99867,100
2019-06-28 09:30:00.000000046,100054,100,100023,100,100055,300,99995,100,100057,100,99993,100,100070,100,99989,100,100076,100,99961,100,100082,100,99948,100,100093,100,99912,100,100104,100,99905,100,100110,100,99903,100,100121,100,99873,100
2019-06-28 09:30:00.000000049,100054,100,100023,100,100055,300,99995,100,100057,100,99993,100,100070,100,99989,100,100076,100,99961,100,100082,100,99948,100,100093,100,99912,100,100104,100,99905,100,100110,100,99903,100,100121,100,99878,100
2019-06-28 09:30:00.000000051,100054,200,100023,100,100055,300,99995,100,100057,100,99993,100,100070,100,99989,100,100076,100,99961,100,100082,100,99948,100,100093,100,99912,100,100104,100,99905,100,100110,100,99903,100,100121,100,99878,100
2019-06-28 09:30:00.000000052,100054,200,100023,100,100055,300,99995,100,100057,100,99993,100,100070,100,99989,100,100076,100,99961,100,100082,100,99948,100,100093,100,99912,100,100098,100,99905,100,100104,100,99903,100,100110,100,99878,100
2019-06-28 09:30:00.000000054,100054,200,100023,100,100055,300,99995,100,100057,100,99993,100,100070,100,99989,100,100076,100,99961,100,100082,100,99948,100,100093,100,99912,100,100098,100,99905,100,100104,100,99903,100,100110,100,99878,100
2019-06-28 09:30:00.000000055,100054,200,99995,100,100055,300,99993,100,100057,100,99989,100,100070,100,99961,100,100076,100,99948,100,100082,100,99912,100,100093,100,99905,100,100098,100,99903,100,100104,100,99878,100,100110,100,99873,100
2019-06-28 09:30:00.000000058,100048,100,99995,100,100054,200,99993,100,100055,300,99989,100,100057,100,99961,100,100070,100,99948,100,100076,100,99912,100,100082,100,99905,100,100093,100,99903,100,100098,100,99878,100,100104,100,99873,100
2019-06-28 09:30:00.000000059,100048,200,99995,100,100054,200,99993,100,100055,300,99989,100,100057,100,99961,100,100070,100,99948,100,100076,100,99912,100,100082,100,99905,100,100093,100,99903,100,100098,100,99878,100,100104,100,99873,100
2019-06-28 09:30:00.000000065,100043,100,99995,100,100048,200,99993,100,100054,200,99989,100,100055,300,99961,100,100057,100,99948,100,100070,100,99912,100,100076,100,99905,100,100082,100,99903,100,100093,100,99878,100,100098,100,99873,100
2019-06-28 09:30:00.000000066,100043,100,99993,100,100048,200,99989,100,100054,200,99961,100,100055,300,99948,100,100057,100,99912,100,100070,100,99905,100,100076,100,99903,100,100082,100,99878,100,100093,100,99873,100,100098,100,99868,100
2019-06-28 09:30:00.000000068,100043,100,99993,100,100048,200,99989,100,100054,200,99983,100,100055,300,99961,100,100057,100,99948,100,100070,100,99912,100,100076,100,99905,100,100082,100,99903,100,100093,100,99878,100,100098,100,99873,100
2019-06-28 09:30:00.000000069,100043,100,99993,100,100048,200,99989,100,100054,200,99983,100,100055,300,99961,100,100057,100,99948,100,100067,100,99912,100,100070,100,99905,100,100076,100,99903,100,100082,100,99878,100,100093,100,99873,100
2019-06-28 09:30:00.000000072,100043,100,99993,100,100048,200,99989,100,100054,200,99983,100,100055,300,99961,100,100057,100,99948,100,100067,100,99912,100,100070,100,99905,100,100076,100,99903,100,100082,100,99878,100,100093,100,99873,100
2019-06-28 09:30:00.000000073,100043,100,100006,100,100048,200,99993,100,100054,200,99989,100,100055,300,99983,100,100057,100,99961,100,100067,100,99948,100,100070,100,99912,100,100076,100,99905,100,100082,100,99903,100,100093,100,99878,100
2019-06-28 09:30:00.000000074,100043,100,99993,100,100048,200,99989,100,100054,200,99983,100,100055,300,99961,100,100057,100,99948,100,100067,100,99912,100,100070,100,99905,100,100076,100,99903,100,100082,100,99886,100,100093,100,99878,100
2019-06-28 09:30:00.000000075,100006,100,99993,100,100043,100,99989,100,100048,200,99983,100,100054,200,99961,100,100055,300,99948,100,100057,100,99912,100,100067,100,99905,100,100070,100,99903,100,100076,100,99886,100,100082,100,99878,100
2019-06-28 09:30:00.000000076,100002,100,99993,100,100006,100,99989,100,100043,100,99983,100,100044,100,99961,100,100048,200,99948,100,100049,100,99912,100,100054,200,99905,100,100055,300,99903,100,100057,100,99886,100,100067,100,99878,100
2019-06-28 09:30:00.000000079,100002,100,99993,100,100006,100,99989,100,100043,100,99983,100,100044,100,99961,100,100048,200,99948,100,100049,100,99912,100,100054,200,99905,100,100055,300,99903,100,100057,100,99886,200,100067,100,99880,100
2019-06-28 09:30:00.000000080,100002,100,99993,100,100006,100,99989,100,100043,100,99983,100,100044,100,99961,100,100048,200,99948,100,100049,100,99912,100,100054,200,99905,100,100055,300,99903,100,100057,100,99886,200,100067,100,99880,100
2019-06-28 09:30:00.000000082,100002,100,99993,100,100006,100,99989,100,100043,100,99983,100,100044,100,99980,100,100048,200,99961,100,100049,100,99948,100,100054,200,99912,100,100055,300,99905,100,100057,100,99903,100,100067,100,99886,200
2019-06-28 09:30:00.000000084,100002,100,99993,100,100006,100,99989,100,100043,100,99983,100,100044,100,99980,100,100048,200,99961,200,100049,100,99948,100,100054,200,99912,100,100055,300,99905,100,100057,100,99903,100,100067,100,99886,200
2019-06-28 09:30:00.000000088,100002,100,99993,100,100006,100,99989,100,100043,100,99983,100,100044,100,99980,100,100048,200,99961,200,100049,100,99948,100,100053,100,99912,100,100054,200,99905,100,100055,300,99903,100,100057,100,99886,200
2019-06-28 09:30:00.000000090,100002,100,99995,100,100006,100,99993,100,100043,100,99989,100,100044,100,99983,100,100048,200,99980,100,100049,100,99961,200,100053,100,99948,100,100054,200,99912,100,100055,300,99905,100,100057,100,99903,100
2019-06-28 09:30:00.000000091,100002,100,99995,100,100006,100,99993,100,100043,100,99989,100,100044,100,99983,100,100048,200,99980,100,100049,100,99961,200,100053,100,99948,100,100054,200,99940,100,100055,300,99912,100,100057,100,99905,100
2019-06-28 09:30:00.000000095,100002,100,100000,100,100006,100,99995,100,100043,100,99993,100,100044,100,99989,100,100048,200,99983,100,100049,100,99980,100,100053,100,99961,200,100054,200,99948,100,100055,300,99940,100,100057,100,99912,100
2019-06-28 09:30:07.019058865,100002,100,100000,100,100006,200,99995,100,100043,100,99993,100,100044,100,99989,100,100048,100,99983,100,100049,100,99980,100,100053,100,99961,200,100054,200,99948,100,100055,300,99940,100,100057,100,99912,100
2019-06-28 09:30:10.000000000,100002,201,100000,201,100006,298,99995,198,100043,198,99993,198,100044,100,99989,100,100048,100,99983,100,100049,100,99980,100,100053,100,99961,200,100054,200,99948,100,100055,300,99940,100,100057,100,99912,100
2019-06-28 09:30:20.000000000,100002,201,100000,201,100006,298,99995,198,100043,198,99993,198,100044,100,99989,100,100048,100,99983,100,100049,100,99980,100,100053,100,99961,200,100054,200,99948,100,100055,300,99940,100,100057,100,99912,100
2019-06-28 09:30:28.275971376,100002,201,100000,201,100006,398,99995,198,100043,198,99993,198,100044,100,99989,100,100048,100,99983,100,100049,100,99980,100,100053,100,99961,100,100054,200,99948,100,100055,300,99940,100,100057,100,99912,100
2019-06-28 09:30:30.000000000,100002,248,100000,248,100006,448,99995,248,100043,100,99993,100,100044,100,99989,100,100048,100,99983,100,100049,100,99980,100,100053,100,99961,100,100054,200,99948,100,100055,300,99940,100,100057,100,99912,100
2019-06-28 09:30:40.000000000,100002,174,100000,174,100006,374,99995,174,100043,174,99993,174,100044,174,99989,174,100048,100,99983,100,100049,100,99980,100,100053,100,99961,100,100054,200,99948,100,100055,300,99940,100,100057,100,99912,100
2019-06-28 09:30:50.000000000,100002,159,100000,159,100006,359,99995,159,100043,159,99993,159,100044,159,99989,159,100048,159,99983,159,100049,100,99980,100,100053,100,99961,100,100054,200,99948,100,100055,300,99940,100,100057,100,99912,100
2019-06-28 09:30:50.877344980,100002,159,100000,159,100006,359,99995,159,100043,159,99993,159,100044,159,99989,159,100048,159,99983,59,100049,100,99980,100,100053,100,99961,100,100054,200,99948,100,100055,300,99940,100,100057,100,99912,100
2019-06-28 09:30:57.762076286,100002,159,100000,159,100006,359,99995,159,100043,159,99993,159,100044,159,99989,159,100048,159,99983,59,100049,100,99980,100,100053,100,99961,100,100054,200,99948,100,100055,300,99940,100,100057,100,99912,100
2019-06-28 09:31:00.000000000,100002,396,100000,396,100006,300,99995,100,100043,100,99993,100,100044,100,99989,100,100048,100,99980,100,100049,100,99961,100,100053,100,99948,100,100054,200,99940,100,100055,300,99912,100,100057,100,99905,100
2019-06-28 09:31:10.000000000,100002,396,100000,396,100006,300,99995,100,100043,100,99993,100,100044,100,99989,100,100048,100,99980,100,100049,100,99961,100,100053,100,99948,100,100054,200,99940,100,100055,300,99912,100,100057,100,99905,100
2019-06-28 09:31:11.599355687,100002,396,100000,396,100006,300,99995,200,100043,100,99993,100,100044,100,99989,100,100048,100,99980,100,100049,100,99961,100,100053,100,99948,100,100054,100,99940,100,100055,300,99912,100,100057,100,99905,100
2019-06-28 09:31:13.597566471,100002,296,100000,396,100006,300,99995,200,100043,100,99993,100,100044,100,99989,100,100048,100,99980,100,100049,100,99961,100,100053,100,99948,100,100054,100,99940,100,100055,300,99912,100,100057,100,99905,100
2019-06-28 09:31:20.000000000,100006,401,100000,201,100043,198,99995,298,100044,198,99993,198,100048,100,99989,100,100049,100,99980,100,100053,100,99961,100,100054,100,99948,100,100055,300,99940,100,100057,100,99912,100,100067,100,99905,100
2019-06-28 09:31:26.924050730,100006,401,100000,201,100043,198,99995,298,100044,198,99993,198,100048,100,99989,100,100049,100,99980,100,100053,100,99961,100,100054,100,99948,100,100055,300,99940,100,100057,100,99912,100,100067,100,99905,100
2019-06-28 09:31:30.000000000,100006,359,100000,159,100043,159,99995,259,100044,159,99993,159,100048,159,99989,159,100049,159,99980,159,100053,100,99961,100,100054,100,99948,100,100055,300,99940,100,100057,100,99912,100,100067,100,99905,100
2019-06-28 09:31:40.000000000,100006,374,100000,174,100043,174,99995,274,100044,174,99993,174,100048,174,99989,174,100049,100,99980,100,100053,100,99961,100,100054,100,99948,100,100055,300,99940,100,100057,100,99912,100,100067,100,99905,100
2019-06-28 09:31:47.949529608,100006,274,100000,174,100043,174,99995,274,100044,174,99993,174,100048,174,99989,174,100049,100,99980,100,100053,100,99961,100,100054,100,99948,100,100055,300,99940,100,100057,100,99912,100,100067,100,99905,100
2019-06-28 09:31:50.000000000,100006,496,100000,396,100043,100,99995,200,100044,100,99993,100,100048,100,99989,100,100049,100,99980,100,100053,100,99961,100,100054,100,99948,100,100055,300,99940,100,100057,100,99912,100,100067,100,99905,100
2019-06-28 09:31:55.079953115,100006,396,100000,396,100043,100,99995,200,100044,100,99993,100,100048,100,99989,100,100049,100,99980,100,100053,100,99961,100,100054,100,99948,100,100055,300,99940,100,100057,100,99912,100,100067,100,99905,100
2019-06-28 09:32:00.000000000,100006,396,100000,396,100043,100,99995,200,100044,100,99993,100,100048,100,99989,100,100049,100,99980,100,100053,100,99961,100,100054,100,99948,100,100055,300,99940,100,100057,100,99912,100,100067,100,99905,100
2019-06-28 09:32:04.351990242,100006,296,100000,396,100043,100,99995,200,100044,100,99993,100,100048,100,99989,100,100049,100,99980,100,100053,100,99961,100,100054,100,99948,100,100055,300,99940,100,100057,100,99912,100,100067,100,99905,100
2019-06-28 09:32:10.000000000,100043,201,100000,201,100044,198,99995,298,100048,198,99993,198,100049,100,99989,100,100053,100,99980,100,100054,100,99961,100,100055,300,99948,100,100057,100,99940,100,100067,100,99912,100,100070,100,99905,100
2019-06-28 09:32:12.403697721,100043,201,100000,201,100044,198,99995,298,100048,198,99993,198,100049,100,99989,100,100053,100,99980,100,100054,100,99961,100,100055,300,99948,100,100057,100,99940,100,100067,100,99912,100,100070,100,99905,100
2019-06-28 09:32:19.507643455,100043,201,100000,201,100044,198,99995,298,100048,198,99993,198,100049,100,99989,100,100053,100,99980,100,100054,100,99961,100,100055,300,99948,100,100057,100,99940,100,100067,100,99912,100,100070,100,99905,100
2019-06-28 09:32:20.000000000,100043,159,100000,159,100044,159,99995,259,100048,159,99993,159,100049,159,99989,159,100053,159,99980,159,100054,100,99961,100,100055,300,99948,100,100057,100,99940,100,100067,100,99912,100,100070,100,99905,100
2019-06-28 09:32:23.464820697,100043,159,100006,100,100044,159,100000,159,100048,159,99995,259,100049,159,99993,159,100053,159,99989,159,100054,100,99980,159,100055,300,99961,100,100057,100,99948,100,100067,100,99940,100,100070,100,99912,100
2019-06-28 09:32:28.532845541,100043,159,100006,100,100044,159,100000,159,100048,159,99995,259,100049,159,99993,159,100053,159,99989,159,100054,100,99980,159,100055,200,99961,100,100057,100,99948,100,100067,100,99940,100,100070,100,99912,100
2019-06-28 09:32:30.000000000,100043,248,100006,248,100044,248,100000,248,100048,100,99995,200,100049,100,99993,100,100053,100,99989,100,100054,100,99980,100,100055,200,99961,100,100057,100,99948,100,100067,100,99940,100,100070,100,99912,100
2019-06-28 09:32:40.000000000,100043,396,100006,396,100044,100,100000,100,100048,100,99995,200,100049,100,99993,100,100053,100,99989,100,100054,100,99980,100,100055,200,99961,100,100057,100,99948,100,100067,100,99940,100,100070,100,99912,100
2019-06-28 09:32:43.483536299,100043,396,100006,396,100044,100,100000,100,100048,100,99995,200,100049,100,99993,100,100053,100,99989,100,100054,100,99980,100,100055,200,99961,100,100057,100,99940,100,100067,100,99912,100,100070,100,99905,100
2019-06-28 09:32:50.000000000,100043,248,100006,248,100044,248,100000,248,100048,100,99995,200,100049,100,99993,100,100053,100,99989,100,100054,100,99980,100,100055,200,99961,100,100057,100,99940,100,100067,100,99912,100,100070,100,99905,100
2019-06-28 09:32:51.078134998,100043,148,100006,248,100044,248,100000,248,100048,100,99995,200,100049,100,99993,100,100053,100,99989,100,100054,100,99961,100,100055,200,99940,100,100057,100,99912,100,100067,100,99905,100,100070,100,99903,100
2019-06-28 09:33:00.000000000,100044,248,100006,248,100048,248,100000,248,100049,100,99995,200,100053,100,99993,100,100054,100,99989,100,100055,200,99961,100,100057,100,99940,100,100067,100,99912,100,100070,100,99905,100,100076,100,99903,100
2019-06-28 09:33:10.000000000,100044,159,100006,159,100048,159,100000,159,100049,159,99995,259,100053,159,99993,159,100054,159,99989,159,100055,200,99961,100,100057,100,99940,100,100067,100,99912,100,100070,100,99905,100,100076,100,99903,100
2019-06-28 09:33:20.000000000,100044,201,100006,201,100048,198,100000,198,100049,198,99995,298,100053,100,99993,100,100054,100,99989,100,100055,200,99961,100,100057,100,99940,100,100067,100,99912,100,100070,100,99905,100,100076,100,99903,100
2019-06-28 09:33:30.000000000,100044,201,100006,201,100048,198,100000,198,100049,198,99995,298,100053,100,99993,100,100054,100,99989,100,100055,200,99961,100,100057,100,99940,100,100067,100,99912,100,100070,100,99905,100,100076,100,99903,100
2019-06-28 09:33:31.943437509,100044,201,100006,201,100048,198,100000,198,100049,198,99995,298,100053,100,99993,100,100054,100,99989,100,100055,200,99961,100,100057,100,99940,100,100067,100,99912,100,100070,100,99905,100,100076,100,99903,100
2019-06-28 09:33:39.740741232,100044,201,100006,201,100048,198,100000,198,100049,198,99995,198,100053,100,99993,100,100054,100,99989,100,100055,200,99961,100,100057,100,99940,100,100067,100,99912,100,100070,100,99905,100,100076,100,99903,100
2019-06-28 09:33:40.000000000,100044,201,100006,201,100048,198,100000,198,100049,198,99995,198,100053,100,99993,100,100054,100,99989,100,100055,200,99961,100,100057,100,99940,100,100067,100,99912,100,100070,100,99905,100,100076,100,99903,100
2019-06-28 09:33:43.314224352,100044,201,100006,201,100048,198,100000,198,100049,198,99995,198,100053,100,99993,100,100054,100,99989,100,100055,200,99961,100,100057,100,99940,100,100067,100,99912,100,100070,100,99905,100,100076,100,99903,100
2019-06-28 09:33:50.000000000,100044,396,100006,396,100048,100,100000,100,100049,100,99995,100,100053,100,99993,100,100054,100,99989,100,100055,200,99961,100,100057,100,99940,100,100067,100,99912,100,100070,100,99905,100,100076,100,99903,100
2019-06-28 09:34:00.000000000,100044,159,100006,159,100048,159,100000,159,100049,159,99995,159,100053,159,99993,159,100054,159,99989,159,100055,200,99961,100,100057,100,99940,100,100067,100,99912,100,100070,100,99905,100,100076,100,99903,100
2019-06-28 09:34:10.000000000,100044,248,100006,248,100048,248,100000,248,100049,100,99995,100,100053,100,99993,100,100054,100,99989,100,100055,200,99961,100,100057,100,99940,100,100067,100,99912,100,100070,100,99905,100,100076,100,99903,100
2019-06-28 09:34:20.000000000,100044,396,100006,396,100048,100,100000,100,100049,100,99995,100,100053,100,99993,100,100054,100,99989,100,100055,200,99961,100,100057,100,99940,100,100067,100,99912,100,100070,100,99905,100,100076,100,99903,100
2019-06-28 09:34:30.000000000,100044,159,100006,159,100048,159,100000,159,100049,159,99995,159,100053,159,99993,159,100054,159,99989,159,100055,200,99961,100,100057,100,99940,100,100067,100,99912,100,100070,100,99905,100,100076,100,99903,100
2019-06-28 09:34:35.951608857,100044,159,100006,159,100048,159,100000,159,100049,159,99995,159,100053,159,99993,159,100054,159,99989,159,100055,200,99961,100,100057,100,99940,100,100067,100,99912,100,100070,100,99905,100,100076,100,99903,100
2019-06-28 09:34:40.000000000,100044,396,100006,396,100048,100,100000,100,100049,100,99995,100,100053,100,99993,100,100054,100,99989,100,100055,200,99961,100,100057,100,99940,100,100067,100,99912,100,100070,100,99905,100,100076,100,99903,100
2019-06-28 09:34:50.000000000,100044,248,100006,248,100048,248,100000,248,100049,100,99995,100,100053,100,99993,100,100054,100,99989,100,100055,200,99961,100,100057,100,99940,100,100067,100,99912,100,100070,100,99905,100,100076,100,99903,100
2019-06-28 09:34:51.575431044,100044,148,100006,248,100048,248,100000,248,100049,100,99995,100,100053,100,99993,100,100054,100,99989,100,100055,200,99961,100,100057,100,99940,100,100067,100,99912,100,100070,100,99905,100,100076,100,99903,100
2019-06-28 09:34:58.500214240,100044,148,100043,100,100048,248,100006,248,100049,100,100000,248,100053,100,99995,100,100054,100,99993,100,100055,200,99989,100,100057,100,99961,100,100067,100,99940,100,100070,100,99912,100,100076,100,99905,100
2019-06-28 09:35:00.000000000,100048,201,100043,201,100049,198,100006,198,100053,198,100000,198,100054,100,99995,100,100055,200,99993,100,100057,100,99989,100,100067,100,99961,100,100070,100,99940,100,100076,100,99912,100,100098,100,99905,100
2019-06-28 09:35:10.000000000,100048,396,100043,396,100049,100,100006,100,100053,100,100000,100,100054,100,99995,100,100055,200,99993,100,100057,100,99989,100,100067,100,99961,100,100070,100,99940,100,100076,100,99912,100,100098,100,99905,100
2019-06-28 09:35:12.254540740,100048,396,100043,496,100049,100,100006,100,100053,100,100000,100,100054,100,99995,100,100055,200,99993,100,100057,100,99989,100,100067,100,99961,100,100070,100,99940,100,100076,100,99912,100,100098,100,99905,100
2019-06-28 09:35:20.000000000,100048,201,100043,301,100049,198,100006,198,100053,198,100000,198,100054,100,99995,100,100055,200,99993,100,100057,100,99989,100,100067,100,99961,100,100070,100,99940,100,100076,100,99912,100,100098,100,99905,100
2019-06-28 09:35:20.428293185,100048,201,100043,301,100049,198,100006,198,100053,198,100000,198,100054,100,99995,100,100055,200,99993,100,100057,100,99989,100,100067,100,99961,100,100070,100,99940,100,100076,100,99912,100,100098,100,99905,100
2019-06-28 09:35:30.000000000,100048,396,100043,496,100049,100,100006,100,100053,100,100000,100,100054,100,99995,100,100055,200,99993,100,100057,100,99989,100,100067,100,99961,100,100070,100,99940,100,100076,100,99912,100,100098,100,99905,100
2019-06-28 09:35:31.000535344,100048,396,100043,496,100049,100,100006,100,100053,100,100000,100,100054,100,99995,100,100055,200,99993,100,100057,100,99989,100,100067,100,99961,100,100070,100,99940,100,100076,100,99912,100,100104,100,99905,100
2019-06-28 09:35:40.000000000,100048,396,100043,496,100049,100,100006,100,100053,100,100000,100,100054,100,99995,100,100055,200,99993,100,100057,100,99989,100,100067,100,99961,100,100070,100,99940,100,100076,100,99912,100,100104,100,99905,100
2019-06-28 09:35:50.000000000,100048,174,100043,274,100049,174,100006,174,100053,174,100000,174,100054,174,99995,174,100055,200,99993,100,100057,100,99989,100,100067,100,99961,100,100070,100,99940,100,100076,100,99912,100,100104,100,99905,100
2019-06-28 09:36:00.000000000,100048,248,100043,348,100049,248,100006,248,100053,100,100000,100,100054,100,99995,100,100055,200,99993,100,100057,100,99989,100,100067,100,99961,100,100070,100,99940,100,100076,100,99912,100,100104,100,99905,100
2019-06-28 09:36:06.746649313,100048,148,100043,348,100049,248,100006,248,100053,100,100000,100,100054,100,99995,100,100055,200,99993,100,100057,100,99989,100,100067,100,99961,100,100070,100,99940,100,100076,100,99912,100,100104,100,99905,100
2019-06-28 09:36:10.000000000,100049,248,100043,348,100053,248,100006,248,100054,100,100000,100,100055,200,99995,100,100057,100,99993,100,100067,100,99989,100,100070,100,99961,100,100076,100,99940,100,100104,100,99912,100,100110,100,99905,100
2019-06-28 09:36:14.254496537,100049,248,100043,348,100053,248,100006,248,100054,100,100000,100,100055,200,99995,100,100057,100,99993,100,100067,100,99989,100,100070,100,99961,100,100076,100,99940,100,100104,100,99912,100,100110,100,99905,100
2019-06-28 09:36:20.000000000,100049,174,100043,274,100053,174,100006,174,100054,174,100000,174,100055,274,99995,174,100057,100,99993,100,100067,100,99989,100,100070,100,99961,100,100076,100,99940,100,100104,100,99912,100,100110,100,99905,100
2019-06-28 09:36:24.119126331,100049,174,100043,274,100053,174,100006,174,100054,174,100000,174,100055,274,99995,174,100057,100,99993,100,100067,100,99989,100,100070,100,99961,100,100076,100,99940,100,100104,100,99912,100,100110,100,99905,100
2019-06-28 09:36:30.000000000,100049,396,100043,496,100053,100,100006,100,100054,100,100000,100,100055,200,99995,100,100057,100,99993,100,100067,100,99989,100,100070,100,99961,100,100076,100,99940,100,100104,100,99912,100,100110,100,99905,100
2019-06-28 09:36:32.633944133,100049,396,100043,496,100053,100,100006,100,100054,100,100000,100,100055,200,99995,100,100057,100,99993,100,100067,100,99989,100,100070,100,99961,100,100076,100,99940,100,100104,100,99912,100,100110,100,99905,100
2019-06-28 09:36:40.000000000,100049,248,100043,348,100053,248,100006,248,100054,100,100000,100,100055,200,99995,100,100057,100,99993,100,100067,100,99989,100,100070,100,99961,100,100076,100,99940,100,100104,100,99912,100,100110,100,99905,100
2019-06-28 09:36:41.811911760,100049,248,100043,348,100053,248,100006,248,100054,100,100000,100,100055,200,99995,100,100057,100,99993,100,100067,100,99989,100,100070,100,99961,100,100076,100,99940,100,100104,100,99912,100,100110,100,99905,100
2019-06-28 09:36:44.425035921,100049,248,100043,348,100053,248,100006,248,100054,100,100000,100,100055,200,99995,100,100057,100,99993,100,100067,100,99989,100,100070,100,99961,100,100076,100,99940,100,100104,100,99912,100,100110,100,99905,100
2019-06-28 09:36:46.046646658,100049,248,100044,100,100053,248,100043,348,100054,100,100006,248,100055,200,100000,100,100057,100,99995,100,100067,100,99993,100,100070,100,99989,100,100076,100,99961,100,100104,100,99940,100,100110,100,99912,100
2019-06-28 09:36:50.000000000,100049,174,100044,174,100053,174,100043,274,100054,174,100006,174,100055,274,100000,174,100057,100,99995,100,100067,100,99993,100,100070,100,99989,100,100076,100,99961,100,100104,100,99940,100,100110,100,99912,100
2019-06-28 09:36:51.562171142,100049,74,100044,174,100053,174,100043,274,100054,174,100006,174,100055,274,100000,174,100057,100,99995,100,100067,100,99993,100,100070,100,99989,100,100076,100,99961,100,100104,100,99940,100,100110,100,99912,100
2019-06-28 09:36:51.929384471,100053,174,100049,26,100054,174,100044,174,100055,274,100043,274,100057,100,100006,174,100067,100,100000,174,100070,100,99995,100,100076,100,99993,100,100104,100,99989,100,100110,100,99961,100,100126,100,99940,100
2019-06-28 09:37:00.000000000,100053,174,100049,100,100054,174,100044,174,100055,274,100043,274,100057,174,100006,174,100067,100,100000,100,100070,100,99995,100,100076,100,99993,100,100104,100,99989,100,100110,100,99961,100,100126,100,99940,100
2019-06-28 09:37:10.000000000,100053,174,100049,100,100054,174,100044,174,100055,274,100043,274,100057,174,100006,174,100067,100,100000,100,100070,100,99995,100,100076,100,99993,100,100104,100,99989,100,100110,100,99961,100,100126,100,99940,100
2019-06-28 09:37:20.000000000,100053,248,100049,174,100054,248,100044,248,100055,200,100043,200,100057,100,100006,100,100067,100,100000,100,100070,100,99995,100,100076,100,99993,100,100104,100,99989,100,100110,100,99961,100,100126,100,99940,100
2019-06-28 09:37:28.161422843,100053,148,100049,174,100054,248,100044,248,100055,200,100043,200,100057,100,100006,100,100067,100,100000,100,100070,100,99995,100,100076,100,99993,100,100104,100,99989,100,100110,100,99940,100,100126,100,99912,100
2019-06-28 09:37:30.000000000,100054,201,100049,127,100055,298,100044,198,100057,198,100043,298,100067,100,100006,100,100070,100,100000,100,100076,100,99995,100,100104,100,99993,100,100110,100,99989,100,100126,100,99940,100,100175,100,99912,100
2019-06-28 09:37:40.000000000,100054,174,100049,100,100055,274,100044,174,100057,174,100043,274,100067,174,100006,174,100070,100,100000,100,100076,100,99995,100,100104,100,99993,100,100110,100,99989,100,100126,100,99940,100,100175,100,99912,100
2019-06-28 09:37:43.662810840,100054,74,100049,100,100055,274,100044,174,100057,174,100043,274,100067,174,100006,174,100070,100,100000,100,100076,100,99995,100,100104,100,99993,100,100110,100,99989,100,100126,100,99940,100,100175,100,99912,100
2019-06-28 09:37:50.000000000,100055,496,100049,322,100057,100,100044,100,100067,100,100043,200,100070,100,100006,100,100076,100,100000,100,100104,100,99995,100,100110,100,99993,100,100126,100,99989,100,100175,100,99940,100,100261,100,99912,100
2019-06-28 09:38:00.000000000,100055,496,100049,322,100057,100,100044,100,100067,100,100043,200,100070,100,100006,100,100076,100,100000,100,100104,100,99995,100,100110,100,99993,100,100126,100,99989,100,100175,100,99940,100,100261,100,99912,100
2019-06-28 09:38:10.000000000,100055,496,100049,322,100057,100,100044,100,100067,100,100043,200,100070,100,100006,100,100076,100,100000,100,100104,100,99995,100,100110,100,99993,100,100126,100,99989,100,100175,100,99940,100,100261,100,99912,100
2019-06-28 09:38:18.296249217,100055,496,100049,322,100057,100,100044,100,100067,100,100043,200,100070,100,100006,100,100076,100,100000,100,100104,100,99995,100,100110,100,99993,100,100126,100,99989,100,100175,100,99940,100,100261,100,99912,100
2019-06-28 09:38:20.000000000,100055,301,100049,127,100057,198,100044,198,100067,198,100043,298,100070,100,100006,100,100076,100,100000,100,100104,100,99995,100,100110,100,99993,100,100126,100,99989,100,100175,100,99940,100,100261,100,99912,100
2019-06-28 09:38:26.180459553,100055,201,100049,127,100057,198,100044,198,100067,198,100043,298,100070,100,100006,100,100076,100,100000,100,100104,100,99995,100,100110,100,99993,100,100126,100,99989,100,100175,100,99940,100,100261,100,99905,100
2019-06-28 09:38:30.000000000,100055,159,100049,85,100057,159,100044,159,100067,159,100043,259,100070,159,100006,159,100076,159,100000,159,100104,100,99995,100,100110,100,99993,100,100126,100,99989,100,100175,100,99940,100,100261,100,99905,100
2019-06-28 09:38:36.692258059,100055,159,100049,85,100057,159,100044,159,100067,159,100043,259,100070,159,100006,159,100076,159,100000,159,100104,100,99995,100,100110,100,99993,100,100126,100,99989,100,100175,100,99940,100,100261,100,99905,100
2019-06-28 09:38:40.000000000,100055,174,100049,100,100057,174,100044,174,100067,174,100043,274,100070,174,100006,174,100076,100,100000,100,100104,100,99995,100,100110,100,99993,100,100126,100,99989,100,100175,100,99940,100,100261,100,99905,100
2019-06-28 09:38:50.000000000,100055,248,100049,174,100057,248,100044,248,100067,100,100043,200,100070,100,100006,100,100076,100,100000,100,100104,100,99995,100,100110,100,99993,100,100126,100,99989,100,100175,100,99940,100,100261,100,99905,100
2019-06-28 09:38:58.509548200,100055,148,100049,174,100057,248,100044,248,100067,100,100043,200,100070,100,100006,100,100076,100,100000,100,100104,100,99995,100,100110,100,99993,100,100126,100,99989,100,100175,100,99940,100,100261,100,99905,100
2019-06-28 09:38:58.658138069,100055,148,100049,174,100057,248,100044,248,100067,100,100043,200,100070,100,100006,100,100076,100,100000,100,100104,100,99995,100,100110,100,99993,100,100126,100,99989,100,100175,100,99940,100,100261,100,99905,100
2019-06-28 09:39:00.000000000,100057,159,100049,85,100067,159,100044,159,100070,159,100043,259,100076,159,100006,159,100104,159,100000,159,100110,100,99995,100,100126,100,99993,100,100175,100,99989,100,100261,100,99940,100,100470,100,99905,100
2019-06-28 09:39:10.000000000,100057,159,100049,85,100067,159,100044,159,100070,159,100043,259,100076,159,100006,159,100104,159,100000,159,100110,100,99995,100,100126,100,99993,100,100175,100,99989,100,100261,100,99940,100,100470,100,99905,100
2019-06-28 09:39:20.000000000,100057,396,100049,322,100067,100,100044,100,100070,100,100043,200,100076,100,100006,100,100104,100,100000,100,100110,100,99995,100,100126,100,99993,100,100175,100,99989,100,100261,100,99940,100,100470,100,99905,100
2019-06-28 09:39:29.726169394,100057,396,100049,322,100067,100,100044,100,100070,100,100043,200,100076,100,100006,100,100104,100,100000,100,100110,100,99995,100,100126,100,99993,100,100175,100,99989,100,100261,100,99940,100,100470,100,99905,100
2019-06-28 09:39:30.000000000,100057,159,100049,85,100067,159,100044,159,100070,159,100043,259,100076,159,100006,159,100104,159,100000,159,100110,100,99995,100,100126,100,99993,100,100175,100,99989,100,100261,100,99940,100,100470,100,99905,100
2019-06-28 09:39:30.252348659,100057,159,100049,85,100067,159,100044,159,100070,159,100043,259,100076,59,100006,159,100104,159,100000,159,100110,100,99995,100,100126,100,99993,100,100175,100,99989,100,100261,100,99940,100,100470,100,99905,100
2019-06-28 09:39:33.310616571,100057,59,100049,85,100067,159,100044,159,100070,159,100043,259,100076,59,100006,159,100104,159,100000,159,100110,100,99995,100,100126,100,99993,100,100175,100,99989,100,100261,100,99940,100,100470,100,99905,100
2019-06-28 09:39:40.000000000,100067,159,100049,85,100070,159,100044,159,100104,159,100043,259,100110,159,100006,159,100126,159,100000,159,100175,100,99995,100,100261,100,99993,100,100470,100,99989,100,100513,100,99940,100,100623,100,99905,100
2019-06-28 09:39:40.242416409,100067,59,100049,85,100070,159,100044,159,100104,159,100043,259,100110,159,100006,159,100126,159,100000,159,100175,100,99995,100,100261,100,99993,100,100470,100,99989,100,100513,100,99940,100,100623,100,99905,100
2019-06-28 09:39:50.000000000,100070,248,100049,174,100104,248,100044,248,100110,100,100043,200,100126,100,100006,100,100175,100,100000,100,100261,100,99995,100,100470,100,99993,100,100513,100,99989,100,100623,100,99940,100,100711,100,99905,100
2019-06-28 09:40:00.000000000,100070,159,100049,85,100104,159,100044,159,100110,159,100043,259,100126,159,100006,159,100175,159,100000,159,100261,100,99995,100,100470,100,99993,100,100513,100,99989,100,100623,100,99940,100,100711,100,99905,100
2019-06-28 09:40:10.000000000,100070,174,100049,100,100104,174,100044,174,100110,174,100043,274,100126,174,100006,174,100175,100,100000,100,100261,100,99995,100,100470,100,99993,100,100513,100,99989,100,100623,100,99940,100,100711,100,99905,100
2019-06-28 09:40:10.752062975,100070,74,100049,100,100104,174,100044,174,100110,174,100043,274,100126,174,100006,174,100175,100,100000,100,100261,100,99995,100,100470,100,99993,100,100513,100,99989,100,100623,100,99905,100,100711,100,99903,100
2019-06-28 09:40:19.431311760,100070,74,100049,100,100104,174,100044,174,100110,174,100043,274,100126,174,100006,174,100175,100,100000,100,100261,100,99995,100,100470,100,99993,100,100513,100,99989,100,100623,100,99905,100,100628,100,99903,100
2019-06-28 09:40:20.000000000,100104,248,100049,174,100110,248,100044,248,100126,100,100043,200,100175,100,100006,100,100261,100,100000,100,100470,100,99995,100,100513,100,99993,100,100623,100,99989,100,100628,100,99905,100,100711,100,99903,100
2019-06-28 09:40:23.676234811,100104,248,100067,100,100110,248,100049,174,100126,100,100044,248,100175,100,100043,200,100261,100,100006,100,100470,100,100000,100,100513,100,99995,100,100623,100,99993,100,100628,100,99989,100,100711,100,99905,100
2019-06-28 09:40:28.923413213,100104,148,100067,100,100110,248,100049,148,100126,100,100044,248,100175,100,100043,200,100261,100,100006,100,100470,100,100000,100,100513,100,99995,100,100623,100,99993,100,100628,100,99989,100,100711,100,99905,100
2019-06-28 09:40:30.000000000,100110,396,100067,396,100126,100,100044,100,100175,100,100043,200,100261,100,100006,100,100470,100,100000,100,100513,100,99995,100,100623,100,99993,100,100628,100,99989,100,100711,100,99905,100,100722,100,99903,100
2019-06-28 09:40:40.000000000,100110,159,100067,159,100126,159,100044,159,100175,159,100043,259,100261,159,100006,159,100470,159,100000,159,100513,100,99995,100,100623,100,99993,100,100628,100,99989,100,100711,100,99905,100,100722,100,99903,100
2019-06-28 09:40:50.000000000,100110,396,100067,396,100126,100,100044,100,100175,100,100043,200,100261,100,100006,100,100470,100,100000,100,100513,100,99995,100,100623,100,99993,100,100628,100,99989,100,100711,100,99905,100,100722,100,99903,100
2019-06-28 09:41:00.000000000,100110,248,100067,248,100126,248,100044,248,100175,100,100043,200,100261,100,100006,100,100470,100,100000,100,100513,100,99995,100,100623,100,99993,100,100628,100,99989,100,100711,100,99905,100,100722,100,99903,100
2019-06-28 09:41:03.148931582,100069,100,100067,248,100110,248,100044,248,100126,248,100043,200,100175,100,100006,100,100261,100,100000,100,100470,100,99995,100,100513,100,99993,100,100623,100,99989,100,100628,100,99905,100,100711,100,99903,100
2019-06-28 09:41:10.000000000,100069,174,100067,174,100110,174,100044,174,100126,174,100043,274,100175,174,100006,174,100261,100,100000,100,100470,100,99995,100,100513,100,99993,100,100623,100,99989,100,100628,100,99905,100,100711,100,99903,100
2019-06-28 09:41:20.000000000,100069,159,100067,159,100110,159,100044,159,100126,159,100043,259,100175,159,100006,159,100261,159,100000,159,100470,100,99995,100,100513,100,99993,100,100623,100,99989,100,100628,100,99905,100,100711,100,99903,100
2019-06-28 09:41:25.679881153,100069,159,100067,159,100110,159,100044,159,100126,159,100043,259,100175,159,100006,159,100261,159,100000,159,100470,100,99995,100,100513,100,99993,100,100623,100,99989,100,100628,100,99954,100,100711,100,99905,100
2019-06-28 09:41:30.000000000,100069,159,100067,159,100110,159,100044,159,100126,159,100043,259,100175,159,100006,159,100261,159,100000,159,100470,100,99995,100,100513,100,99993,100,100623,100,99989,100,100628,100,99954,100,100711,100,99905,100
2019-06-28 09:41:40.000000000,100069,174,100067,174,100110,174,100044,174,100126,174,100043,274,100175,174,100006,174,100261,100,100000,100,100470,100,99995,100,100513,100,99993,100,100623,100,99989,100,100628,100,99954,100,100711,100,99905,100
2019-06-28 09:41:48.347320956,100069,274,100067,174,100110,174,100044,174,100126,174,100043,274,100175,174,100006,174,100261,100,100000,100,100470,100,99995,100,100513,100,99993,100,100623,100,99989,100,100628,100,99954,100,100711,100,99905,100
2019-06-28 09:41:50.000000000,100069,274,100067,174,100110,174,100044,174,100126,174,100043,274,100175,174,100006,174,100261,100,100000,100,100470,100,99995,100,100513,100,99993,100,100623,100,99989,100,100628,100,99954,100,100711,100,99905,100
2019-06-28 09:41:53.174141543,100069,274,100067,174,100110,174,100044,174,100126,174,100043,274,100175,74,100006,174,100261,100,100000,100,100470,100,99995,100,100513,100,99993,100,100623,100,99989,100,100628,100,99954,100,100711,100,99916,100
2019-06-28 09:42:00.000000000,100069,348,100067,248,100110,248,100044,248,100126,100,100043,200,100261,100,100006,100,100470,100,100000,100,100513,100,99995,100,100623,100,99993,100,100628,100,99989,100,100711,100,99954,100,100722,100,99916,100
2019-06-28 09:42:02.666026118,100069,348,100067,248,100110,248,100044,248,100126,100,100043,200,100261,100,100006,100,100301,100,100000,100,100470,100,99995,100,100513,100,99993,100,100623,100,99989,100,100628,100,99954,100,100711,100,99916,100
2019-06-28 09:42:10.000000000,100069,301,100067,201,100110,198,100044,198,100126,198,100043,298,100261,100,100006,100,100301,100,100000,100,100470,100,99995,100,100513,100,99993,100,100623,100,99989,100,100628,100,99954,100,100711,100,99916,100
2019-06-28 09:42:20.000000000,100069,348,100067,248,100110,248,100044,248,100126,100,100043,200,100261,100,100006,100,100301,100,100000,100,100470,100,99995,100,100513,100,99993,100,100623,100,99989,100,100628,100,99954,100,100711,100,99916,100
2019-06-28 09:42:30.000000000,100069,274,100067,174,100110,174,100044,174,100126,174,100043,274,100261,174,100006,174,100301,100,100000,100,100470,100,99995,100,100513,100,99993,100,100623,100,99989,100,100628,100,99954,100,100711,100,99916,100
2019-06-28 09:42:40.000000000,100069,348,100067,248,100110,248,100044,248,100126,100,100043,200,100261,100,100006,100,100301,100,100000,100,100470,100,99995,100,100513,100,99993,100,100623,100,99989,100,100628,100,99954,100,100711,100,99916,100
2019-06-28 09:42:48.954997965,100069,248,100067,248,100110,248,100044,248,100126,100,100043,200,100261,100,100006,100,100301,100,100000,100,100470,100,99995,100,100513,100,99993,100,100623,100,99989,100,100628,100,99954,100,100711,100,99916,100
2019-06-28 09:42:50.000000000,100069,174,100067,174,100110,174,100044,174,100126,174,100043,274,100261,174,100006,174,100301,100,100000,100,100470,100,99995,100,100513,100,99993,100,100623,100,99989,100,100628,100,99954,100,100711,100,99916,100
2019-06-28 09:43:00.000000000,100069,159,100067,159,100110,159,100044,159,100126,159,100043,259,100261,159,100006,159,100301,159,100000,159,100470,100,99995,100,100513,100,99993,100,100623,100,99989,100,100628,100,99954,100,100711,100,99916,100
2019-06-28 09:43:10.000000000,100069,201,100067,201,100110,198,100044,198,100126,198,100043,298,100261,100,100006,100,100301,100,100000,100,100470,100,99995,100,100513,100,99993,100,100623,100,99989,100,100628,100,99954,100,100711,100,99916,100
2019-06-28 09:43:13.820706365,100069,201,100067,101,100110,198,100044,198,100126,198,100043,298,100261,100,100006,100,100301,100,100000,100,100470,100,99995,100,100513,100,99993,100,100623,100,99989,100,100628,100,99954,100,100711,100,99916,100
2019-06-28 09:43:14.867463200,100069,201,100067,1,100110,198,100044,198,100126,198,100043,298,100261,100,100006,100,100301,100,100000,100,100470,100,99995,100,100513,100,99993,100,100623,100,99989,100,100628,100,99954,100,100711,100,99916,100
2019-06-28 09:43:20.000000000,100069,201,100044,201,100110,198,100043,298,100126,198,100006,198,100261,100,100000,100,100301,100,99995,100,100470,100,99993,100,100513,100,99989,100,100623,100,99954,100,100628,100,99916,100,100711,100,99905,100
2019-06-28 09:43:30.000000000,100069,248,100044,248,100110,248,100043,348,100126,100,100006,100,100261,100,100000,100,100301,100,99995,100,100470,100,99993,100,100513,100,99989,100,100623,100,99954,100,100628,100,99916,100,100711,100,99905,100
2019-06-28 09:43:40.000000000,100069,159,100044,159,100110,159,100043,259,100126,159,100006,159,100261,159,100000,159,100301,159,99995,159,100470,100,99993,100,100513,100,99989,100,100623,100,99954,100,100628,100,99916,100,100711,100,99905,100
2019-06-28 09:43:50.000000000,100069,159,100044,159,100110,159,100043,259,100126,159,100006,159,100261,159,100000,159,100301,159,99995,159,100470,100,99993,100,100513,100,99989,100,100623,100,99954,100,100628,100,99916,100,100711,100,99905,100
2019-06-28 09:44:00.000000000,100069,174,100044,174,100110,174,100043,274,100126,174,100006,174,100261,174,100000,174,100301,100,99995,100,100470,100,99993,100,100513,100,99989,100,100623,100,99954,100,100628,100,99916,100,100711,100,99905,100
2019-06-28 09:44:10.000000000,100069,396,100044,396,100110,100,100043,200,100126,100,100006,100,100261,100,100000,100,100301,100,99995,100,100470,100,99993,100,100513,100,99989,100,100623,100,99954,100,100628,100,99916,100,100711,100,99905,100
2019-06-28 09:44:10.786331000,100069,396,100044,396,100110,100,100043,200,100126,100,100006,100,100257,100,100000,100,100261,100,99995,100,100301,100,99993,100,100470,100,99989,100,100513,100,99954,100,100623,100,99916,100,100628,100,99905,100
2019-06-28 09:44:13.950333523,100069,396,100044,396,100110,100,100043,200,100126,100,100006,100,100261,100,100000,100,100301,100,99995,100,100317,100,99993,100,100470,100,99989,100,100513,100,99954,100,100623,100,99916,100,100628,100,99905,100
2019-06-28 09:44:20.000000000,100069,248,100044,248,100110,248,100043,348,100126,100,100006,100,100261,100,100000,100,100301,100,99995,100,100317,100,99993,100,100470,100,99989,100,100513,100,99954,100,100623,100,99916,100,100628,100,99905,100
2019-06-28 09:44:25.312304487,100069,248,100068,100,100110,248,100044,248,100126,100,100043,348,100261,100,100000,100,100301,100,99995,100,100317,100,99993,100,100470,100,99989,100,100513,100,99954,100,100623,100,99916,100,100628,100,99905,100
2019-06-28 09:44:25.944348990,100069,248,100068,200,100110,248,100044,248,100126,100,100043,348,100261,100,100000,100,100301,100,99995,100,100317,100,99993,100,100470,100,99989,100,100513,100,99954,100,100623,100,99916,100,100628,100,99905,100
2019-06-28 09:44:30.000000000,100069,396,100068,496,100110,100,100044,100,100126,100,100043,200,100261,100,100000,100,100301,100,99995,100,100317,100,99993,100,100470,100,99989,100,100513,100,99954,100,100623,100,99916,100,100628,100,99905,100
2019-06-28 09:44:40.000000000,100069,174,100068,274,100110,174,100044,174,100126,174,100043,274,100261,174,100000,174,100301,100,99995,100,100317,100,99993,100,100470,100,99989,100,100513,100,99954,100,100623,100,99916,100,100628,100,99905,100
2019-06-28 09:44:50.000000000,100069,159,100068,259,100110,159,100044,159,100126,159,100043,259,100261,159,100000,159,100301,159,99995,159,100317,100,99993,100,100470,100,99989,100,100513,100,99954,100,100623,100,99916,100,100628,100,99905,100
2019-06-28 09:45:00.000000000,100069,174,100068,274,100110,174,100044,174,100126,174,100043,274,100261,174,100000,174,100301,100,99995,100,100317,100,99993,100,100470,100,99989,100,100513,100,99954,100,100623,100,99916,100,100628,100,99905,100
2019-06-28 09:45:10.000000000,100069,201,100068,301,100110,198,100044,198,100126,198,100043,298,100261,100,100000,100,100301,100,99995,100,100317,100,99993,100,100470,100,99989,100,100513,100,99954,100,100623,100,99916,100,100628,100,99905,100
2019-06-28 09:45:20.000000000,100069,248,100068,348,100110,248,100044,248,100126,100,100043,200,100261,100,100000,100,100301,100,99995,100,100317,100,99993,100,100470,100,99989,100,100513,100,99954,100,100623,100,99916,100,100628,100,99905,100
2019-06-28 09:45:30.000000000,100069,159,100068,259,100110,159,100044,159,100126,159,100043,259,100261,159,100000,159,100301,159,99995,159,100317,100,99993,100,100470,100,99989,100,100513,100,99954,100,100623,100,99916,100,100628,100,99905,100
2019-06-28 09:45:40.000000000,100069,174,100068,274,100110,174,100044,174,100126,174,100043,274,100261,174,100000,174,100301,100,99995,100,100317,100,99993,100,100470,100,99989,100,100513,100,99954,100,100623,100,99916,100,100628,100,99905,100
2019-06-28 09:45:50.000000000,100069,201,100068,301,100110,198,100044,198,100126,198,100043,298,100261,100,100000,100,100301,100,99995,100,100317,100,99993,100,100470,100,99989,100,100513,100,99954,100,100623,100,99916,100,100628,100,99905,100
2019-06-28 09:46:00.000000000,100069,248,100068,348,100110,248,100044,248,100126,100,100043,200,100261,100,100000,100,100301,100,99995,100,100317,100,99993,100,100470,100,99989,100,100513,100,99954,100,100623,100,99916,100,100628,100,99905,100
2019-06-28 09:46:08.286287236,100069,248,100068,248,100110,248,100044,248,100126,100,100043,200,100261,100,100000,100,100301,100,99995,100,100317,100,99993,100,100470,100,99989,100,100513,100,99954,100,100623,100,99916,100,100628,100,99905,100
2019-06-28 09:46:10.000000000,100069,248,100068,248,100110,248,100044,248,100126,100,100043,200,100261,100,100000,100,100301,100,99995,100,100317,100,99993,100,100470,100,99989,100,100513,100,99954,100,100623,100,99916,100,100628,100,99905,100
2019-06-28 09:46:12.714177330,100069,248,100068,248,100110,248,100044,248,100126,100,100043,100,100261,100,100000,100,100301,100,99995,100,100317,100,99993,100,100470,100,99989,100,100513,100,99954,100,100623,100,99916,100,100628,100,99905,100
2019-06-28 09:46:20.000000000,100069,174,100068,174,100110,174,100044,174,100126,174,100043,174,100261,174,100000,174,100301,100,99995,100,100317,100,99993,100,100470,100,99989,100,100513,100,99954,100,100623,100,99916,100,100628,100,99905,100
2019-06-28 09:46:20.902647723,100069,174,100068,174,100110,174,100044,174,100126,174,100043,174,100261,174,100000,174,100301,100,99995,100,100317,100,99993,100,100470,100,99989,100,100513,100,99954,100,100623,100,99916,100,100628,100,99905,100
2019-06-28 09:46:21.941560872,100069,174,100068,74,100110,174,100044,174,100126,174,100043,174,100261,174,100000,174,100301,100,99995,100,100317,100,99993,100,100470,100,99989,100,100513,100,99954,100,100623,100,99916,100,100628,100,99905,100
2019-06-28 09:46:22.982820967,100068,26,100044,174,100069,174,100043,174,100110,174,100000,174,100126,174,99995,100,100261,174,99993,100,100301,100,99989,100,100317,100,99916,100,100470,100,99905,100,100513,100,99903,100,100623,100,99886,100
2019-06-28 09:46:29.446977470,100068,26,100044,174,100069,174,100043,174,100110,174,100000,174,100126,174,99995,100,100261,174,99993,100,100301,100,99989,100,100317,100,99916,100,100470,100,99905,100,100513,100,99903,100,100623,100,99886,100
2019-06-28 09:46:30.000000000,100068,322,100044,396,100069,100,100043,100,100110,100,100000,100,100126,100,99995,100,100261,100,99993,100,100301,100,99989,100,100317,100,99916,100,100470,100,99905,100,100513,100,99903,100,100623,100,99886,100
2019-06-28 09:46:37.278539737,100068,322,100044,296,100069,100,100043,100,100110,100,100000,100,100126,100,99995,100,100261,100,99993,100,100301,100,99916,100,100317,100,99905,100,100470,100,99903,100,100513,100,99886,100,100623,100,99878,100
2019-06-28 09:46:40.000000000,100068,174,100043,248,100069,248,100000,248,100110,100,99995,100,100126,100,99993,100,100261,100,99916,100,100301,100,99905,100,100317,100,99903,100,100470,100,99886,100,100513,100,99878,100,100623,100,99876,100
2019-06-28 09:46:50.000000000,100068,100,100043,174,100069,174,100000,174,100110,174,99995,174,100126,174,99993,174,100261,100,99916,100,100301,100,99905,100,100317,100,99903,100,100470,100,99886,100,100513,100,99878,100,100623,100,99876,100
2019-06-28 09:46:54.454288872,100068,100,100043,74,100069,174,100000,174,100110,174,99995,174,100126,174,99993,174,100261,100,99916,100,100301,100,99905,100,100317,100,99903,100,100470,100,99886,100,100513,100,99878,100,100623,100,99876,100
2019-06-28 09:47:00.000000000,100068,127,100000,201,100069,198,99995,198,100110,198,99993,198,100126,100,99916,100,100261,100,99905,100,100301,100,99903,100,100317,100,99886,100,100470,100,99878,100,100513,100,99876,100,100623,100,99873,100
2019-06-28 09:47:10.000000000,100068,100,100000,174,100069,174,99995,174,100110,174,99993,174,100126,174,99916,174,100261,100,99905,100,100301,100,99903,100,100317,100,99886,100,100470,100,99878,100,100513,100,99876,100,100623,100,99873,100
2019-06-28 09:47:20.000000000,100068,85,100000,159,100069,159,99995,159,100110,159,99993,159,100126,159,99916,159,100261,159,99905,159,100301,100,99903,100,100317,100,99886,100,100470,100,99878,100,100513,100,99876,100,100623,100,99873,100
2019-06-28 09:47:21.407442784,100041,100,100000,159,100068,85,99995,159,100069,159,99993,159,100110,159,99916,159,100126,159,99905,159,100261,159,99903,100,100301,100,99886,100,100317,100,99878,100,100470,100,99876,100,100513,100,99873,100
2019-06-28 09:47:26.268711455,100041,100,100000,159,100068,85,99995,159,100069,159,99993,159,100110,159,99919,100,100126,159,99916,159,100261,159,99905,159,100301,100,99903,100,100317,100,99886,100,100470,100,99878,100,100513,100,99876,100
2019-06-28 09:47:30.000000000,100041,174,100000,174,100068,100,99995,174,100069,174,99993,174,100110,174,99919,174,100126,100,99916,100,100261,100,99905,100,100301,100,99903,100,100317,100,99886,100,100470,100,99878,100,100513,100,99876,100
2019-06-28 09:47:40.000000000,100041,201,100000,201,100068,124,99995,198,100069,198,99993,198,100110,100,99919,100,100126,100,99916,100,100261,100,99905,100,100301,100,99903,100,100317,100,99886,100,100470,100,99878,100,100513,100,99876,100
2019-06-28 09:47:50.000000000,100041,248,100000,248,100068,174,99995,248,100069,100,99993,100,100110,100,99919,100,100126,100,99916,100,100261,100,99905,100,100301,100,99903,100,100317,100,99886,100,100470,100,99878,100,100513,100,99876,100
2019-06-28 09:47:57.647991489,100041,248,100000,248,100068,174,99995,248,100069,100,99993,100,100110,100,99919,100,100126,100,99916,100,100261,100,99905,100,100301,100,99903,100,100317,100,99886,100,100470,100,99878,100,100513,200,99876,100
2019-06-28 09:48:00.000000000,100041,396,100000,396,100068,26,99995,100,100069,100,99993,100,100110,100,99919,100,100126,100,99916,100,100261,100,99905,100,100301,100,99903,100,100317,100,99886,100,100470,100,99878,100,100513,200,99876,100
2019-06-28 09:48:10.000000000,100041,201,100000,201,100068,124,99995,198,100069,198,99993,198,100110,100,99919,100,100126,100,99916,100,100261,100,99905,100,100301,100,99903,100,100317,100,99886,100,100470,100,99878,100,100513,200,99876,100
2019-06-28 09:48:20.000000000,100041,248,100000,248,100068,174,99995,248,100069,100,99993,100,100110,100,99919,100,100126,100,99916,100,100261,100,99905,100,100301,100,99903,100,100317,100,99886,100,100470,100,99878,100,100513,200,99876,100
2019-06-28 09:48:30.000000000,100041,201,100000,201,100068,124,99995,198,100069,198,99993,198,100110,100,99919,100,100126,100,99916,100,100261,100,99905,100,100301,100,99903,100,100317,100,99886,100,100470,100,99878,100,100513,200,99876,100
2019-06-28 09:48:40.000000000,100041,201,100000,201,100068,124,99995,198,100069,198,99993,198,100110,100,99919,100,100126,100,99916,100,100261,100,99905,100,100301,100,99903,100,100317,100,99886,100,100470,100,99878,100,100513,200,99876,100
2019-06-28 09:48:46.210459425,100041,101,100000,201,100068,124,99995,198,100069,198,99993,198,100110,100,99919,100,100126,100,99916,100,100261,100,99905,100,100301,100,99903,100,100317,100,99886,100,100470,100,99878,100,100513,200,99876,100
2019-06-28 09:48:50.000000000,100068,100,100000,174,100069,174,99995,174,100110,174,99993,174,100126,174,99919,174,100261,100,99916,100,100301,100,99905,100,100317,100,99903,100,100470,100,99886,100,100513,200,99878,100,100623,100,99876,100
2019-06-28 09:49:00.000000000,100068,100,100000,174,100069,174,99995,174,100110,174,99993,174,100126,174,99919,174,100261,100,99916,100,100301,100,99905,100,100317,100,99903,100,100470,100,99886,100,100513,200,99878,100,100623,100,99876,100
2019-06-28 09:49:10.000000000,100068,85,100000,159,100069,159,99995,159,100110,159,99993,159,100126,159,99919,159,100261,159,99916,159,100301,100,99905,100,100317,100,99903,100,100470,100,99886,100,100513,200,99878,100,100623,100,99876,100
2019-06-28 09:49:20.000000000,100068,100,100000,174,100069,174,99995,174,100110,174,99993,174,100126,174,99919,174,100261,100,99916,100,100301,100,99905,100,100317,100,99903,100,100470,100,99886,100,100513,200,99878,100,100623,100,99876,100
2019-06-28 09:49:27.619611474,100068,100,100000,174,100069,174,99995,174,100110,174,99993,174,100126,174,99919,174,100261,100,99905,100,100301,100,99903,100,100317,100,99886,100,100470,100,99878,100,100513,200,99876,100,100623,100,99873,100
2019-06-28 09:49:30.000000000,100068,127,100000,201,100069,198,99995,198,100110,198,99993,198,100126,100,99919,100,100261,100,99905,100,100301,100,99903,100,100317,100,99886,100,100470,100,99878,100,100513,200,99876,100,100623,100,99873,100
2019-06-28 09:49:40.000000000,100068,174,100000,248,100069,248,99995,248,100110,100,99993,100,100126,100,99919,100,100261,100,99905,100,100301,100,99903,100,100317,100,99886,100,100470,100,99878,100,100513,200,99876,100,100623,100,99873,100
2019-06-28 09:49:50.000000000,100068,174,100000,248,100069,248,99995,248,100110,100,99993,100,100126,100,99919,100,100261,100,99905,100,100301,100,99903,100,100317,100,99886,100,100470,100,99878,100,100513,200,99876,100,100623,100,99873,100
2019-06-28 09:50:00.000000000,100068,322,100000,396,100069,100,99995,100,100110,100,99993,100,100126,100,99919,100,100261,100,99905,100,100301,100,99903,100,100317,100,99886,100,100470,100,99878,100,100513,200,99876,100,100623,100,99873,100
2019-06-28 09:50:06.091546756,100068,322,100000,396,100069,100,99995,100,100110,100,99993,100,100126,100,99919,100,100261,100,99905,100,100301,100,99903,100,100317,100,99886,100,100470,100,99878,100,100513,200,99876,100,100623,100,99873,100
2019-06-28 09:50:07.055635957,100068,322,100000,396,100069,100,99995,100,100110,100,99993,100,100126,100,99919,100,100261,100,99905,100,100267,100,99903,100,100301,100,99886,100,100317,100,99878,100,100470,100,99876,100,100513,200,99873,100
2019-06-28 09:50:10.000000000,100068,322,100000,396,100069,100,99995,100,100110,100,99993,100,100126,100,99919,100,100261,100,99905,100,100267,100,99903,100,100301,100,99886,100,100317,100,99878,100,100470,100,99876,100,100513,200,99873,100
2019-06-28 09:50:20.000000000,100068,100,100000,174,100069,174,99995,174,100110,174,99993,174,100126,174,99919,174,100261,100,99905,100,100267,100,99903,100,100301,100,99886,100,100317,100,99878,100,100470,100,99876,100,100513,200,99873,100
2019-06-28 09:50:30.000000000,100068,85,100000,159,100069,159,99995,159,100110,159,99993,159,100126,159,99919,159,100261,159,99905,159,100267,100,99903,100,100301,100,99886,100,100317,100,99878,100,100470,100,99876,100,100513,200,99873,100
2019-06-28 09:50:40.000000000,100068,100,100000,174,100069,174,99995,174,100110,174,99993,174,100126,174,99919,174,100261,100,99905,100,100267,100,99903,100,100301,100,99886,100,100317,100,99878,100,100470,100,99876,100,100513,200,99873,100
2019-06-28 09:50:50.000000000,100068,85,100000,159,100069,159,99995,159,100110,159,99993,159,100126,159,99919,159,100261,159,99905,159,100267,100,99903,100,100301,100,99886,100,100317,100,99878,100,100470,100,99876,100,100513,200,99873,100
2019-06-28 09:50:59.550052049,100068,85,100000,59,100069,159,99995,159,100110,159,99993,159,100126,159,99919,159,100261,159,99905,159,100267,100,99903,100,100301,100,99886,100,100317,100,99878,100,100470,100,99876,100,100513,200,99873,100
2019-06-28 09:51:00.000000000,100068,85,99995,159,100069,159,99993,159,100110,159,99919,159,100126,159,99905,159,100261,159,99903,159,100267,100,99886,100,100301,100,99878,100,100317,100,99876,100,100470,100,99873,100,100513,200,99840,100
2019-06-28 09:51:10.000000000,100068,174,99995,248,100069,248,99993,248,100110,100,99919,100,100126,100,99905,100,100261,100,99903,100,100267,100,99886,100,100301,100,99878,100,100317,100,99876,100,100470,100,99873,100,100513,200,99840,100
2019-06-28 09:51:20.000000000,100068,100,99995,174,100069,174,99993,174,100110,174,99919,174,100126,174,99905,174,100261,100,99903,100,100267,100,99886,100,100301,100,99878,100,100317,100,99876,100,100470,100,99873,100,100513,200,99840,100
2019-06-28 09:51:25.024485960,100068,100,99995,74,100069,174,99993,174,100110,174,99919,174,100126,174,99905,174,100261,100,99903,100,100267,100,99886,100,100301,100,99878,100,100317,100,99876,100,100470,100,99873,100,100513,200,99840,100
2019-06-28 09:51:30.000000000,100068,174,99993,248,100069,248,99919,248,100110,100,99905,100,100126,100,99903,100,100261,100,99886,100,100267,100,99878,100,100301,100,99876,100,100317,100,99873,100,100470,100,99840,100,100513,200,99820,100
2019-06-28 09:51:40.000000000,100068,85,99993,159,100069,159,99919,159,100110,159,99905,159,100126,159,99903,159,100261,159,99886,159,100267,100,99878,100,100301,100,99876,100,100317,100,99873,100,100470,100,99840,100,100513,200,99820,100
2019-06-28 09:51:45.264495665,100068,85,99993,59,100069,159,99919,159,100110,159,99905,159,100126,159,99903,159,100261,159,99886,159,100267,100,99878,100,100301,100,99876,100,100317,100,99873,100,100470,100,99840,100,100513,200,99820,100
2019-06-28 09:51:50.000000000,100068,174,99919,248,100069,248,99905,248,100110,100,99903,100,100126,100,99886,100,100261,100,99878,100,100267,100,99876,100,100301,100,99873,100,100317,100,99840,100,100470,100,99820,100,100513,200,,
2019-06-28 09:52:00.000000000,100068,100,99919,174,100069,174,99905,174,100110,174,99903,174,100126,174,99886,174,100261,100,99878,100,100267,100,99876,100,100301,100,99873,100,100317,100,99840,100,100470,100,99820,100,100513,200,,
2019-06-28 09:52:01.531367133,100068,100,99919,74,100069,174,99905,174,100110,174,99903,174,100126,174,99886,174,100261,100,99878,100,100267,100,99876,100,100301,100,99873,100,100317,100,99840,100,100470,100,99820,100,100513,200,,
2019-06-28 09:52:10.000000000,100068,322,99905,396,100069,100,99903,100,100110,100,99886,100,100126,100,99878,100,100261,100,99876,100,100267,100,99873,100,100301,100,99840,100,100317,100,99820,100,100470,100,,,100513,200,,
2019-06-28 09:52:20.000000000,100068,85,99905,159,100069,159,99903,159,100110,159,99886,159,100126,159,99878,159,100261,159,99876,159,100267,100,99873,100,100301,100,99840,100,100317,100,99820,100,100470,100,,,100513,200,,
2019-06-28 09:52:30.000000000,100068,174,99905,248,100069,248,99903,248,100110,100,99886,100,100126,100,99878,100,100261,100,99876,100,100267,100,99873,100,100301,100,99840,100,100317,100,99820,100,100470,100,,,100513,200,,
2019-06-28 09:52:40.000000000,100068,85,99905,159,100069,159,99903,159,100110,159,99886,159,100126,159,99878,159,100261,159,99876,159,100267,100,99873,100,100301,100,99840,100,100317,100,99820,100,100470,100,,,100513,200,,
2019-06-28 09:52:50.000000000,100068,174,99905,248,100069,248,99903,248,100110,100,99886,100,100126,100,99878,100,100261,100,99876,100,100267,100,99873,100,100301,100,99840,100,100317,100,99820,100,100470,100,,,100513,200,,
2019-06-28 09:53:00.000000000,100068,322,99905,396,100069,100,99903,100,100110,100,99886,100,100126,100,99878,100,100261,100,99876,100,100267,100,99873,100,100301,100,99840,100,100317,100,99820,100,100470,100,,,100513,200,,
2019-06-28 09:53:10.000000000,100068,322,99905,396,100069,100,99903,100,100110,100,99886,100,100126,100,99878,100,100261,100,99876,100,100267,100,99873,100,100301,100,99840,100,100317,100,99820,100,100470,100,,,100513,200,,
2019-06-28 09:53:20.000000000,100068,100,99905,174,100069,174,99903,174,100110,174,99886,174,100126,174,99878,174,100261,100,99876,100,100267,100,99873,100,100301,100,99840,100,100317,100,99820,100,100470,100,,,100513,200,,
2019-06-28 09:53:30.000000000,100068,85,99905,159,100069,159,99903,159,100110,159,99886,159,100126,159,99878,159,100261,159,99876,159,100267,100,99873,100,100301,100,99840,100,100317,100,99820,100,100470,100,,,100513,200,,
2019-06-28 09:53:30.042395009,99993,100,99905,159,100068,85,99903,159,100069,159,99886,159,100110,159,99878,159,100126,159,99876,159,100261,159,99873,100,100267,100,99840,100,100301,100,99820,100,100317,100,,,100470,100,,
2019-06-28 09:53:40.000000000,99993,174,99905,174,100068,100,99903,174,100069,174,99886,174,100110,174,99878,174,100126,100,99876,100,100261,100,99873,100,100267,100,99840,100,100301,100,99820,100,100317,100,,,100470,100,,
2019-06-28 09:53:40.858216293,99993,174,99905,174,100068,100,99903,174,100069,174,99886,174,100110,74,99878,174,100126,100,99876,100,100261,100,99873,100,100267,100,99840,100,100301,100,99820,100,100317,100,98178,100,100470,100,,
2019-06-28 09:53:50.000000000,99993,201,99905,201,100068,124,99903,198,100069,198,99886,198,100126,100,99878,100,100261,100,99876,100,100267,100,99873,100,100301,100,99840,100,100317,100,99820,100,100470,100,98178,100,100513,200,,
2019-06-28 09:54:00.000000000,99993,248,99905,248,100068,174,99903,248,100069,100,99886,100,100126,100,99878,100,100261,100,99876,100,100267,100,99873,100,100301,100,99840,100,100317,100,99820,100,100470,100,98178,100,100513,200,,
2019-06-28 09:54:10.000000000,99993,248,99905,248,100068,174,99903,248,100069,100,99886,100,100126,100,99878,100,100261,100,99876,100,100267,100,99873,100,100301,100,99840,100,100317,100,99820,100,100470,100,98178,100,100513,200,,
2019-06-28 09:54:17.785259800,99993,248,99905,248,100068,174,99903,248,100069,100,99886,100,100126,100,99878,100,100261,100,99876,100,100267,100,99873,100,100301,100,99840,100,100317,100,99820,100,100470,100,98276,100,100513,200,98178,100
2019-06-28 09:54:19.769683697,99993,348,99905,248,100068,174,99903,248,100069,100,99886,100,100126,100,99878,100,100261,100,99876,100,100267,100,99873,100,100301,100,99840,100,100317,100,99820,100,100470,100,98276,100,100513,200,98178,100
2019-06-28 09:54:20.000000000,99993,274,99905,174,100068,100,99903,174,100069,174,99886,174,100126,174,99878,174,100261,100,99876,100,100267,100,99873,100,100301,100,99840,100,100317,100,99820,100,100470,100,98276,100,100513,200,98178,100
2019-06-28 09:54:30.000000000,99993,301,99905,201,100068,124,99903,198,100069,198,99886,198,100126,100,99878,100,100261,100,99876,100,100267,100,99873,100,100301,100,99840,100,100317,100,99820,100,100470,100,98276,100,100513,200,98178,100
2019-06-28 09:54:33.449242860,99993,301,99905,201,100068,124,99903,198,100069,198,99886,198,100126,100,99878,100,100261,100,99876,100,100267,100,99873,100,100301,100,99840,100,100317,100,99820,100,100470,100,98281,100,100513,200,98276,100
2019-06-28 09:54:40.000000000,99993,496,99905,396,100068,26,99903,100,100069,100,99886,100,100126,100,99878,100,100261,100,99876,100,100267,100,99873,100,100301,100,99840,100,100317,100,99820,100,100470,100,98281,100,100513,200,98276,100
2019-06-28 09:54:50.000000000,99993,301,99905,201,100068,124,99903,198,100069,198,99886,198,100126,100,99878,100,100261,100,99876,100,100267,100,99873,100,100301,100,99840,100,100317,100,99820,100,100470,100,98281,100,100513,200,98276,100
2019-06-28 09:54:58.853854062,99993,301,99905,201,100068,124,99903,198,100069,198,99886,198,100126,100,99878,100,100261,100,99876,100,100267,100,99873,100,100301,100,99840,100,100317,100,99820,100,100470,100,98609,100,100513,200,98281,100
2019-06-28 09:55:00.000000000,99993,348,99905,248,100068,174,99903,248,100069,100,99886,100,100126,100,99878,100,100261,100,99876,100,100267,100,99873,100,100301,100,99840,100,100317,100,99820,100,100470,100,98609,100,100513,200,98281,100
2019-06-28 09:55:04.686667637,99993,348,99905,148,100068,174,99903,248,100069,100,99886,100,100126,100,99878,100,100261,100,99876,100,100267,100,99840,100,100301,100,99820,100,100317,100,98609,100,100470,100,98281,100,100513,200,98276,100
2019-06-28 09:55:10.000000000,99993,301,99903,201,100068,124,99886,198,100069,198,99878,198,100126,100,99876,100,100261,100,99840,100,100267,100,99820,100,100301,100,98609,100,100317,100,98281,100,100470,100,98276,100,100513,200,98178,100
2019-06-28 09:55:20.000000000,99993,496,99903,396,100068,26,99886,100,100069,100,99878,100,100126,100,99876,100,100261,100,99840,100,100267,100,99820,100,100301,100,98609,100,100317,100,98281,100,100470,100,98276,100,100513,200,98178,100
2019-06-28 09:55:30.000000000,99993,496,99903,396,100068,26,99886,100,100069,100,99878,100,100126,100,99876,100,100261,100,99840,100,100267,100,99820,100,100301,100,98609,100,100317,100,98281,100,100470,100,98276,100,100513,200,98178,100
2019-06-28 09:55:36.730467365,99993,496,99903,396,100068,26,99886,100,100069,100,99878,100,100126,100,99876,100,100261,100,99840,100,100267,100,99820,100,100301,100,98648,100,100317,100,98609,100,100470,100,98281,100,100513,200,98276,100
2019-06-28 09:55:36.837841341,99993,496,99903,296,100068,26,99886,100,100069,100,99878,100,100126,100,99876,100,100261,100,99840,100,100267,100,99820,100,100301,100,98648,100,100317,100,98609,100,100470,100,98281,100,100513,200,98276,100
2019-06-28 09:55:37.778035076,99993,496,99903,296,100068,26,99886,100,100126,100,99878,100,100261,100,99876,100,100267,100,99840,100,100301,100,99820,100,100317,100,98648,100,100470,100,98609,100,100513,200,98281,100,100623,100,98276,100
2019-06-28 09:55:40.000000000,99993,301,99886,201,100068,124,99878,198,100126,198,99876,198,100261,100,99840,100,100267,100,99820,100,100301,100,98648,100,100317,100,98609,100,100470,100,98281,100,100513,200,98276,100,100623,100,98178,100
2019-06-28 09:55:48.839967413,99993,301,99886,101,100068,124,99878,198,100126,198,99876,198,100261,100,99840,100,100267,100,99820,100,100301,100,98648,100,100317,100,98281,100,100470,100,98276,100,100513,200,98178,100,100623,100,,
2019-06-28 09:55:50.000000000,99993,301,99878,201,100068,124,99876,198,100126,198,99840,198,100261,100,99820,100,100267,100,98648,100,100301,100,98281,100,100317,100,98276,100,100470,100,98178,100,100513,200,,,100623,100,,
2019-06-28 09:56:00.000000000,99993,496,99878,396,100068,26,99876,100,100126,100,99840,100,100261,100,99820,100,100267,100,98648,100,100301,100,98281,100,100317,100,98276,100,100470,100,98178,100,100513,200,,,100623,100,,
2019-06-28 09:56:04.009349259,99993,496,99878,296,100068,26,99876,100,100126,100,99840,100,100261,100,99820,100,100267,100,98648,100,100301,100,98281,100,100470,100,98276,100,100513,200,98178,100,100623,100,,,100628,100,,
2019-06-28 09:56:10.000000000,99993,274,99876,174,100068,100,99840,174,100126,174,99820,174,100261,174,98648,174,100267,100,98281,100,100301,100,98276,100,100470,100,98178,100,100513,200,,,100623,100,,,100628,100,,
2019-06-28 09:56:13.397499207,99993,274,99876,74,100068,100,99840,174,100126,174,99820,174,100261,174,98648,174,100267,100,98281,100,100301,100,98276,100,100470,100,98178,100,100513,200,,,100623,100,,,100628,100,,
2019-06-28 09:56:16.227343942,99876,26,99840,174,99993,274,99820,174,100068,100,98648,174,100126,174,98281,100,100261,174,98276,100,100267,100,98178,100,100301,100,,,100513,200,,,100623,100,,,100628,100,,
2019-06-28 09:56:20.000000000,99876,100,99840,174,99993,274,99820,174,100068,100,98648,174,100126,174,98281,174,100261,100,98276,100,100267,100,98178,100,100301,100,,,100513,200,,,100623,100,,,100628,100,,
2019-06-28 09:56:20.156342958,99876,100,99840,74,99993,274,99820,74,100068,100,98648,174,100126,174,98281,174,100261,100,98276,100,100267,100,98178,100,100301,100,,,100513,200,,,100623,100,,,100628,100,,
2019-06-28 09:56:30.000000000,99876,127,98648,201,99993,298,98281,198,100068,124,98276,198,100126,100,98178,100,100261,100,,,100267,100,,,100301,100,,,100513,200,,,100623,100,,,100628,100,,
2019-06-28 09:56:36.892104782,98715,100,98648,201,99876,127,98281,198,99993,298,98276,198,100068,124,98178,100,100126,100,,,100261,100,,,100267,100,,,100301,100,,,100513,200,,,100623,100,,
2019-06-28 09:56:40.000000000,98715,201,98648,201,99876,124,98281,198,99993,298,98276,198,100068,26,98178,100,100126,100,,,100261,100,,,100267,100,,,100301,100,,,100513,200,,,100623,100,,
2019-06-28 09:56:42.247850408,98715,201,98648,201,98919,100,98281,198,99876,124,98276,198,99993,298,98178,100,100068,26,,,100126,100,,,100261,100,,,100267,100,,,100301,100,,,100513,200,,
2019-06-28 09:56:45.804187235,98715,201,98648,201,98919,100,98281,198,99876,124,98276,198,99993,198,98178,100,100068,26,,,100126,100,,,100261,100,,,100267,100,,,100301,100,,,100513,200,,
2019-06-28 09:56:50.000000000,98715,201,98648,201,98919,198,98281,198,99876,124,98276,198,99993,100,98178,100,100068,26,,,100126,100,,,100261,100,,,100267,100,,,100301,100,,,100513,200,,
2019-06-28 09:57:00.000000000,98715,159,98648,159,98919,159,98281,159,99876,85,98276,159,99993,159,98178,159,100068,85,98177,59,100126,100,,,100261,100,,,100267,100,,,100301,100,,,100513,200,,
2019-06-28 09:57:06.350719405,98715,159,98648,59,98919,159,98281,159,99876,85,98276,159,99993,159,98178,159,100068,85,98177,59,100126,100,,,100261,100,,,100267,100,,,100301,100,,,100513,200,,
2019-06-28 09:57:10.000000000,98715,174,98281,174,98919,174,98276,174,99876,100,98178,174,99993,174,98177,74,100068,26,,,100126,100,,,100261,100,,,100267,100,,,100301,100,,,100513,200,,
2019-06-28 09:57:20.000000000,98715,201,98281,201,98919,198,98276,198,99876,124,98178,198,99993,100,,,100068,26,,,100126,100,,,100261,100,,,100267,100,,,100301,100,,,100513,200,,
2019-06-28 09:57:30.000000000,98715,174,98281,174,98919,174,98276,174,99876,100,98178,174,99993,174,98177,74,100068,26,,,100126,100,,,100261,100,,,100267,100,,,100301,100,,,100513,200,,
2019-06-28 09:57:32.396183469,98715,74,98281,174,98919,174,98276,174,99876,100,98178,174,99993,174,98177,74,100068,26,,,100126,100,,,100261,100,,,100267,100,,,100513,200,,,100623,100,,
2019-06-28 09:57:40.000000000,98919,248,98281,248,99876,174,98276,248,99993,100,98178,100,100068,26,,,100126,100,,,100261,100,,,100267,100,,,100513,200,,,100623,100,,,100628,100,,
2019-06-28 09:57:43.264306000,98919,248,98821,100,99876,174,98281,248,99993,100,98276,248,100068,26,98178,100,100126,100,,,100261,100,,,100267,100,,,100513,200,,,100623,100,,,100628,100,,
2019-06-28 09:57:50.000000000,98919,201,98821,201,99876,124,98281,198,99993,198,98276,198,100068,26,98178,100,100126,100,,,100261,100,,,100267,100,,,100513,200,,,100623,100,,,100628,100,,
2019-06-28 09:57:55.209884706,98919,201,98821,201,99876,124,98649,100,99993,198,98281,198,100068,26,98276,198,100126,100,98178,100,100261,100,,,100267,100,,,100513,200,,,100623,100,,,100628,100,,
2019-06-28 09:58:00.000000000,98919,396,98821,396,99876,26,98649,100,99993,100,98281,100,100068,26,98276,100,100126,100,98178,100,100261,100,,,100267,100,,,100513,200,,,100623,100,,,100628,100,,
2019-06-28 09:58:10.000000000,98919,396,98821,396,99876,26,98649,100,99993,100,98281,100,100068,26,98276,100,100126,100,98178,100,100261,100,,,100267,100,,,100513,200,,,100623,100,,,100628,100,,
2019-06-28 09:58:20.000000000,98919,248,98821,248,99876,174,98649,248,99993,100,98281,100,100068,26,98276,100,100126,100,98178,100,100261,100,,,100267,100,,,100513,200,,,100623,100,,,100628,100,,
2019-06-28 09:58:21.028546095,98919,248,98821,248,99402,100,98649,248,99876,174,98281,100,99993,100,98276,100,100068,26,98178,100,100126,100,,,100261,100,,,100267,100,,,100513,200,,,100623,100,,
2019-06-28 09:58:21.119352229,98919,148,98821,248,99402,100,98649,248,99876,174,98281,100,99993,100,98276,100,100068,26,98178,100,100126,100,,,100261,100,,,100267,100,,,100513,200,,,100623,100,,
2019-06-28 09:58:30.000000000,99402,201,98821,201,99876,124,98649,198,99993,198,98281,198,100068,26,98276,100,100126,100,98178,100,100261,100,,,100267,100,,,100513,200,,,100623,100,,,100628,100,,
2019-06-28 09:58:30.925170365,99402,201,98821,201,99489,100,98649,198,99876,124,98281,198,99993,198,98276,100,100068,26,98178,100,100126,100,,,100261,100,,,100267,100,,,100513,200,,,100623,100,,
2019-06-28 09:58:40.000000000,99402,159,98821,159,99489,159,98649,159,99876,85,98281,159,99993,159,98276,159,100068,85,98178,159,100126,100,,,100261,100,,,100267,100,,,100513,200,,,100623,100,,
2019-06-28 09:58:45.336261209,99317,100,98821,159,99402,159,98649,159,99489,159,98281,159,99876,85,98276,159,99993,159,98178,159,100068,85,,,100126,100,,,100261,100,,,100267,100,,,100513,100,,
2019-06-28 09:58:49.717788962,99317,100,98822,100,99402,159,98821,159,99489,159,98649,159,99876,85,98281,159,99993,159,98276,159,100068,85,98178,159,100126,100,,,100261,100,,,100267,100,,,100513,100,,
2019-06-28 09:58:50.000000000,99317,201,98822,201,99402,198,98821,198,99489,198,98649,198,99876,26,98281,100,99993,100,98276,100,100068,26,98178,100,100126,100,,,100261,100,,,100267,100,,,100513,100,,
2019-06-28 09:58:50.051316688,99317,201,98822,201,99343,100,98821,198,99402,198,98649,198,99489,198,98281,100,99876,26,98178,100,99993,100,,,100068,26,,,100126,100,,,100261,100,,,100267,100,,
2019-06-28 09:59:00.000000000,99317,248,98822,248,99343,248,98821,248,99402,100,98649,100,99489,100,98281,100,99876,26,98178,100,99993,100,,,100068,26,,,100126,100,,,100261,100,,,100267,100,,
2019-06-28 09:59:10.000000000,99317,201,98822,201,99343,198,98821,198,99402,198,98649,198,99489,100,98281,100,99876,26,98178,100,99993,100,,,100068,26,,,100126,100,,,100261,100,,,100267,100,,
2019-06-28 09:59:20.000000000,99317,201,98822,201,99343,198,98821,198,99402,198,98649,198,99489,100,98281,100,99876,26,98178,100,99993,100,,,100068,26,,,100126,100,,,100261,100,,,100267,100,,
2019-06-28 09:59:21.468384009,99317,201,98822,201,99343,198,98821,198,99402,198,98695,100,99489,100,98649,198,99876,26,98281,100,99993,100,98178,100,100068,26,,,100126,100,,,100261,100,,,100267,100,,
2019-06-28 09:59:23.277483447,98860,100,98822,201,99317,201,98821,198,99343,198,98695,100,99402,198,98649,198,99489,100,98281,100,99876,26,98178,100,99993,100,,,100068,26,,,100126,100,,,100261,100,,
2019-06-28 09:59:30.000000000,98860,174,98822,174,99317,174,98821,174,99343,174,98695,174,99402,174,98649,174,99489,100,98281,100,99876,26,98178,100,99993,100,,,100068,26,,,100126,100,,,100261,100,,
2019-06-28 09:59:31.390796798,98860,174,98822,274,99317,174,98821,174,99343,174,98695,174,99402,174,98649,174,99489,100,98281,100,99876,26,98178,100,99993,100,,,100068,26,,,100126,100,,,100261,100,,
2019-06-28 09:59:40.000000000,98860,248,98822,348,99317,248,98821,248,99343,100,98695,100,99402,100,98649,100,99489,100,98281,100,99876,26,98178,100,99993,100,,,100068,26,,,100126,100,,,100261,100,,
2019-06-28 09:59:42.912238261,98860,248,98822,348,98918,100,98821,248,99317,248,98695,100,99343,100,98649,100,99402,100,98281,100,99489,100,98178,100,99876,26,,,99993,100,,,100068,26,,,100126,100,,
2019-06-28 09:59:50.000000000,98860,159,98822,259,98918,159,98821,159,99317,159,98695,159,99343,159,98649,159,99402,159,98281,159,99489,100,98178,100,99876,26,,,99993,100,,,100068,26,,,100126,100,,
2019-06-28 10:00:00.000000000,98860,159,98822,259,98918,159,98821,159,99317,159,98695,159,99343,159,98649,159,99402,159,98281,159,99489,100,98178,100,99876,26,,,99993,100,,,100068,26,,,100126,100,,
2019-06-28 10:00:10.000000000,98860,248,98822,348,98918,248,98821,248,99317,100,98695,100,99343,100,98649,100,99402,100,98281,100,99489,100,98178,100,99876,26,,,99993,100,,,100068,26,,,100126,100,,
2019-06-28 10:00:20.000000000,98860,248,98822,348,98918,248,98821,248,99317,100,98695,100,99343,100,98649,100,99402,100,98281,100,99489,100,98178,100,99876,26,,,99993,100,,,100068,26,,,100126,100,,
2019-06-28 10:00:21.347686046,98860,248,98822,448,98918,248,98821,248,99317,100,98695,100,99343,100,98649,100,99402,100,98281,100,99489,100,98178,100,99876,26,,,99993,100,,,100068,26,,,100126,100,,
2019-06-28 10:00:30.000000000,98860,201,98822,401,98918,198,98821,198,99317,198,98695,198,99343,100,98649,100,99402,100,98281,100,99489,100,98178,100,99876,26,,,99993,100,,,100068,26,,,100126,100,,
2019-06-28 10:00:33.721167070,98860,201,98822,401,98918,198,98821,198,99317,198,98695,198,99343,100,98281,100,99402,100,98178,100,99489,100,,,99876,26,,,99993,100,,,100068,26,,,100126,100,,
2019-06-28 10:00:40.000000000,98860,201,98822,401,98918,198,98821,198,99317,198,98695,198,99343,100,98281,100,99402,100,98178,100,99489,100,,,99876,26,,,99993,100,,,100068,26,,,100126,100,,
2019-06-28 10:00:46.901821608,98860,101,98822,401,98918,198,98821,198,99317,198,98695,198,99343,100,98281,100,99402,100,98178,100,99489,100,,,99876,26,,,99993,100,,,100068,26,,,100126,100,,
2019-06-28 10:00:50.000000000,98918,159,98822,359,99317,159,98821,159,99343,159,98695,159,99402,159,98281,159,99489,159,98178,159,99876,26,,,99993,100,,,100068,26,,,100126,100,,,100261,100,,
2019-06-28 10:01:00.000000000,98918,248,98822,448,99317,248,98821,248,99343,100,98695,100,99402,100,98281,100,99489,100,98178,100,99876,26,,,99993,100,,,100068,26,,,100126,100,,,100261,100,,
2019-06-28 10:01:09.881675944,98918,148,98822,448,99317,248,98821,248,99343,100,98281,100,99402,100,98178,100,99489,100,,,99876,26,,,99993,100,,,100068,26,,,100126,100,,,100261,100,,
2019-06-28 10:01:10.000000000,99317,248,98822,448,99343,248,98821,248,99402,100,98281,100,99489,100,98178,100,99876,26,,,99993,100,,,100068,26,,,100126,100,,,100261,100,,,100267,100,,
2019-06-28 10:01:20.000000000,99317,396,98822,596,99343,100,98821,100,99402,100,98281,100,99489,100,98178,100,99876,26,,,99993,100,,,100068,26,,,100126,100,,,100261,100,,,100267,100,,
2019-06-28 10:01:28.329854562,99317,396,98860,100,99343,100,98822,596,99402,100,98821,100,99489,100,98281,100,99876,26,98178,100,99993,100,,,100068,26,,,100126,100,,,100261,100,,,100267,100,,
2019-06-28 10:01:30.000000000,99317,159,98860,159,99343,159,98822,359,99402,159,98821,159,99489,159,98281,159,99876,85,98178,159,99993,100,,,100068,26,,,100126,100,,,100261,100,,,100267,100,,
2019-06-28 10:01:40.000000000,99317,174,98860,174,99343,174,98822,374,99402,174,98821,174,99489,174,98281,174,99876,26,98178,100,99993,100,,,100068,26,,,100126,100,,,100261,100,,,100267,100,,
2019-06-28 10:01:50.000000000,99317,396,98860,396,99343,100,98822,300,99402,100,98821,100,99489,100,98281,100,99876,26,98178,100,99993,100,,,100068,26,,,100126,100,,,100261,100,,,100267,100,,
2019-06-28 10:02:00.000000000,99317,396,98860,396,99343,100,98822,300,99402,100,98821,100,99489,100,98281,100,99876,26,98178,100,99993,100,,,100068,26,,,100126,100,,,100261,100,,,100267,100,,
2019-06-28 10:02:06.123338350,99317,296,98860,396,99343,100,98822,300,99402,100,98821,100,99489,100,98281,100,99876,26,98178,100,99993,100,,,100068,26,,,100126,100,,,100261,100,,,100267,100,,
2019-06-28 10:02:10.000000000,99343,201,98860,201,99402,198,98822,398,99489,198,98821,198,99876,26,98281,100,99993,100,98178,100,100068,26,,,100126,100,,,100261,100,,,100267,100,,,100513,100,,
2019-06-28 10:02:20.000000000,99343,159,98860,159,99402,159,98822,359,99489,159,98821,159,99876,85,98281,159,99993,159,98178,159,100068,26,,,100126,100,,,100261,100,,,100267,100,,,100513,100,,
2019-06-28 10:02:30.000000000,99343,396,98860,396,99402,100,98822,300,99489,100,98821,100,99876,26,98281,100,99993,100,98178,100,100068,26,,,100126,100,,,100261,100,,,100267,100,,,100513,100,,
2019-06-28 10:02:30.865397133,99343,296,98860,396,99402,100,98822,300,99489,100,98821,100,99876,26,98281,100,99993,100,98178,100,100068,26,,,100126,100,,,100261,100,,,100267,100,,,100513,100,,
2019-06-28 10:02:40.000000000,99402,159,98860,159,99489,159,98822,359,99876,85,98821,159,99993,159,98281,159,100068,85,98178,159,100126,100,,,100261,100,,,100267,100,,,100513,100,,,100623,100,,
2019-06-28 10:02:50.000000000,99402,174,98860,174,99489,174,98822,374,99876,100,98821,174,99993,174,98281,174,100068,26,98178,100,100126,100,,,100261,100,,,100267,100,,,100513,100,,,100623,100,,
2019-06-28 10:02:55.079657489,99402,174,98860,174,99489,174,98822,374,99876,100,98821,174,99931,100,98281,174,99993,174,98178,100,100068,26,,,100126,100,,,100261,100,,,100267,100,,,100513,100,,
2019-06-28 10:03:00.000000000,99402,174,98860,174,99489,174,98822,374,99876,100,98821,174,99931,174,98281,174,99993,100,98178,100,100068,26,,,100126,100,,,100261,100,,,100267,100,,,100513,100,,
2019-06-28 10:03:10.000000000,99402,396,98860,396,99489,100,98822,300,99876,26,98821,100,99931,100,98281,100,99993,100,98178,100,100068,26,,,100126,100,,,100261,100,,,100267,100,,,100513,100,,
2019-06-28 10:03:13.192803319,99402,296,98860,396,99876,26,98822,300,99931,100,98821,100,99993,100,98281,100,100068,26,98178,100,100126,100,,,100261,100,,,100267,100,,,100513,100,,,100623,100,,
2019-06-28 10:03:20.000000000,99876,100,98860,174,99931,174,98822,374,99993,174,98821,174,100068,100,98281,174,100126,100,98178,100,100261,100,,,100267,100,,,100513,100,,,100623,100,,,100628,100,,
2019-06-28 10:03:24.723344010,99876,100,98860,174,99931,174,98822,374,99993,174,98821,174,100068,100,98281,174,100126,100,98178,100,100184,100,,,100261,100,,,100267,100,,,100513,100,,,100623,100,,
2019-06-28 10:03:28.170963448,99876,100,98860,174,99931,174,98822,374,99993,174,98821,174,100011,100,98281,174,100068,100,98178,100,100126,100,,,100184,100,,,100261,100,,,100267,100,,,100513,100,,
2019-06-28 10:03:30.000000000,99876,85,98860,159,99931,159,98822,359,99993,159,98821,159,100011,159,98281,159,100068,85,98178,159,100126,100,,,100184,100,,,100261,100,,,100267,100,,,100513,100,,
2019-06-28 10:03:40.000000000,99876,322,98860,396,99931,100,98822,300,99993,100,98821,100,100011,100,98281,100,100068,26,98178,100,100126,100,,,100184,100,,,100261,100,,,100267,100,,,100513,100,,
2019-06-28 10:03:50.000000000,99876,322,98860,396,99931,100,98822,300,99993,100,98821,100,100011,100,98281,100,100068,26,98178,100,100126,100,,,100184,100,,,100261,100,,,100267,100,,,100513,100,,
2019-06-28 10:04:00.000000000,99876,85,98860,159,99931,159,98822,359,99993,159,98821,159,100011,159,98281,159,100068,85,98178,159,100126,100,,,100184,100,,,100261,100,,,100267,100,,,100513,100,,
2019-06-28 10:04:02.875961395,99876,85,99587,100,99931,159,98860,159,99993,159,98822,359,100011,159,98821,159,100068,85,98281,159,100126,100,98178,159,100184,100,,,100261,100,,,100267,100,,,100513,100,,
2019-06-28 10:04:04.075427953,99876,85,99587,100,99931,159,98860,159,99993,159,98822,359,100011,159,98821,159,100068,85,98281,159,100126,200,98178,159,100184,100,,,100261,100,,,100267,100,,,100513,100,,
2019-06-28 10:04:10.000000000,99876,174,99587,248,99931,248,98860,248,99993,100,98822,300,100011,100,98821,100,100068,26,98281,100,100126,200,98178,100,100184,100,,,100261,100,,,100267,100,,,100513,100,,
2019-06-28 10:04:20.000000000,99876,100,99587,174,99931,174,98860,174,99993,174,98822,374,100011,174,98821,174,100068,26,98281,100,100126,200,98178,100,100184,100,,,100261,100,,,100267,100,,,100513,100,,
2019-06-28 10:04:21.855291071,99876,100,99587,174,99931,174,98860,174,99965,100,98822,374,99993,174,98821,74,100011,174,98281,100,100068,26,98178,100,100126,200,,,100184,100,,,100261,100,,,100267,100,,
2019-06-28 10:04:26.855968051,99876,100,99587,174,99931,174,98860,174,99965,100,98822,374,99993,174,98821,74,100011,174,98281,100,100068,26,98178,100,100079,100,,,100126,200,,,100184,100,,,100261,100,,
2019-06-28 10:04:30.000000000,99876,322,99587,396,99931,100,98860,100,99965,100,98822,300,99993,100,98281,100,100011,100,98178,100,100068,26,,,100079,100,,,100126,200,,,100184,100,,,100261,100,,
2019-06-28 10:04:36.815050992,99876,222,99587,396,99931,100,98860,100,99965,100,98822,300,99993,100,98281,100,100011,100,,,100068,26,,,100079,100,,,100126,200,,,100184,100,,,100261,100,,
2019-06-28 10:04:40.000000000,99931,159,99587,159,99965,159,98860,159,99993,159,98822,359,100011,159,98281,159,100068,85,98280,59,100079,100,,,100126,200,,,100184,100,,,100261,100,,,100267,100,,
2019-06-28 10:04:50.000000000,99931,201,99587,201,99965,198,98860,198,99993,198,98822,398,100011,100,98281,100,100068,26,,,100079,100,,,100126,200,,,100184,100,,,100261,100,,,100267,100,,
2019-06-28 10:04:56.440936648,99931,201,99587,201,99965,198,98860,198,99993,198,98822,398,100011,100,98281,100,100029,100,,,100068,26,,,100079,100,,,100126,200,,,100184,100,,,100261,100,,
2019-06-28 10:05:00.000000000,99931,174,99587,174,99965,174,98860,174,99993,174,98822,374,100011,174,98281,174,100029,100,,,100068,26,,,100079,100,,,100126,200,,,100184,100,,,100261,100,,
2019-06-28 10:05:01.954273920,99916,100,99587,174,99931,174,98860,174,99965,174,98822,374,99993,174,98281,174,100011,174,,,100029,100,,,100068,26,,,100079,100,,,100126,200,,,100184,100,,
2019-06-28 10:05:10.000000000,99916,201,99587,201,99931,198,98860,198,99965,198,98822,398,99993,100,98281,100,100011,100,,,100029,100,,,100068,26,,,100079,100,,,100126,200,,,100184,100,,
2019-06-28 10:05:13.367577831,99916,201,99587,201,99931,198,98860,198,99939,100,98822,398,99965,198,98281,100,99993,100,,,100011,100,,,100029,100,,,100068,26,,,100079,100,,,100126,200,,
2019-06-28 10:05:20.000000000,99916,159,99587,159,99931,159,98860,159,99939,159,98822,359,99965,159,98281,159,99993,159,98280,59,100011,100,,,100029,100,,,100068,26,,,100079,100,,,100126,200,,
2019-06-28 10:05:22.463129409,99916,159,99587,159,99931,159,98860,159,99939,159,98822,359,99965,159,98281,159,99993,159,98280,59,100011,100,,,100029,100,,,100046,100,,,100068,26,,,100079,100,,
2019-06-28 10:05:23.743848114,99916,159,99587,159,99931,159,98860,159,99939,159,98822,359,99965,159,98281,159,99993,159,98280,59,100011,100,,,100029,100,,,100046,100,,,100068,26,,,100079,100,,
2019-06-28 10:05:30.000000000,99916,159,99587,159,99931,159,98860,159,99939,159,98822,359,99965,159,98281,159,99993,159,98280,59,100011,100,,,100029,100,,,100046,100,,,100068,26,,,100079,100,,
2019-06-28 10:05:40.000000000,99916,174,99587,174,99931,174,98860,174,99939,174,98822,374,99965,174,98281,174,99993,100,,,100011,100,,,100029,100,,,100046,100,,,100068,26,,,100079,100,,
2019-06-28 10:05:50.000000000,99916,248,99587,248,99931,248,98860,248,99939,100,98822,300,99965,100,98281,100,99993,100,,,100011,100,,,100029,100,,,100046,100,,,100068,26,,,100079,100,,
2019-06-28 10:06:00.000000000,99916,201,99587,201,99931,198,98860,198,99939,198,98822,398,99965,100,98281,100,99993,100,,,100011,100,,,100029,100,,,100046,100,,,100068,26,,,100079,100,,
2019-06-28 10:06:01.301865288,99916,201,99587,201,99931,198,98860,198,99939,198,98822,398,99965,100,98281,100,99993,100,,,100011,100,,,100029,100,,,100046,100,,,100068,26,,,100079,100,,
2019-06-28 10:06:10.000000000,99916,201,99587,201,99931,198,98860,198,99939,198,98822,398,99965,100,98281,100,99993,100,,,100011,100,,,100029,100,,,100046,100,,,100068,26,,,100079,100,,
2019-06-28 10:06:20.000000000,99916,248,99587,248,99931,248,98860,248,99939,100,98822,300,99965,100,98281,100,99993,100,,,100011,100,,,100029,100,,,100046,100,,,100068,26,,,100079,100,,
2019-06-28 10:06:30.000000000,99916,248,99587,248,99931,248,98860,248,99939,100,98822,300,99965,100,98281,100,99993,100,,,100011,100,,,100029,100,,,100046,100,,,100068,26,,,100079,100,,
2019-06-28 10:06:31.244282884,99916,148,99587,248,99931,148,98860,248,99939,100,98822,300,99965,100,98281,100,99993,100,,,100011,100,,,100029,100,,,100046,100,,,100068,26,,,100079,100,,
2019-06-28 10:06:40.000000000,99939,201,99587,201,99965,198,98860,198,99993,198,98822,398,100011,100,98281,100,100029,100,,,100046,100,,,100068,26,,,100079,100,,,100126,200,,,100184,100,,
2019-06-28 10:06:43.416021149,99939,201,99587,201,99965,198,98860,198,99993,198,98822,398,100011,100,98281,100,100029,100,,,100046,100,,,100068,26,,,100079,100,,,100126,200,,,100184,100,,
2019-06-28 10:06:50.000000000,99939,248,99587,248,99965,248,98860,248,99993,100,98822,300,100011,100,98281,100,100029,100,,,100046,100,,,100068,26,,,100079,100,,,100126,200,,,100184,100,,
2019-06-28 10:07:00.000000000,99939,159,99587,159,99965,159,98860,159,99993,159,98822,359,100011,159,98281,159,100029,159,98280,59,100046,100,,,100068,26,,,100079,100,,,100126,200,,,100184,100,,
2019-06-28 10:07:06.982175797,99596,100,99587,159,99939,159,98860,159,99965,159,98822,359,99993,159,98281,159,100011,159,98280,59,100029,159,,,100046,100,,,100068,26,,,100079,100,,,100126,200,,
2019-06-28 10:07:10.000000000,99596,248,99587,248,99939,248,98860,248,99965,100,98822,300,99993,100,98281,100,100011,100,,,100029,100,,,100046,100,,,100068,26,,,100079,100,,,100126,200,,
2019-06-28 10:07:20.000000000,99596,201,99587,201,99939,198,98860,198,99965,198,98822,398,99993,100,98281,100,100011,100,,,100029,100,,,100046,100,,,100068,26,,,100079,100,,,100126,200,,
2019-06-28 10:07:30.000000000,99596,201,99587,201,99939,198,98860,198,99965,198,98822,398,99993,100,98281,100,100011,100,,,100029,100,,,100046,100,,,100068,26,,,100079,100,,,100126,200,,
2019-06-28 10:07:38.883532059,99596,101,99587,201,99939,198,98860,198,99965,198,98822,398,99993,100,98281,100,100011,100,,,100029,100,,,100046,100,,,100068,26,,,100079,100,,,100126,200,,
2019-06-28 10:07:40.000000000,99939,159,99587,159,99965,159,98860,159,99993,159,98822,359,100011,159,98281,159,100029,159,98280,59,100046,100,,,100068,26,,,100079,100,,,100126,200,,,100184,100,,
2019-06-28 10:07:48.084551423,99939,159,99587,59,99965,159,98860,159,99993,159,98822,359,100011,159,98281,159,100029,159,98280,59,100046,100,,,100068,26,,,100126,200,,,100184,100,,,100255,100,,
2019-06-28 10:07:48.862744947,99939,159,99588,100,99965,159,99587,59,99993,159,98860,159,100011,159,98822,359,100029,159,98281,159,100046,100,98280,59,100068,26,,,100126,200,,,100184,100,,,100255,100,,
2019-06-28 10:07:50.000000000,99939,201,99588,201,99965,198,98860,198,99993,198,98822,398,100011,100,98281,100,100029,100,,,100046,100,,,100068,26,,,100126,200,,,100184,100,,,100255,100,,
2019-06-28 10:07:51.277529824,99939,201,99588,201,99965,198,99514,100,99993,198,98860,198,100011,100,98822,398,100029,100,98281,100,100046,100,,,100126,200,,,100184,100,,,100255,100,,,100261,100,,
2019-06-28 10:07:54.610978396,99939,201,99588,301,99965,198,99514,100,99993,198,98860,198,100011,100,98822,298,100029,100,98281,100,100046,100,,,100126,200,,,100184,100,,,100255,100,,,100261,100,,
2019-06-28 10:07:55.436181848,99939,201,99588,401,99965,198,99514,100,99993,198,98860,198,100011,100,98822,298,100029,100,98281,100,100046,100,,,100126,200,,,100184,100,,,100255,100,,,100261,100,,
2019-06-28 10:07:58.100309302,99939,201,99588,401,99965,198,99514,100,99993,198,99357,100,100011,100,98860,198,100029,100,98822,298,100046,100,98281,100,100126,200,,,100184,100,,,100255,100,,,100261,100,,
2019-06-28 10:08:00.000000000,99939,201,99588,401,99965,198,99514,198,99993,198,99357,198,100011,100,98860,100,100029,100,98822,200,100046,100,98281,100,100126,200,,,100184,100,,,100255,100,,,100261,100,,
2019-06-28 10:08:10.000000000,99939,201,99588,401,99965,198,99514,198,99993,198,99357,198,100011,100,98860,100,100029,100,98822,200,100046,100,98281,100,100126,200,,,100184,100,,,100255,100,,,100261,100,,
2019-06-28 10:08:16.488786522,99717,100,99588,401,99939,201,99514,198,99965,198,99357,98,99993,198,98860,100,100011,100,98822,200,100029,100,98281,100,100046,100,,,100126,200,,,100184,100,,,100255,100,,
2019-06-28 10:08:20.000000000,99717,159,99588,359,99939,159,99514,159,99965,159,98860,159,99993,159,98822,259,100011,159,98281,159,100029,100,,,100046,100,,,100126,200,,,100184,100,,,100255,100,,
2019-06-28 10:08:21.118955013,99717,159,99588,359,99809,100,99514,159,99939,159,98860,159,99965,159,98822,259,99993,159,98281,159,100011,159,,,100029,100,,,100046,100,,,100126,200,,,100184,100,,
2019-06-28 10:08:30.000000000,99717,201,99588,401,99809,198,99514,198,99939,198,98860,198,99965,100,98822,200,99993,100,98281,100,100011,100,,,100029,100,,,100046,100,,,100126,200,,,100184,100,,
2019-06-28 10:08:40.000000000,99717,396,99588,596,99809,100,99514,100,99939,100,98860,100,99965,100,98822,200,99993,100,98281,100,100011,100,,,100029,100,,,100046,100,,,100126,200,,,100184,100,,
2019-06-28 10:08:50.000000000,99717,396,99588,596,99809,100,99514,100,99939,100,98860,100,99965,100,98822,200,99993,100,98281,100,100011,100,,,100029,100,,,100046,100,,,100126,200,,,100184,100,,
2019-06-28 10:09:00.000000000,99717,396,99588,596,99809,100,99514,100,99939,100,98860,100,99965,100,98822,200,99993,100,98281,100,100011,100,,,100029,100,,,100046,100,,,100126,200,,,100184,100,,
2019-06-28 10:09:10.000000000,99717,201,99588,401,99809,198,99514,198,99939,198,98860,198,99965,100,98822,200,99993,100,98281,100,100011,100,,,100029,100,,,100046,100,,,100126,200,,,100184,100,,
2019-06-28 10:09:20.000000000,99717,396,99588,596,99809,100,99514,100,99939,100,98860,100,99965,100,98822,200,99993,100,98281,100,100011,100,,,100029,100,,,100046,100,,,100126,200,,,100184,100,,
2019-06-28 10:09:20.655538918,99717,396,99649,100,99809,100,99588,596,99939,100,99514,100,99965,100,98860,100,99993,100,98822,200,100011,100,98281,100,100029,100,,,100046,100,,,100126,200,,,100184,100,,
2019-06-28 10:09:30.000000000,99717,159,99649,159,99809,159,99588,359,99939,159,99514,159,99965,159,98860,159,99993,159,98822,259,100011,100,98281,100,100029,100,,,100046,100,,,100126,200,,,100184,100,,
2019-06-28 10:09:34.143699347,99717,159,99649,59,99809,159,99588,359,99939,159,99514,159,99965,159,98860,159,99993,159,98822,259,100011,100,98281,100,100029,100,,,100046,100,,,100126,200,,,100184,100,,
2019-06-28 10:09:40.000000000,99717,159,99588,359,99809,159,99514,159,99939,159,98860,159,99965,159,98822,259,99993,159,98281,159,100011,100,,,100029,100,,,100046,100,,,100126,200,,,100184,100,,
2019-06-28 10:09:50.000000000,99717,201,99588,401,99809,198,99514,198,99939,198,98860,198,99965,100,98822,200,99993,100,98281,100,100011,100,,,100029,100,,,100046,100,,,100126,200,,,100184,100,,
2019-06-28 10:09:57.299858688,99717,201,99588,301,99809,198,99514,198,99939,198,98860,198,99965,100,98822,200,99993,100,98281,100,100011,100,,,100029,100,,,100046,100,,,100126,200,,,100184,100,,
2019-06-28 10:10:00.000000000,99717,201,99588,301,99809,198,99514,198,99939,198,98860,198,99965,100,98822,200,99993,100,98281,100,100011,100,,,100029,100,,,100046,100,,,100126,200,,,100184,100,,
2019-06-28 10:10:02.839985271,99717,201,99588,301,99747,100,99514,198,99809,198,98860,198,99939,198,98822,200,99965,100,98281,100,99993,100,,,100011,100,,,100029,100,,,100046,100,,,100126,200,,
2019-06-28 10:10:10.000000000,99717,248,99588,348,99747,248,99514,248,99809,100,98860,100,99939,100,98822,200,99965,100,98281,100,99993,100,,,100011,100,,,100029,100,,,100046,100,,,100126,200,,
2019-06-28 10:10:20.000000000,99717,159,99588,259,99747,159,99514,159,99809,159,98860,159,99939,159,98822,259,99965,159,98281,159,99993,100,,,100011,100,,,100029,100,,,100046,100,,,100126,200,,
2019-06-28 10:10:26.521099335,99717,159,99588,259,99747,159,99514,159,99809,159,99196,100,99939,159,98860,159,99965,159,98822,259,99993,100,98281,159,100011,100,,,100029,100,,,100046,100,,,100126,200,,
2019-06-28 10:10:30.000000000,99717,159,99588,259,99747,159,99514,159,99809,159,99196,159,99939,159,98860,159,99965,159,98822,259,99993,100,98281,100,100011,100,,,100029,100,,,100046,100,,,100126,200,,
2019-06-28 10:10:40.000000000,99717,248,99588,348,99747,248,99514,248,99809,100,99196,100,99939,100,98860,100,99965,100,98822,200,99993,100,98281,100,100011,100,,,100029,100,,,100046,100,,,100126,200,,
2019-06-28 10:10:47.753515219,99717,248,99588,348,99747,248,99514,248,99809,100,99378,100,99939,100,99196,100,99965,100,98860,100,99993,100,98822,200,100011,100,98281,100,100029,100,,,100046,100,,,100126,200,,
2019-06-28 10:10:50.000000000,99717,159,99588,259,99747,159,99514,159,99809,159,99378,159,99939,159,99196,159,99965,159,98860,159,99993,100,98822,200,100011,100,98281,100,100029,100,,,100046,100,,,100126,200,,
