,ask_price_1,ask_size_1,bid_price_1,bid_size_1,ask_price_2,ask_size_2,bid_price_2,bid_size_2,ask_price_3,ask_size_3,bid_price_3,bid_size_3,ask_price_4,ask_size_4,bid_price_4,bid_size_4,ask_price_5,ask_size_5,bid_price_5,bid_size_5,ask_price_6,ask_size_6,bid_price_6,bid_size_6,ask_price_7,ask_size_7,bid_price_7,bid_size_7,ask_price_8,ask_size_8,bid_price_8,bid_size_8,ask_price_9,ask_size_9,bid_price_9,bid_size_9,ask_price_10,ask_size_10,bid_price_10,bid_size_10
2019-06-28 09:30:00.000000000,100113,100,,,,,,,,,,,,,,,,,,,,,,,,,,,,,,,,,,,,,,
2019-06-28 09:30:00.000000002,100113,100,99893,100,,,,,,,,,,,,,,,,,,,,,,,,,,,,,,,,,,,,
2019-06-28 09:30:00.000000005,100113,100,99951,100,,,99893,100,,,,,,,,,,,,,,,,,,,,,,,,,,,,,,,,
2019-06-28 09:30:00.000000006,99983,100,99951,100,100113,100,99893,100,,,,,,,,,,,,,,,,,,,,,,,,,,,,,,,,
2019-06-28 09:30:00.000000009,99983,100,99951,100,100113,100,99909,100,100124,100,99893,100,,,,,,,,,,,,,,,,,,,,,,,,,,,,
2019-06-28 09:30:00.000000010,99983,100,99951,100,100113,100,99912,100,100124,100,99909,100,,,99893,100,,,,,,,,,,,,,,,,,,,,,,,,
2019-06-28 09:30:00.000000012,100113,100,99951,100,100124,100,99912,100,,,99909,100,,,99893,100,,,,,,,,,,,,,,,,,,,,,,,,
2019-06-28 09:30:00.000000013,100113,100,99951,100,100124,100,99912,100,,,99909,100,,,99903,100,,,99893,100,,,,,,,,,,,,,,,,,,,,
2019-06-28 09:30:00.000000015,100113,100,99951,100,100124,100,99912,100,,,99909,100,,,99903,100,,,99893,100,,,99803,100,,,,,,,,,,,,,,,,
2019-06-28 09:30:00.000000016,100113,100,99951,100,100124,100,99912,100,,,99909,100,,,99903,100,,,99893,100,,,99803,100,,,,,,,,,,,,,,,,
2019-06-28 09:30:00.000000017,100113,100,99951,100,100124,100,99912,100,,,99909,100,,,99903,100,,,99893,100,,,99839,100,,,99803,100,,,,,,,,,,,,
2019-06-28 09:30:00.000000021,99995,100,99951,100,100113,100,99912,100,100124,100,99909,100,,,99903,100,,,99893,100,,,99839,100,,,99803,100,,,,,,,,,,,,
2019-06-28 09:30:00.000000022,99995,100,99951,100,100113,100,99912,100,100124,100,99909,100,100138,100,99903,100,,,99893,100,,,99839,100,,,99803,100,,,,,,,,,,,,
2019-06-28 09:30:00.000000023,99995,100,99951,100,100037,100,99912,100,100113,100,99909,100,100124,100,99903,100,100138,100,99893,100,,,99839,100,,,99803,100,,,,,,,,,,,,
2019-06-28 09:30:00.000000025,99995,200,99951,100,100037,100,99912,100,100049,100,99909,100,100113,100,99903,100,100124,100,99893,100,100138,100,99839,100,100180,100,99803,100,,,,,,,,,,,,
2019-06-28 09:30:00.000000026,99995,200,99951,100,100037,100,99912,100,100049,100,99909,100,100113,100,99903,100,100124,100,99895,100,100138,100,99893,100,100180,100,99839,100,,,99803,100,,,,,,,,
2019-06-28 09:30:00.000000027,99995,300,99951,100,100037,100,99912,100,100049,100,99909,100,100113,100,99903,100,100124,100,99895,100,100138,100,99893,100,100180,100,99839,100,,,99803,100,,,,,,,,
2019-06-28 09:30:00.000000028,99995,300,99951,100,100004,100,99912,100,100037,100,99909,100,100049,100,99903,100,100113,100,99895,100,100124,100,99893,100,100138,100,99839,100,100180,100,99803,100,,,,,,,,
2019-06-28 09:30:00.000000032,99995,200,99951,100,100004,100,99912,100,100037,100,99909,100,100049,100,99903,100,100113,100,99895,100,100124,100,99893,100,100138,100,99839,100,100180,100,99803,100,,,,,,,,
2019-06-28 09:30:00.000000034,99995,200,99979,100,100004,100,99951,100,100037,100,99912,100,100049,100,99909,100,100113,100,99903,100,100124,100,99895,100,100138,100,99893,100,100180,100,99839,100,,,99803,100,,,,
2019-06-28 09:30:00.000000037,99995,200,99979,100,100004,100,99951,100,100037,100,99912,100,100049,100,99909,100,100113,100,99908,100,100124,100,99903,100,100138,100,99895,100,100180,100,99894,100,,,99893,100,,,99839,100
2019-06-28 09:30:00.000000038,99995,100,99979,100,100004,100,99951,100,100037,100,99912,100,100049,100,99909,100,100113,100,99908,100,100124,100,99903,100,100138,100,99895,100,100180,100,99894,100,,,99893,100,,,99847,100
2019-06-28 09:30:00.000000039,100004,100,99979,100,100037,100,99951,100,100049,100,99912,100,100113,100,99909,100,100124,100,99908,100,100138,100,99903,100,100180,100,99895,100,,,99894,100,,,99893,100,,,99847,100
2019-06-28 09:30:00.000000041,100004,100,99995,100,100037,100,99979,100,100049,100,99951,100,100061,100,99912,100,100113,100,99909,100,100124,100,99908,100,100138,100,99903,100,100180,100,99895,100,,,99894,100,,,99893,100
2019-06-28 09:30:00.000000042,100004,100,99995,200,100037,100,99979,100,100049,100,99951,100,100061,100,99912,100,100113,100,99909,100,100124,100,99908,100,100138,100,99903,100,100180,100,99895,100,,,99894,100,,,99893,100
2019-06-28 09:30:00.000000048,100004,100,99995,200,100037,100,99979,100,100049,100,99969,100,100061,100,99951,100,100113,100,99944,100,100124,100,99912,100,100138,100,99909,100,100180,100,99908,100,,,99903,100,,,99895,100
2019-06-28 09:30:00.000000052,100004,100,99995,100,100037,100,99979,100,100049,100,99969,100,100061,100,99951,100,100113,100,99944,100,100124,100,99912,100,100138,100,99909,100,100180,100,99908,100,,,99903,100,,,99895,100
2019-06-28 09:30:00.000000053,100004,100,99995,100,100009,100,99979,100,100037,100,99969,100,100049,100,99951,100,100061,100,99944,100,100113,100,99916,100,100124,100,99912,100,100138,100,99909,100,100180,100,99908,100,,,99903,100
2019-06-28 09:30:00.000000055,100004,100,99979,100,100009,100,99969,100,100037,100,99951,100,100049,100,99944,100,100061,100,99916,100,100113,100,99912,100,100124,100,99909,100,100138,100,99908,100,100180,100,99903,100,,,99895,100
2019-06-28 09:30:00.000000056,100004,100,99979,100,100009,100,99969,100,100037,100,99951,100,100049,100,99944,100,100061,100,99916,100,100072,100,99912,100,100113,100,99909,100,100124,100,99908,100,100138,100,99903,100,100180,100,99895,100
2019-06-28 09:30:00.000000060,100004,100,99979,100,100009,100,99969,100,100037,100,99951,100,100049,100,99944,100,100061,100,99916,100,100072,100,99912,100,100113,100,99909,100,100124,100,99908,100,100138,100,99903,100,100180,100,99895,200
2019-06-28 09:30:00.000000062,100004,100,99979,100,100009,100,99969,100,100037,100,99951,100,100049,100,99944,100,100061,100,99916,100,100072,100,99912,100,100085,100,99909,100,100113,100,99908,100,100124,100,99903,100,100138,100,99895,200
2019-06-28 09:30:00.000000066,100004,100,99979,100,100009,100,99969,100,100037,100,99951,100,100049,100,99944,100,100061,100,99916,100,100072,100,99912,100,100085,100,99909,100,100113,100,99908,100,100121,100,99903,100,100124,100,99895,200
2019-06-28 09:30:00.000000069,100004,100,99979,100,100009,100,99969,100,100037,100,99951,100,100049,100,99944,100,100061,100,99916,100,100072,100,99912,100,100085,100,99909,100,100113,100,99908,100,100121,100,99903,100,100124,100,99895,200
2019-06-28 09:30:00.000000072,100004,100,99979,100,100009,100,99969,100,100037,100,99951,100,100049,100,99944,100,100061,100,99935,100,100072,100,99916,100,100085,100,99912,100,100113,100,99909,100,100121,100,99908,100,100124,100,99903,100
2019-06-28 09:30:00.000000073,100004,100,99979,100,100009,100,99969,100,100037,100,99954,100,100049,100,99951,100,100061,100,99944,100,100072,100,99935,100,100085,100,99916,100,100113,100,99912,100,100121,100,99909,100,100124,100,99908,100
2019-06-28 09:30:00.000000074,99995,100,99979,100,100004,100,99969,100,100009,100,99954,100,100037,100,99951,100,100049,100,99944,100,100061,100,99935,100,100072,100,99916,100,100085,100,99912,100,100113,100,99909,100,100121,100,99908,100
2019-06-28 09:30:00.000000076,99995,100,99979,100,100004,100,99969,100,100008,100,99954,100,100009,100,99951,100,100037,100,99944,100,100049,100,99935,100,100061,100,99916,100,100072,100,99912,100,100085,100,99909,100,100113,100,99908,100
2019-06-28 09:30:00.000000081,99995,100,99979,100,100004,100,99969,100,100008,100,99954,100,100009,100,99951,100,100037,100,99944,100,100049,200,99935,100,100061,100,99916,100,100072,100,99912,100,100085,100,99909,100,100113,100,99908,100
2019-06-28 09:30:00.000000082,99995,100,99979,100,100004,100,99969,100,100008,200,99954,100,100009,100,99951,100,100037,100,99944,100,100049,200,99935,100,100061,100,99916,100,100072,100,99912,100,100085,100,99909,100,100113,100,99908,100
2019-06-28 09:30:00.000000085,99995,100,99979,100,100004,100,99969,100,100008,200,99954,100,100009,100,99951,100,100037,100,99944,100,100049,200,99935,100,100061,100,99916,100,100072,100,99912,100,100085,100,99909,100,100113,100,99908,100
2019-06-28 09:30:00.000000086,99995,100,99979,100,100004,100,99969,100,100008,200,99954,100,100009,100,99951,100,100037,100,99944,100,100049,200,99935,100,100061,100,99916,100,100072,100,99915,100,100085,100,99912,100,100113,100,99909,100
2019-06-28 09:30:00.000000089,99995,100,99979,100,100004,100,99969,100,100008,200,99964,100,100009,100,99954,100,100037,100,99951,100,100049,200,99944,100,100061,100,99935,100,100072,100,99916,100,100085,100,99915,100,100113,100,99912,100
2019-06-28 09:30:00.000000092,99995,100,99979,100,100004,100,99969,100,100008,200,99964,100,100009,100,99954,100,100037,100,99951,100,100042,100,99944,100,100049,200,99935,100,100061,100,99916,100,100072,100,99915,100,100085,100,99912,100
2019-06-28 09:30:00.000000094,99995,100,99979,100,100004,100,99969,100,100008,200,99964,100,100009,100,99956,100,100037,100,99954,100,100042,100,99951,100,100049,200,99944,100,100061,100,99935,100,100072,100,99916,100,100085,100,99915,100
2019-06-28 09:30:00.000000095,99995,100,99979,100,100004,100,99969,100,100008,200,99964,100,100009,100,99956,100,100037,100,99954,100,100042,100,99951,100,100049,200,99944,100,100061,100,99935,100,100072,100,99916,100,100085,100,99915,100
2019-06-28 09:30:00.000000096,99995,200,99979,100,100004,100,99969,100,100008,200,99964,100,100009,100,99956,100,100037,100,99954,100,100042,100,99951,100,100049,200,99944,100,100061,100,99935,100,100072,100,99916,100,100085,100,99915,100
2019-06-28 09:30:00.000000097,99995,300,99979,100,100004,100,99969,100,100008,200,99964,100,100009,100,99956,100,100037,100,99954,100,100042,100,99951,100,100049,200,99944,100,100061,100,99935,100,100072,100,99916,100,100085,100,99915,100
2019-06-28 09:30:00.000000098,99995,300,99991,100,100004,100,99979,100,100008,200,99969,100,100009,100,99964,100,100037,100,99956,100,100042,100,99954,100,100049,200,99951,100,100061,100,99944,100,100072,100,99935,100,100085,100,99916,100
2019-06-28 09:30:00.000000099,99995,300,99991,100,100004,100,99980,100,100008,200,99979,100,100009,100,99969,100,100037,100,99964,100,100042,100,99956,100,100049,200,99954,100,100061,100,99951,100,100072,100,99944,100,100085,100,99935,100
2019-06-28 09:30:09.832110376,99995,300,99980,100,100004,100,99979,100,100008,200,99969,100,100009,100,99964,100,100037,100,99956,100,100042,100,99954,100,100049,200,99951,100,100061,100,99944,100,100072,100,99935,100,100085,100,99916,100
2019-06-28 09:30:10.000000000,99995,456,99980,256,100004,251,99979,251,100008,351,99969,251,100009,100,99964,100,100037,100,99956,100,100042,100,99954,100,100049,200,99951,100,100061,100,99944,100,100072,100,99935,100,100085,100,99916,100
2019-06-28 09:30:12.785294849,99995,456,99980,256,100004,251,99979,251,100008,351,99969,251,100009,100,99964,100,100029,100,99956,100,100037,100,99954,100,100042,100,99951,100,100049,100,99944,100,100061,100,99935,100,100072,100,99916,100
2019-06-28 09:30:16.629312556,99995,456,99980,256,100004,251,99979,251,100008,351,99969,251,100009,100,99964,100,100029,100,99956,100,100037,100,99954,100,100042,100,99951,100,100049,100,99935,100,100061,100,99916,100,100072,100,99915,100
2019-06-28 09:30:19.729294695,99995,456,99980,156,100004,251,99979,251,100008,351,99969,251,100009,100,99964,100,100029,100,99956,100,100037,100,99954,100,100042,100,99951,100,100049,100,99935,100,100061,100,99916,100,100072,100,99915,100
2019-06-28 09:30:20.000000000,99995,529,99979,329,100004,329,99969,329,100008,200,99964,100,100009,100,99956,100,100029,100,99954,100,100037,100,99951,100,100042,100,99935,100,100049,100,99916,100,100061,100,99915,100,100072,100,99912,100
2019-06-28 09:30:30.000000000,99995,392,99979,192,100004,192,99969,192,100008,292,99964,192,100009,192,99956,192,100029,192,99954,192,100037,100,99951,100,100042,100,99935,100,100049,100,99916,100,100061,100,99915,100,100072,100,99912,100
2019-06-28 09:30:40.000000000,99995,392,99979,192,100004,192,99969,192,100008,292,99964,192,100009,192,99956,192,100029,192,99954,192,100037,100,99951,100,100042,100,99935,100,100049,100,99916,100,100061,100,99915,100,100072,100,99912,100
2019-06-28 09:30:42.990972110,99995,292,99981,100,100004,192,99979,192,100008,292,99969,192,100009,192,99964,192,100029,192,99956,192,100037,100,99954,192,100042,100,99951,100,100049,100,99935,100,100061,100,99916,100,100072,100,99915,100
2019-06-28 09:30:50.000000000,99995,658,99981,558,100004,100,99979,100,100008,200,99969,100,100009,100,99964,100,100029,100,99956,100,100037,100,99954,100,100042,100,99951,100,100049,100,99935,100,100061,100,99916,100,100072,100,99915,100
2019-06-28 09:31:00.000000000,99995,292,99981,192,100004,192,99979,192,100008,292,99969,192,100009,192,99964,192,100029,192,99956,192,100037,100,99954,100,100042,100,99951,100,100049,100,99935,100,100061,100,99916,100,100072,100,99915,100
2019-06-28 09:31:06.637738131,99995,192,99981,192,100004,192,99979,192,100008,292,99969,192,100009,192,99964,192,100029,192,99956,192,100037,100,99954,100,100042,100,99951,100,100049,100,99935,100,100061,100,99916,100,100072,100,99915,100
2019-06-28 09:31:10.000000000,99995,558,99981,558,100004,100,99979,100,100008,200,99969,100,100009,100,99964,100,100029,100,99956,100,100037,100,99954,100,100042,100,99951,100,100049,100,99935,100,100061,100,99916,100,100072,100,99915,100
2019-06-28 09:31:20.000000000,99995,192,99981,192,100004,192,99979,192,100008,292,99969,192,100009,192,99964,192,100029,192,99956,192,100037,100,99954,100,100042,100,99951,100,100049,100,99935,100,100061,100,99916,100,100072,100,99915,100
2019-06-28 09:31:30.000000000,99995,256,99981,256,100004,251,99979,251,100008,351,99969,251,100009,100,99964,100,100029,100,99956,100,100037,100,99954,100,100042,100,99951,100,100049,100,99935,100,100061,100,99916,100,100072,100,99915,100
2019-06-28 09:31:40.000000000,99995,558,99981,558,100004,100,99979,100,100008,200,99969,100,100009,100,99964,100,100029,100,99956,100,100037,100,99954,100,100042,100,99951,100,100049,100,99935,100,100061,100,99916,100,100072,100,99915,100
2019-06-28 09:31:50.000000000,99995,329,99981,329,100004,329,99979,329,100008,200,99969,100,100009,100,99964,100,100029,100,99956,100,100037,100,99954,100,100042,100,99951,100,100049,100,99935,100,100061,100,99916,100,100072,100,99915,100
2019-06-28 09:32:00.000000000,99995,256,99981,256,100004,251,99979,251,100008,351,99969,251,100009,100,99964,100,100029,100,99956,100,100037,100,99954,100,100042,100,99951,100,100049,100,99935,100,100061,100,99916,100,100072,100,99915,100
2019-06-28 09:32:09.076333956,99995,256,99981,256,100004,251,99979,251,100008,351,99969,251,100009,100,99964,100,100029,100,99956,100,100037,100,99954,100,100042,100,99951,100,100049,100,99935,100,100061,100,99916,100,100072,100,99915,100
2019-06-28 09:32:10.000000000,99995,214,99981,214,100004,214,99979,214,100008,314,99969,214,100009,214,99964,214,100029,100,99956,100,100037,100,99954,100,100042,100,99951,100,100049,100,99935,100,100061,100,99916,100,100072,100,99915,100
2019-06-28 09:32:15.667345048,99995,214,99981,214,100004,214,99979,214,100008,314,99969,214,100009,214,99964,214,100029,100,99956,100,100037,100,99954,100,100042,100,99951,100,100049,100,99935,100,100061,100,99916,100,100072,100,99915,100
2019-06-28 09:32:20.000000000,99995,329,99981,329,100004,329,99979,329,100008,200,99969,100,100009,100,99964,100,100029,100,99956,100,100037,100,99954,100,100042,100,99951,100,100049,100,99935,100,100061,100,99916,100,100072,100,99915,100
2019-06-28 09:32:30.000000000,99995,329,99981,329,100004,329,99979,329,100008,200,99969,100,100009,100,99964,100,100029,100,99956,100,100037,100,99954,100,100042,100,99951,100,100049,100,99935,100,100061,100,99916,100,100072,100,99915,100
2019-06-28 09:32:40.000000000,99995,192,99981,192,100004,192,99979,192,100008,292,99969,192,100009,192,99964,192,100029,192,99956,192,100037,100,99954,100,100042,100,99951,100,100049,100,99935,100,100061,100,99916,100,100072,100,99915,100
2019-06-28 09:32:50.000000000,99995,329,99981,329,100004,329,99979,329,100008,200,99969,100,100009,100,99964,100,100029,100,99956,100,100037,100,99954,100,100042,100,99951,100,100049,100,99935,100,100061,100,99916,100,100072,100,99915,100
2019-06-28 09:33:00.000000000,99995,558,99981,558,100004,100,99979,100,100008,200,99969,100,100009,100,99964,100,100029,100,99956,100,100037,100,99954,100,100042,100,99951,100,100049,100,99935,100,100061,100,99916,100,100072,100,99915,100
2019-06-28 09:33:02.147195790,99995,558,99981,458,100004,100,99979,100,100008,200,99969,100,100009,100,99964,100,100029,100,99956,100,100037,100,99954,100,100042,100,99951,100,100049,100,99935,100,100061,100,99916,100,100085,100,99915,100
2019-06-28 09:33:10.000000000,99995,558,99979,558,100004,100,99969,100,100008,200,99964,100,100009,100,99956,100,100029,100,99954,100,100037,100,99951,100,100042,100,99935,100,100049,100,99916,100,100061,100,99915,100,100085,100,99912,100
2019-06-28 09:33:20.000000000,99995,192,99979,192,100004,192,99969,192,100008,292,99964,192,100009,192,99956,192,100029,192,99954,192,100037,100,99951,100,100042,100,99935,100,100049,100,99916,100,100061,100,99915,100,100085,100,99912,100
2019-06-28 09:33:21.576644972,99995,192,99979,92,100004,192,99969,192,100008,292,99964,192,100009,92,99956,192,100029,192,99954,192,100037,100,99951,100,100042,100,99935,100,100049,100,99916,100,100061,100,99915,100,100085,100,99912,100
2019-06-28 09:33:30.000000000,99995,329,99969,329,100004,329,99964,329,100008,200,99956,100,100029,100,99954,100,100037,100,99951,100,100042,100,99935,100,100049,100,99916,100,100061,100,99915,100,100085,100,99912,100,100086,100,99909,100
2019-06-28 09:33:40.000000000,99995,214,99969,214,100004,214,99964,214,100008,314,99956,214,100029,214,99954,214,100037,100,99951,100,100042,100,99935,100,100049,100,99916,100,100061,100,99915,100,100085,100,99912,100,100086,100,99909,100
2019-06-28 09:33:47.945930209,99995,214,99969,214,100004,214,99964,114,100008,314,99956,214,100029,214,99954,214,100037,100,99951,100,100042,100,99935,100,100049,100,99916,100,100061,100,99915,100,100085,100,99912,100,100086,100,99909,100
2019-06-28 09:33:50.000000000,99995,214,99969,214,100004,214,99956,214,100008,314,99954,214,100029,214,99951,214,100037,100,99935,100,100042,100,99916,100,100049,100,99915,100,100061,100,99912,100,100085,100,99909,100,100086,100,99908,100
2019-06-28 09:34:00.000000000,99995,329,99969,329,100004,329,99956,329,100008,200,99954,100,100029,100,99951,100,100037,100,99935,100,100042,100,99916,100,100049,100,99915,100,100061,100,99912,100,100085,100,99909,100,100086,100,99908,100
2019-06-28 09:34:10.000000000,99995,329,99969,329,100004,329,99956,329,100008,200,99954,100,100029,100,99951,100,100037,100,99935,100,100042,100,99916,100,100049,100,99915,100,100061,100,99912,100,100085,100,99909,100,100086,100,99908,100
2019-06-28 09:34:10.427179204,99995,329,99969,329,100004,329,99956,329,100008,200,99954,100,100029,100,99951,100,100037,100,99935,100,100042,100,99916,100,100049,100,99915,100,100061,100,99912,100,100086,100,99909,100,100113,100,99908,100
2019-06-28 09:34:14.175815866,99995,329,99969,329,100004,329,99956,329,100008,200,99954,100,100029,100,99951,100,100037,100,99935,100,100042,100,99915,100,100049,100,99912,100,100061,100,99909,100,100086,100,99908,100,100113,100,99903,100
2019-06-28 09:34:16.059727137,99995,329,99969,329,100004,329,99956,329,100008,200,99954,100,100029,100,99951,100,100037,100,99935,100,100042,100,99915,100,100049,100,99912,100,100061,100,99909,100,100086,100,99908,100,100113,100,99903,100
2019-06-28 09:34:20.000000000,99995,214,99969,214,100004,214,99956,214,100008,314,99954,214,100029,214,99951,214,100037,100,99935,100,100042,100,99915,100,100049,100,99912,100,100061,100,99909,100,100086,100,99908,100,100113,100,99903,100
2019-06-28 09:34:20.381931839,99995,214,99969,114,100004,214,99956,214,100008,314,99954,214,100029,214,99951,214,100037,100,99935,100,100042,100,99915,100,100049,100,99912,100,100061,100,99908,100,100086,100,99903,100,100113,100,99896,100
2019-06-28 09:34:30.000000000,99995,214,99956,214,100004,214,99954,214,100008,314,99951,214,100029,214,99935,214,100037,100,99915,100,100042,100,99912,100,100049,100,99908,100,100061,100,99903,100,100086,100,99896,100,100113,100,99895,300
2019-06-28 09:34:40.000000000,99995,214,99956,214,100004,214,99954,214,100008,314,99951,214,100029,214,99935,214,100037,100,99915,100,100042,100,99912,100,100049,100,99908,100,100061,100,99903,100,100086,100,99896,100,100113,100,99895,300
2019-06-28 09:34:50.000000000,99995,192,99956,192,100004,192,99954,192,100008,292,99951,192,100029,192,99935,192,100037,192,99915,192,100042,100,99912,100,100049,100,99908,100,100061,100,99903,100,100086,100,99896,100,100113,100,99895,300
2019-06-28 09:35:00.000000000,99995,329,99956,329,100004,329,99954,329,100008,200,99951,100,100029,100,99935,100,100037,100,99915,100,100042,100,99912,100,100049,100,99908,100,100061,100,99903,100,100086,100,99896,100,100113,100,99895,300
2019-06-28 09:35:05.852407052,99995,329,99956,329,100004,329,99954,329,100008,200,99951,100,100029,100,99935,100,100037,100,99915,100,100042,100,99912,100,100049,100,99908,100,100061,100,99903,100,100076,100,99896,100,100086,100,99895,300
2019-06-28 09:35:10.000000000,99995,256,99956,256,100004,251,99954,251,100008,351,99951,251,100029,100,99935,100,100037,100,99915,100,100042,100,99912,100,100049,100,99908,100,100061,100,99903,100,100076,100,99896,100,100086,100,99895,300
2019-06-28 09:35:17.989129210,99995,256,99956,256,100004,251,99954,251,100008,351,99951,251,100029,100,99935,100,100037,100,99915,100,100042,100,99912,100,100049,100,99908,100,100061,100,99903,100,100076,100,99896,100,100086,100,99895,300
2019-06-28 09:35:20.000000000,99995,558,99956,558,100004,100,99954,100,100008,200,99951,100,100029,100,99935,100,100037,100,99915,100,100042,100,99912,100,100049,100,99908,100,100061,100,99903,100,100076,100,99896,100,100086,100,99895,300
2019-06-28 09:35:30.000000000,99995,329,99956,329,100004,329,99954,329,100008,200,99951,100,100029,100,99935,100,100037,100,99915,100,100042,100,99912,100,100049,100,99908,100,100061,100,99903,100,100076,100,99896,100,100086,100,99895,300
2019-06-28 09:35:36.654193134,99995,329,99980,100,100004,329,99956,329,100008,200,99954,329,100029,100,99951,100,100037,100,99935,100,100042,100,99915,100,100049,100,99912,100,100061,100,99908,100,100076,100,99903,100,100086,100,99896,100
2019-06-28 09:35:40.000000000,99995,214,99980,214,100004,214,99956,214,100008,314,99954,214,100029,214,99951,214,100037,100,99935,100,100042,100,99915,100,100049,100,99912,100,100061,100,99908,100,100076,100,99903,100,100086,100,99896,100
2019-06-28 09:35:42.430815841,99995,214,99980,214,100004,214,99956,214,100008,314,99954,214,100029,214,99951,214,100037,100,99935,100,100042,100,99915,100,100049,100,99912,100,100061,100,99908,100,100076,100,99903,100,100086,100,99896,100
2019-06-28 09:35:42.860256521,99995,114,99980,214,100004,214,99956,114,100008,314,99954,214,100029,214,99951,214,100037,100,99935,100,100042,100,99915,100,100049,100,99912,100,100061,100,99908,100,100076,100,99903,100,100086,100,99896,100
2019-06-28 09:35:46.338583670,99995,14,99980,214,100004,214,99956,114,100008,314,99954,214,100029,214,99951,214,100037,100,99935,100,100042,100,99915,100,100049,100,99912,100,100061,100,99908,100,100076,100,99903,100,100086,100,99896,100
2019-06-28 09:35:50.000000000,100004,329,99980,329,100008,429,99954,329,100029,100,99951,100,100037,100,99935,100,100042,100,99915,100,100049,100,99912,100,100061,100,99908,100,100076,100,99903,100,100086,100,99896,100,100113,100,99895,300
2019-06-28 09:36:00.000000000,100004,558,99980,558,100008,200,99954,100,100029,100,99951,100,100037,100,99935,100,100042,100,99915,100,100049,100,99912,100,100061,100,99908,100,100076,100,99903,100,100086,100,99896,100,100113,100,99895,300
2019-06-28 09:36:03.028043055,100004,558,99995,100,100008,200,99980,558,100029,100,99954,100,100037,100,99951,100,100042,100,99935,100,100049,100,99915,100,100061,100,99912,100,100076,100,99908,100,100086,100,99903,100,100113,100,99896,100
2019-06-28 09:36:04.857678433,100004,558,99995,100,100008,200,99980,558,100029,100,99954,100,100037,100,99951,100,100042,100,99935,100,100049,100,99915,100,100061,100,99912,100,100076,100,99908,100,100086,100,99903,100,100113,100,99896,100
2019-06-28 09:36:06.336181485,100004,558,99995,100,100008,100,99980,558,100029,100,99954,100,100037,100,99951,100,100042,100,99935,100,100049,100,99915,100,100061,100,99912,100,100076,100,99908,100,100086,100,99903,100,100113,100,99896,100
2019-06-28 09:36:10.000000000,100004,558,99995,558,100008,100,99980,100,100029,100,99954,100,100037,100,99951,100,100042,100,99935,100,100049,100,99915,100,100061,100,99912,100,100076,100,99908,100,100086,100,99903,100,100113,100,99896,100
2019-06-28 09:36:19.341872402,100004,558,99995,558,100008,100,99980,100,100029,100,99954,100,100037,100,99951,100,100042,100,99935,100,100049,100,99915,100,100061,100,99912,100,100076,100,99908,100,100086,100,99903,100,100113,100,99896,100
2019-06-28 09:36:20.000000000,100004,192,99995,192,100008,192,99980,192,100029,192,99954,192,100037,192,99951,192,100042,192,99935,192,100049,100,99915,100,100061,100,99912,100,100076,100,99908,100,100086,100,99903,100,100113,100,99896,100
2019-06-28 09:36:30.000000000,100004,558,99995,558,100008,100,99980,100,100029,100,99954,100,100037,100,99951,100,100042,100,99935,100,100049,100,99915,100,100061,100,99912,100,100076,100,99908,100,100086,100,99903,100,100113,100,99896,100
2019-06-28 09:36:40.000000000,100004,329,99995,329,100008,329,99980,329,100029,100,99954,100,100037,100,99951,100,100042,100,99935,100,100049,100,99915,100,100061,100,99912,100,100076,100,99908,100,100086,100,99903,100,100113,100,99896,100
2019-06-28 09:36:50.000000000,100004,214,99995,214,100008,214,99980,214,100029,214,99954,214,100037,214,99951,214,100042,100,99935,100,100049,100,99915,100,100061,100,99912,100,100076,100,99908,100,100086,100,99903,100,100113,100,99896,100
2019-06-28 09:37:00.000000000,100004,329,99995,329,100008,329,99980,329,100029,100,99954,100,100037,100,99951,100,100042,100,99935,100,100049,100,99915,100,100061,100,99912,100,100076,100,99908,100,100086,100,99903,100,100113,100,99896,100
2019-06-28 09:37:10.000000000,100004,558,99995,558,100008,100,99980,100,100029,100,99954,100,100037,100,99951,100,100042,100,99935,100,100049,100,99915,100,100061,100,99912,100,100076,100,99908,100,100086,100,99903,100,100113,100,99896,100
2019-06-28 09:37:13.919947910,100004,458,99995,558,100008,100,99980,100,100037,100,99954,100,100042,100,99951,100,100049,100,99935,100,100061,100,99915,100,100076,100,99912,100,100086,100,99908,100,100113,100,99903,100,100121,100,99896,100
2019-06-28 09:37:18.628434503,100004,458,99995,558,100008,100,99980,100,100037,100,99954,100,100042,100,99951,100,100049,100,99935,100,100061,100,99930,100,100076,100,99915,100,100086,100,99912,100,100113,100,99908,100,100121,100,99903,100
2019-06-28 09:37:19.702463114,100004,458,99995,558,100008,100,99980,100,100037,100,99954,100,100042,100,99951,100,100049,100,99935,100,100061,100,99930,100,100076,100,99915,100,100086,100,99912,100,100113,100,99908,100,100121,100,99903,100
2019-06-28 09:37:20.000000000,100008,192,99995,192,100037,192,99980,192,100042,192,99954,192,100049,192,99951,192,100061,192,99935,192,100076,100,99930,100,100086,100,99915,100,100113,100,99912,100,100121,100,99908,100,100135,100,99903,100
2019-06-28 09:37:24.937194567,100008,92,99995,192,100037,192,99980,192,100042,192,99954,192,100049,192,99951,192,100061,192,99935,192,100076,100,99930,100,100086,100,99915,100,100113,100,99912,100,100121,100,99908,100,100135,100,99903,100
2019-06-28 09:37:30.000000000,100037,256,99995,256,100042,251,99980,251,100049,251,99954,251,100061,100,99951,100,100076,100,99935,100,100086,100,99930,100,100113,100,99915,100,100121,100,99912,100,100135,100,99908,100,100138,100,99903,100
2019-06-28 09:37:31.862743047,100037,256,100004,100,100042,251,99995,256,100049,251,99980,251,100061,100,99954,251,100076,100,99951,100,100086,100,99935,100,100113,100,99930,100,100121,100,99915,100,100135,100,99912,100,100138,100,99908,100
2019-06-28 09:37:40.000000000,100037,192,100004,192,100042,192,99995,192,100049,192,99980,192,100061,192,99954,192,100076,192,99951,192,100086,100,99935,100,100113,100,99930,100,100121,100,99915,100,100135,100,99912,100,100138,100,99908,100
2019-06-28 09:37:50.000000000,100037,558,100004,558,100042,100,99995,100,100049,100,99980,100,100061,100,99954,100,100076,100,99951,100,100086,100,99935,100,100113,100,99930,100,100121,100,99915,100,100135,100,99912,100,100138,100,99908,100
2019-06-28 09:38:00.000000000,100037,256,100004,256,100042,251,99995,251,100049,251,99980,251,100061,100,99954,100,100076,100,99951,100,100086,100,99935,100,100113,100,99930,100,100121,100,99915,100,100135,100,99912,100,100138,100,99908,100
2019-06-28 09:38:10.000000000,100037,256,100004,256,100042,251,99995,251,100049,251,99980,251,100061,100,99954,100,100076,100,99951,100,100086,100,99935,100,100113,100,99930,100,100121,100,99915,100,100135,100,99912,100,100138,100,99908,100
2019-06-28 09:38:20.000000000,100037,256,100004,256,100042,251,99995,251,100049,251,99980,251,100061,100,99954,100,100076,100,99951,100,100086,100,99935,100,100113,100,99930,100,100121,100,99915,100,100135,100,99912,100,100138,100,99908,100
2019-06-28 09:38:20.334385737,100037,156,100004,256,100042,251,99995,251,100049,251,99980,251,100061,100,99954,100,100076,100,99951,100,100086,100,99935,100,100113,100,99930,100,100121,100,99915,100,100135,100,99912,100,100138,100,99908,100
2019-06-28 09:38:30.000000000,100042,256,100004,256,100049,251,99995,251,100061,251,99980,251,100076,100,99954,100,100086,100,99951,100,100113,100,99935,100,100121,100,99930,100,100135,100,99915,100,100138,100,99912,100,100180,100,99908,100
2019-06-28 09:38:40.000000000,100042,558,100004,558,100049,100,99995,100,100061,100,99980,100,100076,100,99954,100,100086,100,99951,100,100113,100,99935,100,100121,100,99930,100,100135,100,99915,100,100138,100,99912,100,100180,100,99908,100
2019-06-28 09:38:41.408216461,100042,558,100004,458,100049,100,99995,100,100061,100,99980,100,100076,100,99954,100,100086,100,99951,100,100113,100,99935,100,100135,100,99930,100,100138,100,99915,100,100180,100,99912,100,100187,100,99908,100
2019-06-28 09:38:50.000000000,100042,329,99995,329,100049,329,99980,329,100061,100,99954,100,100076,100,99951,100,100086,100,99935,100,100113,100,99930,100,100135,100,99915,100,100138,100,99912,100,100180,100,99908,100,100187,100,99903,100
2019-06-28 09:39:00.000000000,100042,214,99995,214,100049,214,99980,214,100061,214,99954,214,100076,214,99951,214,100086,100,99935,100,100113,100,99930,100,100135,100,99915,100,100138,100,99912,100,100180,100,99908,100,100187,100,99903,100
2019-06-28 09:39:10.000000000,100042,214,99995,214,100049,214,99980,214,100061,214,99954,214,100076,214,99951,214,100086,100,99935,100,100113,100,99930,100,100135,100,99915,100,100138,100,99912,100,100180,100,99908,100,100187,100,99903,100
2019-06-28 09:39:11.735365756,100042,214,99995,214,100049,214,99980,214,100061,214,99954,214,100076,214,99951,214,100084,100,99935,100,100086,100,99930,100,100113,100,99915,100,100135,100,99912,100,100138,100,99908,100,100180,100,99903,100
2019-06-28 09:39:15.517617831,100042,214,99995,214,100049,214,99980,214,100061,214,99954,214,100076,214,99951,214,100084,100,99935,100,100086,100,99930,100,100101,100,99915,100,100113,100,99912,100,100135,100,99908,100,100138,100,99903,100
2019-06-28 09:39:19.361472671,100042,214,99995,214,100049,214,99980,214,100061,214,99954,214,100076,214,99951,214,100084,100,99930,100,100086,100,99915,100,100101,100,99912,100,100113,100,99908,100,100135,100,99903,100,100138,100,99896,100
2019-06-28 09:39:20.000000000,100042,558,99995,558,100049,100,99980,100,100061,100,99954,100,100076,100,99951,100,100084,100,99930,100,100086,100,99915,100,100101,100,99912,100,100113,100,99908,100,100135,100,99903,100,100138,100,99896,100
2019-06-28 09:39:21.345610325,100042,558,99995,558,100049,100,99980,100,100061,100,99954,100,100076,100,99951,100,100084,100,99930,100,100086,100,99915,100,100101,100,99912,100,100135,100,99908,100,100138,100,99903,100,100180,100,99896,100
2019-06-28 09:39:30.000000000,100042,329,99995,329,100049,329,99980,329,100061,100,99954,100,100076,100,99951,100,100084,100,99930,100,100086,100,99915,100,100101,100,99912,100,100135,100,99908,100,100138,100,99903,100,100180,100,99896,100
2019-06-28 09:39:39.059761864,100042,329,99995,329,100049,329,99980,329,100061,100,99954,100,100076,100,99951,100,100084,100,99930,100,100086,100,99915,100,100101,100,99912,100,100135,100,99908,100,100138,100,99903,100,100180,100,99896,100
2019-06-28 09:39:39.262438646,100042,229,99995,329,100049,329,99980,329,100061,100,99954,100,100076,100,99951,100,100084,100,99930,100,100086,100,99915,100,100101,100,99912,100,100135,100,99908,100,100138,100,99903,100,100180,100,99896,100
2019-06-28 09:39:40.000000000,100049,558,99995,558,100061,100,99980,100,100076,100,99954,100,100084,100,99951,100,100086,100,99930,100,100101,100,99915,100,100135,100,99912,100,100138,100,99908,100,100180,100,99903,100,100187,100,99896,100
2019-06-28 09:39:44.693241390,100049,558,99995,558,100076,100,99980,100,100084,100,99954,100,100086,100,99951,100,100101,100,99930,100,100135,100,99915,100,100138,100,99912,100,100180,100,99908,100,100187,100,99903,100,100217,100,99896,100
2019-06-28 09:39:46.654348214,100049,558,99995,558,100076,100,99980,100,100084,100,99954,100,100086,100,99951,100,100101,100,99930,100,100135,100,99915,100,100138,100,99912,100,100180,100,99908,100,100187,100,99903,100,100217,100,99896,100
2019-06-28 09:39:48.263893909,100049,558,99995,558,100076,100,99980,100,100084,100,99954,100,100086,100,99951,100,100101,100,99930,100,100135,100,99915,100,100138,100,99908,100,100180,100,99903,100,100187,100,99896,100,100217,100,99895,200
2019-06-28 09:39:50.000000000,100049,256,99995,256,100076,251,99980,251,100084,251,99954,251,100086,100,99951,100,100101,100,99930,100,100135,100,99915,100,100138,100,99908,100,100180,100,99903,100,100187,100,99896,100,100217,100,99895,200
2019-06-28 09:40:00.000000000,100049,329,99995,329,100076,329,99980,329,100084,100,99954,100,100086,100,99951,100,100101,100,99930,100,100135,100,99915,100,100138,100,99908,100,100180,100,99903,100,100187,100,99896,100,100217,100,99895,200
2019-06-28 09:40:10.000000000,100049,192,99995,192,100076,192,99980,192,100084,192,99954,192,100086,192,99951,192,100101,192,99930,192,100135,100,99915,100,100138,100,99908,100,100180,100,99903,100,100187,100,99896,100,100217,100,99895,200
2019-06-28 09:40:19.809049928,100000,100,99995,192,100049,192,99980,192,100076,192,99954,192,100084,192,99951,192,100086,192,99930,192,100101,192,99915,100,100135,100,99908,100,100138,100,99903,100,100180,100,99896,100,100187,100,99895,200
2019-06-28 09:40:20.000000000,100000,329,99995,329,100049,329,99980,329,100076,100,99954,100,100084,100,99951,100,100086,100,99930,100,100101,100,99915,100,100135,100,99908,100,100138,100,99903,100,100180,100,99896,100,100187,100,99895,200
2019-06-28 09:40:30.000000000,100000,214,99995,214,100049,214,99980,214,100076,214,99954,214,100084,214,99951,214,100086,100,99930,100,100101,100,99915,100,100135,100,99908,100,100138,100,99903,100,100180,100,99896,100,100187,100,99895,200
2019-06-28 09:40:40.000000000,100000,192,99995,192,100049,192,99980,192,100076,192,99954,192,100084,192,99951,192,100086,192,99930,192,100101,100,99915,100,100135,100,99908,100,100138,100,99903,100,100180,100,99896,100,100187,100,99895,200
2019-06-28 09:40:50.000000000,100000,256,99995,256,100049,251,99980,251,100076,251,99954,251,100084,100,99951,100,100086,100,99930,100,100101,100,99915,100,100135,100,99908,100,100138,100,99903,100,100180,100,99896,100,100187,100,99895,200
2019-06-28 09:40:58.374031576,100000,256,99995,156,100049,251,99980,251,100076,251,99954,251,100084,100,99951,100,100086,100,99930,100,100101,100,99915,100,100135,100,99908,100,100138,100,99903,100,100180,100,99896,100,100187,100,99895,100
2019-06-28 09:41:00.000000000,100000,329,99980,329,100049,329,99954,329,100076,100,99951,100,100084,100,99930,100,100086,100,99915,100,100101,100,99908,100,100135,100,99903,100,100138,100,99896,100,100180,100,99895,100,100187,100,99872,100
2019-06-28 09:41:06.797051310,100000,329,99980,329,100049,329,99954,329,100076,100,99951,100,100084,100,99930,100,100086,100,99915,100,100101,100,99908,100,100135,100,99896,100,100138,100,99895,100,100180,100,99872,100,100187,100,99870,100
2019-06-28 09:41:10.000000000,100000,192,99980,192,100049,192,99954,192,100076,192,99951,192,100084,192,99930,192,100086,192,99915,192,100101,100,99908,100,100135,100,99896,100,100138,100,99895,100,100180,100,99872,100,100187,100,99870,100
2019-06-28 09:41:20.000000000,100000,192,99980,192,100049,192,99954,192,100076,192,99951,192,100084,192,99930,192,100086,192,99915,192,100101,100,99908,100,100135,100,99896,100,100138,100,99895,100,100180,100,99872,100,100187,100,99870,100
2019-06-28 09:41:24.731480669,100000,192,99980,192,100049,192,99954,192,100076,192,99951,192,100084,192,99930,192,100086,192,99915,192,100101,100,99908,100,100135,100,99896,100,100138,100,99895,100,100180,100,99872,100,100187,100,99870,100
2019-06-28 09:41:30.000000000,100000,558,99980,558,100049,100,99954,100,100076,100,99951,100,100084,100,99930,100,100086,100,99915,100,100101,100,99908,100,100135,100,99896,100,100138,100,99895,100,100180,100,99872,100,100187,100,99870,100
2019-06-28 09:41:38.134198888,100000,558,99980,558,100049,100,99954,100,100076,100,99951,100,100084,100,99930,100,100086,100,99919,100,100101,100,99915,100,100135,100,99908,100,100138,100,99896,100,100180,100,99895,100,100187,100,99872,100
2019-06-28 09:41:40.000000000,100000,214,99980,214,100049,214,99954,214,100076,214,99951,214,100084,214,99930,214,100086,100,99919,100,100101,100,99915,100,100135,100,99908,100,100138,100,99896,100,100180,100,99895,100,100187,100,99872,100
2019-06-28 09:41:50.000000000,100000,192,99980,192,100049,192,99954,192,100076,192,99951,192,100084,192,99930,192,100086,192,99919,192,100101,100,99915,100,100135,100,99908,100,100138,100,99896,100,100180,100,99895,100,100187,100,99872,100
2019-06-28 09:41:51.226577576,100000,192,99980,192,100049,192,99954,192,100076,192,99951,192,100084,192,99930,192,100086,192,99922,100,100101,100,99919,192,100135,100,99915,100,100138,100,99908,100,100180,100,99896,100,100187,100,99895,100
2019-06-28 09:42:00.000000000,100000,214,99980,214,100049,214,99954,214,100076,214,99951,214,100084,214,99930,214,100086,100,99922,100,100101,100,99919,100,100135,100,99915,100,100138,100,99908,100,100180,100,99896,100,100187,100,99895,100
2019-06-28 09:42:05.785743751,100000,214,99980,214,100049,214,99954,214,100076,214,99951,214,100084,214,99930,214,100086,100,99922,100,100101,100,99919,100,100135,100,99915,100,100138,100,99908,200,100180,100,99896,100,100187,100,99895,100
2019-06-28 09:42:09.133545219,100000,214,99980,214,100049,214,99954,214,100076,214,99951,214,100084,214,99930,214,100086,100,99922,100,100101,100,99919,100,100135,100,99915,100,100138,100,99908,200,100187,100,99898,100,100217,100,99896,100
2019-06-28 09:42:10.000000000,100000,214,99980,214,100049,214,99954,214,100076,214,99951,214,100084,214,99930,214,100086,100,99922,100,100101,100,99919,100,100135,100,99915,100,100138,100,99908,200,100187,100,99898,100,100217,100,99896,100
2019-06-28 09:42:10.403602516,100000,214,99980,214,100049,214,99954,214,100074,100,99951,214,100076,214,99930,214,100084,214,99922,100,100086,100,99919,100,100101,100,99915,100,100135,100,99908,200,100138,100,99898,100,100187,100,99896,100
2019-06-28 09:42:11.225469166,100000,214,99980,214,100049,214,99954,214,100074,100,99951,214,100076,214,99930,214,100084,214,99922,100,100086,100,99919,100,100101,100,99915,100,100135,100,99908,200,100187,100,99898,100,100217,100,99896,100
2019-06-28 09:42:20.000000000,100000,214,99980,214,100049,214,99954,214,100074,214,99951,214,100076,214,99930,214,100084,100,99922,100,100086,100,99919,100,100101,100,99915,100,100135,100,99908,200,100187,100,99898,100,100217,100,99896,100
2019-06-28 09:42:30.000000000,100000,256,99980,256,100049,251,99954,251,100074,251,99951,251,100076,100,99930,100,100084,100,99922,100,100086,100,99919,100,100101,100,99915,100,100135,100,99908,200,100187,100,99898,100,100217,100,99896,100
2019-06-28 09:42:31.894344679,100000,256,99980,256,100049,251,99954,251,100074,251,99951,251,100076,100,99930,100,100084,100,99922,100,100086,100,99919,100,100101,100,99915,100,100135,100,99908,200,100187,100,99898,100,100217,100,99896,100
2019-06-28 09:42:40.000000000,100000,256,99980,256,100049,251,99954,251,100074,251,99951,251,100076,100,99930,100,100084,100,99922,100,100086,100,99919,100,100101,100,99915,100,100135,100,99908,200,100187,100,99898,100,100217,100,99896,100
2019-06-28 09:42:50.000000000,100000,329,99980,329,100049,329,99954,329,100074,100,99951,100,100076,100,99930,100,100084,100,99922,100,100086,100,99919,100,100101,100,99915,100,100135,100,99908,200,100187,100,99898,100,100217,100,99896,100
2019-06-28 09:42:58.831531838,100000,329,99980,329,100049,329,99954,329,100074,100,99951,100,100076,100,99930,100,100084,100,99922,100,100086,100,99919,100,100101,100,99915,100,100135,100,99908,200,100187,100,99898,100,100217,100,99896,100
2019-06-28 09:43:00.000000000,100000,329,99980,329,100049,329,99954,329,100074,100,99951,100,100076,100,99930,100,100084,100,99922,100,100086,100,99919,100,100101,100,99915,100,100135,100,99908,200,100187,100,99898,100,100217,100,99896,100
2019-06-28 09:43:10.000000000,100000,214,99980,214,100049,214,99954,214,100074,214,99951,214,100076,214,99930,214,100084,100,99922,100,100086,100,99919,100,100101,100,99915,100,100135,100,99908,200,100187,100,99898,100,100217,100,99896,100
2019-06-28 09:43:15.790900704,100000,214,99980,214,100041,100,99954,214,100049,214,99951,214,100074,214,99930,214,100076,214,99922,100,100084,100,99919,100,100086,100,99915,100,100101,100,99908,200,100135,100,99898,100,100187,100,99896,100
2019-06-28 09:43:16.859549281,100000,214,99996,100,100041,100,99980,214,100049,214,99954,214,100074,214,99951,214,100076,214,99930,214,100084,100,99922,100,100086,100,99919,100,100101,100,99915,100,100135,100,99908,200,100187,100,99898,100
2019-06-28 09:43:20.000000000,100000,256,99996,256,100041,251,99980,251,100049,251,99954,251,100074,100,99951,100,100076,100,99930,100,100084,100,99922,100,100086,100,99919,100,100101,100,99915,100,100135,100,99908,200,100187,100,99898,100
2019-06-28 09:43:30.000000000,100000,214,99996,214,100041,214,99980,214,100049,214,99954,214,100074,214,99951,214,100076,100,99930,100,100084,100,99922,100,100086,100,99919,100,100101,100,99915,100,100135,100,99908,200,100187,100,99898,100
2019-06-28 09:43:40.000000000,100000,329,99996,329,100041,329,99980,329,100049,100,99954,100,100074,100,99951,100,100076,100,99930,100,100084,100,99922,100,100086,100,99919,100,100101,100,99915,100,100135,100,99908,200,100187,100,99898,100
2019-06-28 09:43:50.000000000,100000,558,99996,558,100041,100,99980,100,100049,100,99954,100,100074,100,99951,100,100076,100,99930,100,100084,100,99922,100,100086,100,99919,100,100101,100,99915,100,100135,100,99908,200,100187,100,99898,100
2019-06-28 09:43:55.735500289,100000,558,99996,558,100041,100,99980,100,100049,100,99954,100,100074,100,99951,100,100076,100,99930,100,100084,100,99922,100,100086,100,99919,100,100101,100,99915,100,100135,100,99908,200,100187,100,99898,100
2019-06-28 09:43:58.782044209,100000,558,99996,558,100041,100,99980,100,100049,100,99954,100,100074,100,99951,100,100084,100,99930,100,100086,100,99922,100,100101,100,99919,100,100135,100,99915,100,100187,100,99908,200,100217,100,99898,100
2019-06-28 09:44:00.000000000,100000,329,99996,329,100041,329,99980,329,100049,100,99954,100,100074,100,99951,100,100084,100,99930,100,100086,100,99922,100,100101,100,99919,100,100135,100,99915,100,100187,100,99908,200,100217,100,99898,100
2019-06-28 09:44:04.975746458,100000,329,99996,429,100041,329,99980,329,100049,100,99954,100,100074,100,99951,100,100084,100,99930,100,100086,100,99922,100,100101,100,99919,100,100135,100,99915,100,100187,100,99908,200,100217,100,99898,100
2019-06-28 09:44:06.305547793,100000,229,99996,429,100041,329,99980,329,100049,100,99951,100,100074,100,99930,100,100084,100,99922,100,100086,100,99919,100,100101,100,99915,100,100135,100,99908,200,100187,100,99898,100,100217,100,99896,100
2019-06-28 09:44:06.512857556,100000,129,99996,429,100041,329,99980,329,100049,100,99951,100,100074,100,99930,100,100084,100,99922,100,100086,100,99919,100,100101,100,99915,100,100135,100,99908,200,100187,100,99898,100,100217,100,99896,100
2019-06-28 09:44:09.549947351,100000,29,99996,429,100041,329,99980,329,100049,100,99951,100,100074,100,99930,100,100084,100,99922,100,100086,100,99919,100,100101,100,99915,100,100135,100,99908,200,100187,100,99898,100,100217,100,99896,100
2019-06-28 09:44:10.000000000,100041,329,99996,429,100049,329,99980,329,100074,100,99951,100,100084,100,99930,100,100086,100,99922,100,100101,100,99919,100,100135,100,99915,100,100187,100,99908,200,100217,100,99898,100,100223,100,99896,100
2019-06-28 09:44:20.000000000,100041,214,99996,314,100049,214,99980,214,100074,214,99951,214,100084,214,99930,214,100086,100,99922,100,100101,100,99919,100,100135,100,99915,100,100187,100,99908,200,100217,100,99898,100,100223,100,99896,100
2019-06-28 09:44:20.387770309,100041,214,100000,100,100049,214,99996,314,100074,214,99980,214,100084,214,99951,214,100086,100,99930,214,100101,100,99922,100,100135,100,99919,100,100187,100,99915,100,100217,100,99908,200,100223,100,99898,100
2019-06-28 09:44:30.000000000,100041,256,100000,256,100049,251,99996,351,100074,251,99980,251,100084,100,99951,100,100086,100,99930,100,100101,100,99922,100,100135,100,99919,100,100187,100,99915,100,100217,100,99908,200,100223,100,99898,100
2019-06-28 09:44:38.058544175,100041,156,100000,256,100049,251,99996,351,100074,251,99980,251,100084,100,99951,100,100086,100,99930,100,100101,100,99922,100,100135,100,99919,100,100187,100,99915,100,100217,100,99908,200,100223,100,99896,100
2019-06-28 09:44:40.000000000,100049,256,100000,256,100074,251,99996,351,100084,251,99980,251,100086,100,99951,100,100101,100,99930,100,100135,100,99922,100,100187,100,99919,100,100217,100,99915,100,100223,100,99908,200,100237,100,99896,100
2019-06-28 09:44:46.261335048,100049,256,100000,156,100074,251,99996,351,100084,251,99980,251,100086,100,99951,100,100101,100,99930,100,100135,100,99922,100,100187,100,99919,100,100217,100,99915,100,100223,100,99908,200,100237,100,99896,100
2019-06-28 09:44:50.000000000,100049,192,99996,292,100074,192,99980,192,100084,192,99951,192,100086,192,99930,192,100101,192,99922,192,100135,100,99919,100,100187,100,99915,100,100217,100,99908,200,100223,100,99896,100,100237,100,99895,100
2019-06-28 09:44:54.462176250,100049,192,99996,292,100074,192,99980,192,100084,192,99951,192,100086,192,99930,192,100101,192,99922,192,100135,100,99919,100,100187,100,99915,100,100217,100,99908,200,100223,100,99896,100,100237,100,99895,100
2019-06-28 09:45:00.000000000,100049,329,99996,429,100074,329,99980,329,100084,100,99951,100,100086,100,99930,100,100101,100,99922,100,100135,100,99919,100,100187,100,99915,100,100217,100,99908,200,100223,100,99896,100,100237,100,99895,100
2019-06-28 09:45:02.354919447,100049,329,99996,429,100074,329,99980,329,100084,100,99951,100,100086,100,99930,100,100101,100,99922,100,100135,100,99915,100,100187,100,99908,200,100217,100,99896,100,100223,100,99895,100,100237,100,99874,100
2019-06-28 09:45:10.000000000,100049,192,99996,292,100074,192,99980,192,100084,192,99951,192,100086,192,99930,192,100101,192,99922,192,100135,100,99915,100,100187,100,99908,200,100217,100,99896,100,100223,100,99895,100,100237,100,99874,100
2019-06-28 09:45:20.000000000,100049,329,99996,429,100074,329,99980,329,100084,100,99951,100,100086,100,99930,100,100101,100,99922,100,100135,100,99915,100,100187,100,99908,200,100217,100,99896,100,100223,100,99895,100,100237,100,99874,100
2019-06-28 09:45:20.333731530,100049,329,99996,429,100074,329,99980,329,100084,100,99951,100,100086,100,99930,100,100101,100,99922,100,100135,100,99915,100,100187,100,99908,200,100223,100,99896,100,100237,100,99895,100,100350,100,99874,100
2019-06-28 09:45:29.373933716,100049,229,99996,429,100074,329,99980,329,100084,100,99951,100,100086,100,99930,100,100101,100,99922,100,100135,100,99915,100,100187,100,99908,100,100223,100,99896,100,100237,100,99895,100,100350,100,99874,100
2019-06-28 09:45:30.000000000,100074,558,99996,658,100084,100,99980,100,100086,100,99951,100,100101,100,99930,100,100135,100,99922,100,100187,100,99915,100,100223,100,99908,100,100237,100,99896,100,100350,100,99895,100,100477,100,99874,100
2019-06-28 09:45:31.264019522,100074,458,99996,658,100084,100,99980,100,100086,100,99951,100,100101,100,99930,100,100135,100,99922,100,100187,100,99915,100,100223,100,99908,100,100237,100,99896,100,100350,100,99895,100,100477,100,99872,100
2019-06-28 09:45:40.000000000,100084,192,99996,292,100086,192,99980,192,100101,192,99951,192,100135,192,99930,192,100187,192,99922,192,100223,100,99915,100,100237,100,99908,100,100350,100,99896,100,100477,100,99895,100,100534,100,99872,100
2019-06-28 09:45:50.000000000,100084,329,99996,429,100086,329,99980,329,100101,100,99951,100,100135,100,99930,100,100187,100,99922,100,100223,100,99915,100,100237,100,99908,100,100350,100,99896,100,100477,100,99895,100,100534,100,99872,100
2019-06-28 09:46:00.000000000,100084,192,99996,292,100086,192,99980,192,100101,192,99951,192,100135,192,99930,192,100187,192,99922,192,100223,100,99915,100,100237,100,99908,100,100350,100,99896,100,100477,100,99895,100,100534,100,99872,100
2019-06-28 09:46:03.773420602,100084,192,99996,292,100086,192,99980,192,100101,192,99951,192,100135,192,99930,192,100187,192,99922,192,100237,100,99915,100,100350,100,99908,100,100477,100,99896,100,100534,100,99895,100,100549,100,99872,100
2019-06-28 09:46:10.000000000,100084,256,99996,356,100086,251,99980,251,100101,251,99951,251,100135,100,99930,100,100187,100,99922,100,100237,100,99915,100,100350,100,99908,100,100477,100,99896,100,100534,100,99895,100,100549,100,99872,100
2019-06-28 09:46:10.711002201,100084,156,99996,356,100086,251,99980,251,100101,251,99951,251,100135,100,99930,100,100187,100,99922,100,100237,100,99915,100,100350,100,99908,100,100477,100,99896,100,100534,100,99895,100,100549,100,99872,100
2019-06-28 09:46:20.000000000,100086,558,99996,658,100101,100,99980,100,100135,100,99951,100,100187,100,99930,100,100237,100,99922,100,100350,100,99915,100,100477,100,99908,100,100534,100,99896,100,100549,100,99895,100,100629,100,99872,100
2019-06-28 09:46:23.495008776,100086,558,99996,658,100101,100,99980,100,100135,100,99951,100,100187,100,99930,100,100237,100,99922,100,100350,100,99915,100,100477,100,99908,100,100534,100,99896,100,100549,100,99895,100,100629,100,99872,100
2019-06-28 09:46:27.375518662,100086,558,100074,100,100101,100,99996,558,100135,100,99980,100,100187,100,99951,100,100237,100,99930,100,100350,100,99922,100,100477,100,99915,100,100534,100,99908,100,100549,100,99896,100,100629,100,99895,100
2019-06-28 09:46:30.000000000,100086,214,100074,214,100101,214,99996,214,100135,214,99980,214,100187,214,99951,214,100237,100,99930,100,100350,100,99922,100,100477,100,99915,100,100534,100,99908,100,100549,100,99896,100,100629,100,99895,100
2019-06-28 09:46:30.175282298,100086,114,100074,214,100101,214,99996,214,100135,214,99980,214,100187,214,99951,214,100237,100,99930,100,100350,100,99922,100,100477,100,99915,100,100534,100,99908,100,100549,100,99896,100,100629,100,99895,100
2019-06-28 09:46:40.000000000,100101,256,100074,256,100135,251,99996,251,100187,251,99980,251,100237,100,99951,100,100350,100,99930,100,100477,100,99922,100,100534,100,99915,100,100549,100,99908,100,100629,100,99896,100,100675,100,99895,100
2019-06-28 09:46:50.000000000,100101,558,100074,558,100135,100,99996,100,100187,100,99980,100,100237,100,99951,100,100350,100,99930,100,100477,100,99922,100,100534,100,99915,100,100549,100,99908,100,100629,100,99896,100,100675,100,99895,100
2019-06-28 09:46:50.120400189,100101,458,100074,558,100135,100,99996,100,100187,100,99980,100,100237,100,99951,100,100350,100,99930,100,100477,100,99922,100,100534,100,99915,100,100549,100,99908,100,100629,100,99896,100,100675,100,99895,100
2019-06-28 09:47:00.000000000,100135,214,100074,214,100187,214,99996,214,100237,214,99980,214,100350,214,99951,214,100477,100,99930,100,100534,100,99922,100,100549,100,99915,100,100629,100,99908,100,100675,100,99896,100,100693,100,99895,100
2019-06-28 09:47:10.000000000,100135,256,100074,256,100187,251,99996,251,100237,251,99980,251,100350,100,99951,100,100477,100,99930,100,100534,100,99922,100,100549,100,99915,100,100629,100,99908,100,100675,100,99896,100,100693,100,99895,100
2019-06-28 09:47:20.000000000,100135,214,100074,214,100187,214,99996,214,100237,214,99980,214,100350,214,99951,214,100477,100,99930,100,100534,100,99922,100,100549,100,99915,100,100629,100,99908,100,100675,100,99896,100,100693,100,99895,100
2019-06-28 09:47:22.098042378,100135,114,100074,214,100187,214,99996,214,100237,114,99980,214,100350,214,99951,214,100477,100,99930,100,100534,100,99922,100,100549,100,99915,100,100629,100,99908,100,100675,100,99896,100,100693,100,99895,100
2019-06-28 09:47:26.336979853,100135,14,100074,214,100187,214,99996,214,100237,114,99980,214,100350,214,99951,214,100477,100,99930,100,100534,100,99922,100,100549,100,99915,100,100629,100,99908,100,100675,100,99896,100,100693,100,99895,100
2019-06-28 09:47:30.000000000,100187,256,100074,256,100350,251,99996,251,100477,251,99980,251,100534,100,99951,100,100549,100,99930,100,100629,100,99922,100,100675,100,99915,100,100693,100,99908,100,100921,100,99896,100,,,99895,100
2019-06-28 09:47:31.117462227,100187,156,100074,256,100350,251,99996,251,100477,251,99980,251,100534,100,99951,100,100549,100,99930,100,100629,100,99922,100,100675,100,99915,100,100693,100,99908,100,100732,100,99896,100,100921,100,99895,100
2019-06-28 09:47:40.000000000,100350,256,100074,256,100477,251,99996,251,100534,251,99980,251,100549,100,99951,100,100629,100,99930,100,100675,100,99922,100,100693,100,99915,100,100732,100,99908,100,100921,100,99896,100,,,99895,100
2019-06-28 09:47:50.000000000,100350,214,100074,214,100477,214,99996,214,100534,214,99980,214,100549,214,99951,214,100629,100,99930,100,100675,100,99922,100,100693,100,99915,100,100732,100,99908,100,100921,100,99896,100,,,99895,100
2019-06-28 09:47:58.086947276,100350,214,100243,100,100477,214,100074,214,100534,214,99996,214,100549,214,99980,214,100629,100,99951,214,100675,100,99930,100,100693,100,99922,100,100732,100,99915,100,100921,100,99908,100,,,99896,100
2019-06-28 09:48:00.000000000,100350,214,100243,214,100477,214,100074,214,100534,214,99996,214,100549,214,99980,214,100629,100,99951,100,100675,100,99930,100,100693,100,99922,100,100732,100,99915,100,100921,100,99908,100,,,99896,100
2019-06-28 09:48:00.022400410,100350,114,100243,214,100477,214,100074,214,100534,214,99996,214,100549,214,99980,214,100629,100,99951,100,100675,100,99930,100,100693,100,99922,100,100732,100,99915,100,100921,100,99908,100,,,99896,100
2019-06-28 09:48:10.000000000,100477,214,100243,214,100534,214,100074,214,100549,214,99996,214,100629,214,99980,214,100675,100,99951,100,100693,100,99930,100,100732,100,99922,100,100921,100,99915,100,,,99908,100,,,99896,100
2019-06-28 09:48:20.000000000,100477,192,100243,192,100534,192,100074,192,100549,192,99996,192,100629,192,99980,192,100675,192,99951,192,100693,100,99930,100,100732,100,99922,100,100921,100,99915,100,,,99908,100,,,99896,100
2019-06-28 09:48:30.000000000,100477,214,100243,214,100534,214,100074,214,100549,214,99996,214,100629,214,99980,214,100675,100,99951,100,100693,100,99930,100,100732,100,99922,100,100921,100,99915,100,,,99908,100,,,99896,100
2019-06-28 09:48:40.000000000,100477,558,100243,558,100534,100,100074,100,100549,100,99996,100,100629,100,99980,100,100675,100,99951,100,100693,100,99930,100,100732,100,99922,100,100921,100,99915,100,,,99908,100,,,99896,100
2019-06-28 09:48:50.000000000,100477,256,100243,256,100534,251,100074,251,100549,251,99996,251,100629,100,99980,100,100675,100,99951,100,100693,100,99930,100,100732,100,99922,100,100921,100,99915,100,,,99908,100,,,99896,100
2019-06-28 09:49:00.000000000,100477,192,100243,192,100534,192,100074,192,100549,192,99996,192,100629,192,99980,192,100675,192,99951,192,100693,100,99930,100,100732,100,99922,100,100921,100,99915,100,,,99908,100,,,99896,100
2019-06-28 09:49:10.000000000,100477,192,100243,192,100534,192,100074,192,100549,192,99996,192,100629,192,99980,192,100675,192,99951,192,100693,100,99930,100,100732,100,99922,100,100921,100,99915,100,,,99908,100,,,99896,100
2019-06-28 09:49:14.568493140,100477,192,100244,100,100534,192,100243,192,100549,192,100074,192,100629,192,99996,192,100675,192,99980,192,100693,100,99951,192,100732,100,99930,100,100921,100,99922,100,,,99915,100,,,99908,100
2019-06-28 09:49:20.000000000,100477,214,100244,214,100534,214,100243,214,100549,214,100074,214,100629,214,99996,214,100675,100,99980,100,100693,100,99951,100,100732,100,99930,100,100921,100,99922,100,,,99915,100,,,99908,100
2019-06-28 09:49:22.000563563,100477,114,100244,214,100534,214,100243,214,100549,214,100074,214,100629,214,99996,214,100675,100,99980,100,100693,100,99951,100,100732,100,99930,100,100921,100,99922,100,,,99915,100,,,99908,100
2019-06-28 09:49:30.000000000,100534,214,100244,214,100549,214,100243,214,100629,214,100074,214,100675,214,99996,214,100693,100,99980,100,100732,100,99951,100,100921,100,99930,100,,,99922,100,,,99915,100,,,99908,100
2019-06-28 09:49:34.303311896,100534,114,100244,214,100549,214,100243,214,100629,214,100074,214,100675,214,99996,214,100693,100,99980,100,100732,100,99951,100,100921,100,99930,100,,,99922,100,,,99915,100,,,99908,100
2019-06-28 09:49:39.540490136,100534,14,100244,214,100549,214,100243,214,100629,214,100074,214,100675,214,99996,214,100693,100,99980,100,100732,100,99951,100,100921,100,99930,100,,,99922,100,,,99915,100,,,99908,100
2019-06-28 09:49:40.000000000,100549,256,100244,256,100629,251,100243,251,100675,251,100074,251,100693,100,99996,100,100732,100,99980,100,100921,100,99951,100,,,99930,100,,,99922,100,,,99915,100,,,99908,100
2019-06-28 09:49:47.131677252,100549,256,100534,100,100629,251,100244,256,100675,251,100243,251,100693,100,100074,251,100732,100,99996,100,100921,100,99980,100,,,99951,100,,,99930,100,,,99922,100,,,99915,100
2019-06-28 09:49:50.000000000,100549,329,100534,329,100629,329,100244,329,100675,100,100243,100,100693,100,100074,100,100732,100,99996,100,100921,100,99980,100,,,99951,100,,,99930,100,,,99922,100,,,99915,100
2019-06-28 09:50:00.000000000,100549,256,100534,256,100629,251,100244,251,100675,251,100243,251,100693,100,100074,100,100732,100,99996,100,100921,100,99980,100,,,99951,100,,,99930,100,,,99922,100,,,99915,100
2019-06-28 09:50:10.000000000,100549,256,100534,256,100629,251,100244,251,100675,251,100243,251,100693,100,100074,100,100732,100,99996,100,100921,100,99980,100,,,99951,100,,,99930,100,,,99922,100,,,99915,100
2019-06-28 09:50:20.000000000,100549,558,100534,558,100629,100,100244,100,100675,100,100243,100,100693,100,100074,100,100732,100,99996,100,100921,100,99980,100,,,99951,100,,,99930,100,,,99922,100,,,99915,100
2019-06-28 09:50:30.000000000,100549,192,100534,192,100629,192,100244,192,100675,192,100243,192,100693,192,100074,192,100732,192,99996,192,100921,100,99980,100,,,99951,100,,,99930,100,,,99922,100,,,99915,100
2019-06-28 09:50:40.000000000,100549,192,100534,192,100629,192,100244,192,100675,192,100243,192,100693,192,100074,192,100732,192,99996,192,100921,100,99980,100,,,99951,100,,,99930,100,,,99922,100,,,99915,100
2019-06-28 09:50:50.000000000,100549,192,100534,192,100629,192,100244,192,100675,192,100243,192,100693,192,100074,192,100732,192,99996,192,100921,100,99980,100,,,99951,100,,,99930,100,,,99922,100,,,99915,100
2019-06-28 09:51:00.000000000,100549,214,100534,214,100629,214,100244,214,100675,214,100243,214,100693,214,100074,214,100732,100,99996,100,100921,100,99980,100,,,99951,100,,,99930,100,,,99922,100,,,99915,100
2019-06-28 09:51:10.000000000,100549,256,100534,256,100629,251,100244,251,100675,251,100243,251,100693,100,100074,100,100732,100,99996,100,100921,100,99980,100,,,99951,100,,,99930,100,,,99922,100,,,99915,100
2019-06-28 09:51:20.000000000,100549,329,100534,329,100629,329,100244,329,100675,100,100243,100,100693,100,100074,100,100732,100,99996,100,100921,100,99980,100,,,99951,100,,,99930,100,,,99922,100,,,99915,100
2019-06-28 09:51:30.000000000,100549,192,100534,192,100629,192,100244,192,100675,192,100243,192,100693,192,100074,192,100732,192,99996,192,100921,100,99980,100,,,99951,100,,,99930,100,,,99922,100,,,99915,100
2019-06-28 09:51:31.270067525,100549,92,100534,192,100629,192,100244,192,100675,192,100243,192,100693,192,100074,192,100732,192,99996,192,100921,100,99980,100,,,99951,100,,,99930,100,,,99922,100,,,99915,100
2019-06-28 09:51:40.000000000,100629,329,100534,329,100675,329,100244,329,100693,100,100243,100,100732,100,100074,100,100921,100,99996,100,,,99980,100,,,99951,100,,,99930,100,,,99922,100,,,99915,100
2019-06-28 09:51:49.112989930,100629,229,100534,329,100675,329,100244,329,100693,100,100243,100,100732,100,100074,100,100921,100,99996,100,,,99980,100,,,99951,100,,,99930,100,,,99922,100,,,99915,100
2019-06-28 09:51:50.000000000,100675,214,100534,214,100693,214,100244,214,100732,214,100243,214,100921,214,100074,214,,,99996,100,,,99980,100,,,99951,100,,,99930,100,,,99922,100,,,99915,100
2019-06-28 09:52:00.000000000,100675,192,100534,192,100693,192,100244,192,100732,192,100243,192,100921,192,100074,192,100922,92,99996,192,,,99980,100,,,99951,100,,,99930,100,,,99922,100,,,99915,100
2019-06-28 09:52:10.000000000,100675,214,100534,214,100693,214,100244,214,100732,214,100243,214,100921,214,100074,214,,,99996,100,,,99980,100,,,99951,100,,,99930,100,,,99922,100,,,99915,100
2019-06-28 09:52:18.866029846,100675,114,100534,214,100693,214,100244,214,100732,214,100243,214,100921,214,100074,214,,,99996,100,,,99980,100,,,99951,100,,,99930,100,,,99922,100,,,99915,100
2019-06-28 09:52:20.000000000,100693,256,100534,256,100732,251,100244,251,100921,251,100243,251,,,100074,100,,,99996,100,,,99980,100,,,99951,100,,,99930,100,,,99922,100,,,99915,100
2019-06-28 09:52:30.000000000,100693,256,100534,256,100732,251,100244,251,100921,251,100243,251,,,100074,100,,,99996,100,,,99980,100,,,99951,100,,,99930,100,,,99922,100,,,99915,100
2019-06-28 09:52:40.000000000,100693,214,100534,214,100732,214,100244,214,100921,214,100243,214,100922,114,100074,214,,,99996,100,,,99980,100,,,99951,100,,,99930,100,,,99922,100,,,99915,100
2019-06-28 09:52:44.031138173,100693,114,100534,214,100732,214,100244,214,100921,214,100243,214,100922,114,100074,214,,,99996,100,,,99980,100,,,99951,100,,,99930,100,,,99922,100,,,99915,100
2019-06-28 09:52:50.000000000,100732,192,100534,192,100921,192,100244,192,100922,92,100243,192,,,100074,192,,,99996,192,,,99980,100,,,99951,100,,,99930,100,,,99922,100,,,99915,100
2019-06-28 09:53:00.000000000,100732,558,100534,558,100921,100,100244,100,,,100243,100,,,100074,100,,,99996,100,,,99980,100,,,99951,100,,,99930,100,,,99922,100,,,99915,100
2019-06-28 09:53:10.000000000,100732,558,100534,558,100921,100,100244,100,,,100243,100,,,100074,100,,,99996,100,,,99980,100,,,99951,100,,,99930,100,,,99922,100,,,99915,100
2019-06-28 09:53:20.000000000,100732,214,100534,214,100921,214,100244,214,100922,114,100243,214,,,100074,214,,,99996,100,,,99980,100,,,99951,100,,,99930,100,,,99922,100,,,99915,100
2019-06-28 09:53:22.579293200,100732,214,100675,100,100921,214,100534,214,100922,114,100244,214,,,100243,214,,,100074,214,,,99996,100,,,99980,100,,,99951,100,,,99930,100,,,99922,100
2019-06-28 09:53:29.841803351,100732,114,100675,100,100921,214,100534,214,100922,114,100244,214,,,100243,214,,,100074,214,,,99996,100,,,99980,100,,,99951,100,,,99930,100,,,99922,100
2019-06-28 09:53:30.000000000,100921,256,100675,256,100922,151,100534,251,,,100244,251,,,100243,100,,,100074,100,,,99996,100,,,99980,100,,,99951,100,,,99930,100,,,99922,100
2019-06-28 09:53:40.000000000,100921,214,100675,214,100922,114,100534,214,,,100244,214,,,100243,214,,,100074,100,,,99996,100,,,99980,100,,,99951,100,,,99930,100,,,99922,100
2019-06-28 09:53:48.280990415,100921,214,100693,100,100922,114,100675,214,,,100534,214,,,100244,214,,,100243,214,,,100074,100,,,99996,100,,,99980,100,,,99951,100,,,99930,100
2019-06-28 09:53:50.000000000,100921,329,100693,329,100922,229,100675,329,,,100534,100,,,100244,100,,,100243,100,,,100074,100,,,99996,100,,,99980,100,,,99951,100,,,99930,100
2019-06-28 09:53:54.821951829,100921,229,100693,329,100922,229,100675,329,,,100534,100,,,100244,100,,,100243,100,,,100074,100,,,99996,100,,,99980,100,,,99951,100,,,99930,100
2019-06-28 09:54:00.000000000,,,100693,100,,,100675,100,,,100534,100,,,100244,100,,,100243,100,,,100074,100,,,99996,100,,,99980,100,,,99951,100,,,99930,100
2019-06-28 09:54:12.943412310,102311,100,100693,100,,,100675,100,,,100534,100,,,100244,100,,,100243,100,,,100074,100,,,99996,100,,,99980,100,,,99951,100,,,99922,100
2019-06-28 09:54:20.000000000,102311,192,100693,192,102312,92,100675,192,,,100534,192,,,100244,192,,,100243,192,,,100074,100,,,99996,100,,,99980,100,,,99951,100,,,99922,100
2019-06-28 09:54:30.000000000,102311,558,100693,558,,,100675,100,,,100534,100,,,100244,100,,,100243,100,,,100074,100,,,99996,100,,,99980,100,,,99951,100,,,99922,100
2019-06-28 09:54:40.000000000,102311,558,100693,558,,,100675,100,,,100534,100,,,100244,100,,,100243,100,,,100074,100,,,99996,100,,,99980,100,,,99951,100,,,99922,100
2019-06-28 09:54:50.000000000,102311,192,100693,192,102312,92,100675,192,,,100534,192,,,100244,192,,,100243,192,,,100074,100,,,99996,100,,,99980,100,,,99951,100,,,99922,100
2019-06-28 09:54:55.219389577,102311,192,101529,100,102312,92,100693,192,,,100675,192,,,100534,192,,,100244,192,,,100243,192,,,100074,100,,,99996,100,,,99980,100,,,99951,100
2019-06-28 09:55:00.000000000,102311,192,101529,192,102312,92,100693,192,,,100675,192,,,100534,192,,,100244,192,,,100243,100,,,100074,100,,,99996,100,,,99980,100,,,99951,100
2019-06-28 09:55:01.710479772,102311,192,101529,192,102312,92,100732,100,,,100693,192,,,100675,192,,,100534,192,,,100244,192,,,100243,100,,,100074,100,,,99996,100,,,99980,100
2019-06-28 09:55:10.000000000,102311,192,101529,192,102312,92,100732,192,,,100693,192,,,100675,192,,,100534,192,,,100244,100,,,100243,100,,,100074,100,,,99996,100,,,99980,100
2019-06-28 09:55:10.397897959,101680,100,101529,192,102311,192,100732,192,102312,92,100693,192,,,100675,192,,,100534,192,,,100244,100,,,100243,100,,,100074,100,,,99996,100,,,99980,100
2019-06-28 09:55:20.000000000,101680,214,101529,214,102311,214,100732,214,102312,114,100693,214,,,100675,214,,,100534,100,,,100244,100,,,100243,100,,,100074,100,,,99996,100,,,99980,100
2019-06-28 09:55:20.148906506,101680,214,101643,100,102311,214,101529,214,102312,114,100732,214,,,100693,214,,,100675,214,,,100534,100,,,100244,100,,,100243,100,,,100074,100,,,99996,100
2019-06-28 09:55:30.000000000,101680,214,101643,214,102311,214,101529,214,102312,114,100732,214,,,100693,214,,,100675,100,,,100534,100,,,100244,100,,,100243,100,,,100074,100,,,99996,100
2019-06-28 09:55:40.000000000,101680,256,101643,256,102311,251,101529,251,102312,151,100732,251,,,100693,100,,,100675,100,,,100534,100,,,100244,100,,,100243,100,,,100074,100,,,99996,100
2019-06-28 09:55:50.000000000,101680,558,101643,558,102311,100,101529,100,,,100732,100,,,100693,100,,,100675,100,,,100534,100,,,100244,100,,,100243,100,,,100074,100,,,99996,100
2019-06-28 09:55:50.329803072,101680,558,101643,558,102311,100,101529,100,,,101089,100,,,100732,100,,,100693,100,,,100675,100,,,100534,100,,,100244,100,,,100243,100,,,100074,100
2019-06-28 09:56:00.000000000,101680,558,101643,558,102311,100,101529,100,,,101089,100,,,100732,100,,,100693,100,,,100675,100,,,100534,100,,,100244,100,,,100243,100,,,100074,100
2019-06-28 09:56:05.193674491,101680,558,101643,458,102311,100,101529,100,,,101089,100,,,100732,100,,,100693,100,,,100675,100,,,100534,100,,,100244,100,,,100243,100,,,100074,100
2019-06-28 09:56:07.985037589,101680,558,101643,358,102311,100,101529,100,,,101089,100,,,100732,100,,,100693,100,,,100675,100,,,100534,100,,,100244,100,,,100243,100,,,100074,100
2019-06-28 09:56:10.000000000,101680,256,101529,256,102311,251,101089,251,102312,151,100732,251,,,100693,100,,,100675,100,,,100534,100,,,100244,100,,,100243,100,,,100074,100,,,99996,100
2019-06-28 09:56:10.170471152,101680,256,101529,256,102311,251,101089,251,102312,151,101003,100,,,100732,251,,,100693,100,,,100675,100,,,100534,100,,,100244,100,,,100243,100,,,100074,100
2019-06-28 09:56:20.000000000,101680,214,101529,214,102311,214,101089,214,102312,114,101003,214,,,100732,214,,,100693,100,,,100675,100,,,100534,100,,,100244,100,,,100243,100,,,100074,100
2019-06-28 09:56:25.236816799,101643,100,101529,214,101680,214,101089,214,102311,214,101003,214,102312,114,100732,214,,,100693,100,,,100675,100,,,100534,100,,,100244,100,,,100243,100,,,100074,100
2019-06-28 09:56:30.000000000,101643,558,101529,558,101680,100,101089,100,102311,100,101003,100,,,100732,100,,,100693,100,,,100675,100,,,100534,100,,,100244,100,,,100243,100,,,100074,100
2019-06-28 09:56:40.000000000,101643,256,101529,256,101680,251,101089,251,102311,251,101003,251,,,100732,100,,,100693,100,,,100675,100,,,100534,100,,,100244,100,,,100243,100,,,100074,100
2019-06-28 09:56:50.000000000,101643,214,101529,214,101680,214,101089,214,102311,214,101003,214,102312,114,100732,214,,,100693,100,,,100675,100,,,100534,100,,,100244,100,,,100243,100,,,100074,100
2019-06-28 09:56:50.243600771,101643,214,101529,114,101680,214,101089,214,102311,214,101003,214,102312,114,100732,214,,,100693,100,,,100675,100,,,100534,100,,,100244,100,,,100243,100,,,100074,100
2019-06-28 09:57:00.000000000,101643,214,101089,214,101680,214,101003,214,102311,214,100732,214,102312,114,100693,214,,,100675,100,,,100534,100,,,100244,100,,,100243,100,,,100074,100,,,99996,100
2019-06-28 09:57:10.000000000,101643,558,101089,558,101680,100,101003,100,102311,100,100732,100,,,100693,100,,,100675,100,,,100534,100,,,100244,100,,,100243,100,,,100074,100,,,99996,100
2019-06-28 09:57:16.692372686,101643,558,101089,458,101680,100,101003,100,102311,100,100732,100,,,100693,100,,,100675,100,,,100534,100,,,100244,100,,,100074,100,,,99996,100,,,99980,100
2019-06-28 09:57:20.000000000,101643,558,101003,558,101680,100,100732,100,102311,100,100693,100,,,100675,100,,,100534,100,,,100244,100,,,100074,100,,,99996,100,,,99980,100,,,99951,100
2019-06-28 09:57:28.594799822,101643,558,101003,558,101680,100,100732,100,102311,100,100693,100,,,100675,100,,,100534,100,,,100244,100,,,99996,100,,,99980,100,,,99951,100,,,99915,100
2019-06-28 09:57:30.000000000,101643,329,101003,329,101680,329,100732,329,102311,100,100693,100,,,100675,100,,,100534,100,,,100244,100,,,99996,100,,,99980,100,,,99951,100,,,99915,100
2019-06-28 09:57:40.000000000,101643,329,101003,329,101680,329,100732,329,102311,100,100693,100,,,100675,100,,,100534,100,,,100244,100,,,99996,100,,,99980,100,,,99951,100,,,99915,100
2019-06-28 09:57:50.000000000,101643,214,101003,214,101680,214,100732,214,102311,214,100693,214,102312,114,100675,214,,,100534,100,,,100244,100,,,99996,100,,,99980,100,,,99951,100,,,99915,100
2019-06-28 09:57:54.591562604,101643,214,101003,114,101680,214,100732,214,102311,214,100693,214,102312,114,100675,214,,,100534,100,,,100244,100,,,99996,100,,,99980,100,,,99951,100,,,99915,100
2019-06-28 09:57:57.782424435,101089,100,101003,114,101643,214,100732,214,101680,214,100693,214,102311,214,100675,214,102312,114,100534,100,,,100244,100,,,99996,100,,,99980,100,,,99951,100,,,99915,100
2019-06-28 09:58:00.000000000,101089,214,100732,214,101643,214,100693,214,101680,214,100675,214,102311,214,100534,214,,,100244,100,,,99996,100,,,99980,100,,,99951,100,,,99915,100,,,99908,100
2019-06-28 09:58:10.000000000,101089,192,100732,192,101643,192,100693,192,101680,192,100675,192,102311,192,100534,192,102312,92,100244,192,,,99996,100,,,99980,100,,,99951,100,,,99915,100,,,99908,100
2019-06-28 09:58:11.123681125,101089,192,100732,192,101643,192,100693,192,101680,192,100675,192,102311,192,100534,192,102312,92,100383,100,,,100244,192,,,99996,100,,,99980,100,,,99951,100,,,99915,100
2019-06-28 09:58:20.000000000,101089,558,100732,558,101643,100,100693,100,101680,100,100675,100,102311,100,100534,100,,,100383,100,,,100244,100,,,99996,100,,,99980,100,,,99951,100,,,99915,100
2019-06-28 09:58:30.000000000,101089,214,100732,214,101643,214,100693,214,101680,214,100675,214,102311,214,100534,214,,,100383,100,,,100244,100,,,99996,100,,,99980,100,,,99951,100,,,99915,100
2019-06-28 09:58:30.849425562,101089,214,100732,114,101643,214,100693,214,101680,214,100675,214,102311,214,100534,214,,,100383,100,,,100244,100,,,99996,100,,,99980,100,,,99951,100,,,99915,100
2019-06-28 09:58:40.000000000,101089,192,100693,192,101643,192,100675,192,101680,192,100534,192,102311,192,100383,192,102312,92,100244,192,,,99996,100,,,99980,100,,,99951,100,,,99915,100,,,99908,100
2019-06-28 09:58:46.052544776,101089,192,100693,192,101643,192,100675,192,101680,192,100670,100,102311,192,100534,192,102312,92,100383,192,,,100244,192,,,99996,100,,,99980,100,,,99951,100,,,99915,100
2019-06-28 09:58:50.000000000,101089,256,100693,256,101643,251,100675,251,101680,251,100670,251,102311,100,100534,100,,,100383,100,,,100244,100,,,99996,100,,,99980,100,,,99951,100,,,99915,100
2019-06-28 09:58:50.072801735,100788,100,100693,256,101089,256,100675,251,101643,251,100670,251,101680,251,100534,100,102311,100,100383,100,,,100244,100,,,99996,100,,,99980,100,,,99951,100,,,99915,100
2019-06-28 09:58:54.765837009,100788,100,100693,256,101089,256,100675,251,101643,251,100670,251,101680,251,100595,100,102311,100,100534,100,,,100244,100,,,99996,100,,,99980,100,,,99951,100,,,99915,100
2019-06-28 09:59:00.000000000,100788,329,100693,329,101089,329,100675,329,101643,100,100670,100,101680,100,100595,100,102311,100,100534,100,,,100244,100,,,99996,100,,,99980,100,,,99951,100,,,99915,100
2019-06-28 09:59:00.394897077,100788,329,100693,229,101089,329,100675,329,101643,100,100670,100,101680,100,100595,100,102311,100,100534,100,,,100244,100,,,99996,100,,,99980,100,,,99951,100,,,99915,100
2019-06-28 09:59:04.507973655,100788,329,100693,229,101089,329,100675,329,101643,100,100670,100,101680,100,100664,100,102311,100,100595,100,,,100534,100,,,100244,100,,,99996,100,,,99980,100,,,99951,100
2019-06-28 09:59:10.000000000,100788,214,100675,214,101089,214,100670,214,101643,214,100664,214,101680,214,100595,214,102311,100,100534,100,,,100244,100,,,99996,100,,,99980,100,,,99951,100,,,99915,100
2019-06-28 09:59:20.000000000,100788,558,100675,558,101089,100,100670,100,101643,100,100664,100,101680,100,100595,100,102311,100,100534,100,,,100244,100,,,99996,100,,,99980,100,,,99951,100,,,99915,100
2019-06-28 09:59:24.684852954,100788,558,100675,458,101089,100,100670,100,101643,100,100664,100,101680,100,100595,100,102311,100,100534,100,,,100244,100,,,99996,100,,,99980,100,,,99951,100,,,99915,100
2019-06-28 09:59:30.000000000,100788,256,100670,256,101089,251,100664,251,101643,251,100595,251,101680,100,100534,100,102311,100,100244,100,,,99996,100,,,99980,100,,,99951,100,,,99915,100,,,99908,100
2019-06-28 09:59:37.173157269,100788,256,100670,156,101089,251,100664,251,101643,251,100595,251,101680,100,100534,100,102311,100,100244,100,,,99996,100,,,99980,100,,,99951,100,,,99915,100,,,99908,100
2019-06-28 09:59:40.000000000,100788,214,100664,214,101089,214,100595,214,101643,214,100534,214,101680,214,100244,214,102311,100,99996,100,,,99980,100,,,99951,100,,,99915,100,,,99908,100,,,99896,100
2019-06-28 09:59:50.000000000,100788,214,100664,214,101089,214,100595,214,101643,214,100534,214,101680,214,100244,214,102311,100,99996,100,,,99980,100,,,99951,100,,,99915,100,,,99908,100,,,99896,100
2019-06-28 10:00:00.000000000,100788,329,100664,329,101089,329,100595,329,101643,100,100534,100,101680,100,100244,100,102311,100,99996,100,,,99980,100,,,99951,100,,,99915,100,,,99908,100,,,99896,100
2019-06-28 10:00:02.229133020,100675,100,100664,329,100788,329,100595,329,101089,329,100534,100,101643,100,100244,100,101680,100,99996,100,102311,100,99980,100,,,99951,100,,,99915,100,,,99908,100,,,99896,100
2019-06-28 10:00:10.000000000,100675,214,100664,214,100788,214,100595,214,101089,214,100534,214,101643,214,100244,214,101680,100,99996,100,102311,100,99980,100,,,99951,100,,,99915,100,,,99908,100,,,99896,100
2019-06-28 10:00:10.844813847,100675,214,100664,214,100788,214,100595,214,101089,214,100534,214,101643,214,100244,214,101680,100,99996,100,102311,100,99980,100,,,99951,100,,,99915,100,,,99908,100,,,99896,100
2019-06-28 10:00:20.000000000,100675,256,100664,256,100788,251,100595,251,101089,251,100534,251,101643,100,100244,100,101680,100,99996,100,102311,100,99980,100,,,99951,100,,,99915,100,,,99908,100,,,99896,100
2019-06-28 10:00:30.000000000,100675,329,100664,329,100788,329,100595,329,101089,100,100534,100,101643,100,100244,100,101680,100,99996,100,102311,100,99980,100,,,99951,100,,,99915,100,,,99908,100,,,99896,100
2019-06-28 10:00:32.257195006,100675,329,100664,329,100788,329,100595,329,101089,100,100534,100,101643,100,100244,100,101680,100,99996,100,102311,100,99980,100,,,99951,100,,,99915,100,,,99908,100,,,99896,100
2019-06-28 10:00:34.293983789,100675,429,100664,329,100788,329,100595,329,101089,100,100534,100,101643,100,100244,100,101680,100,99996,100,102311,100,99980,100,,,99951,100,,,99915,100,,,99908,100,,,99896,100
2019-06-28 10:00:40.000000000,100675,658,100664,558,100788,100,100595,100,101089,100,100534,100,101643,100,100244,100,101680,100,99996,100,102311,100,99980,100,,,99951,100,,,99915,100,,,99908,100,,,99896,100
2019-06-28 10:00:50.000000000,100675,658,100664,558,100788,100,100595,100,101089,100,100534,100,101643,100,100244,100,101680,100,99996,100,102311,100,99980,100,,,99951,100,,,99915,100,,,99908,100,,,99896,100
2019-06-28 10:00:52.484125952,100675,658,100664,558,100788,100,100595,100,101089,100,100534,100,101643,100,100244,100,101680,100,100136,100,102311,100,99996,100,,,99980,100,,,99951,100,,,99915,100,,,99908,100
2019-06-28 10:01:00.000000000,100675,429,100664,329,100788,329,100595,329,101089,100,100534,100,101643,100,100244,100,101680,100,100136,100,102311,100,99996,100,,,99980,100,,,99951,100,,,99915,100,,,99908,100
2019-06-28 10:01:02.963756824,100675,429,100664,229,100788,329,100595,329,101089,100,100534,100,101643,100,100244,100,101680,100,100136,100,102311,100,99996,100,,,99980,100,,,99951,100,,,99915,100,,,99908,100
2019-06-28 10:01:10.000000000,100675,356,100595,256,100788,251,100534,251,101089,251,100244,251,101643,100,100136,100,101680,100,99996,100,102311,100,99980,100,,,99951,100,,,99915,100,,,99908,100,,,99896,100
2019-06-28 10:01:20.000000000,100675,292,100595,192,100788,192,100534,192,101089,192,100244,192,101643,192,100136,192,101680,192,99996,192,102311,100,99980,100,,,99951,100,,,99915,100,,,99908,100,,,99896,100
2019-06-28 10:01:30.000000000,100675,292,100595,192,100788,192,100534,192,101089,192,100244,192,101643,192,100136,192,101680,192,99996,192,102311,100,99980,100,,,99951,100,,,99915,100,,,99908,100,,,99896,100
2019-06-28 10:01:40.000000000,100675,292,100595,192,100788,192,100534,192,101089,192,100244,192,101643,192,100136,192,101680,192,99996,192,102311,100,99980,100,,,99951,100,,,99915,100,,,99908,100,,,99896,100
2019-06-28 10:01:49.262954602,100675,292,100595,92,100788,192,100534,192,101089,192,100244,192,101643,192,100136,192,101680,192,99996,192,,,99980,100,,,99951,100,,,99915,100,,,99908,100,,,99896,100
2019-06-28 10:01:50.000000000,100675,658,100534,558,100788,100,100244,100,101089,100,100136,100,101643,100,99996,100,101680,100,99980,100,,,99951,100,,,99915,100,,,99908,100,,,99896,100,,,99895,100
2019-06-28 10:01:52.869068716,100675,658,100534,558,100788,100,100244,100,101089,100,100136,100,101643,100,99996,100,101680,100,99980,100,,,99951,100,,,99915,100,,,99908,100,,,99896,100,,,99895,100
2019-06-28 10:01:56.391419126,100675,658,100534,558,100788,100,100244,100,101089,100,100136,100,101643,100,99996,100,101680,100,99980,100,,,99951,100,,,99915,100,,,99908,100,,,99896,100,,,99895,100
2019-06-28 10:02:00.000000000,100675,658,100534,558,100788,100,100244,100,101089,100,100136,100,101643,100,99996,100,101680,100,99980,100,,,99951,100,,,99915,100,,,99908,100,,,99896,100,,,99895,100
2019-06-28 10:02:10.000000000,100675,292,100534,192,100788,192,100244,192,101089,192,100136,192,101643,192,99996,192,101680,192,99980,192,,,99951,100,,,99915,100,,,99908,100,,,99896,100,,,99895,100
2019-06-28 10:02:20.000000000,100675,658,100534,558,100788,100,100244,100,101089,100,100136,100,101643,100,99996,100,101680,100,99980,100,,,99951,100,,,99915,100,,,99908,100,,,99896,100,,,99895,100
2019-06-28 10:02:26.915245740,100664,100,100534,558,100675,658,100244,100,100788,100,100136,100,101089,100,99996,100,101643,100,99980,100,101680,100,99951,100,,,99915,100,,,99908,100,,,99896,100,,,99895,100
2019-06-28 10:02:30.000000000,100664,558,100534,558,100675,200,100244,100,100788,100,100136,100,101089,100,99996,100,101643,100,99980,100,101680,100,99951,100,,,99915,100,,,99908,100,,,99896,100,,,99895,100
2019-06-28 10:02:31.748640479,100664,558,100534,558,100675,200,100244,100,100788,100,100136,100,101089,100,99996,100,101643,100,99980,100,101680,100,99951,100,,,99920,100,,,99915,100,,,99908,100,,,99896,100
2019-06-28 10:02:40.000000000,100664,256,100534,256,100675,351,100244,251,100788,251,100136,251,101089,100,99996,100,101643,100,99980,100,101680,100,99951,100,,,99920,100,,,99915,100,,,99908,100,,,99896,100
2019-06-28 10:02:46.152668749,100664,356,100534,256,100675,351,100244,251,100788,251,100136,251,101089,100,99996,100,101643,100,99980,100,101680,100,99951,100,,,99920,100,,,99915,100,,,99908,100,,,99896,100
2019-06-28 10:02:49.592620623,100664,356,100534,256,100675,351,100244,251,100788,251,100136,251,101089,100,99996,100,101643,100,99980,100,101680,100,99951,100,,,99920,100,,,99915,100,,,99908,100,,,99896,100
2019-06-28 10:02:50.000000000,100664,356,100534,256,100675,351,100244,251,100788,251,100136,251,101089,100,99996,100,101643,100,99980,100,101680,100,99951,100,,,99920,100,,,99915,100,,,99908,100,,,99896,100
2019-06-28 10:03:00.000000000,100664,314,100534,214,100675,314,100244,214,100788,214,100136,214,101089,214,99996,214,101643,100,99980,100,101680,100,99951,100,,,99920,100,,,99915,100,,,99908,100,,,99896,100
2019-06-28 10:03:05.837050139,100664,314,100534,214,100675,314,100244,214,100788,214,100136,214,101089,214,99996,214,101643,100,99980,100,101680,100,99951,100,,,99920,100,,,99915,100,,,99911,100,,,99908,100
2019-06-28 10:03:09.026401333,100664,314,100534,214,100675,314,100244,214,100788,214,100136,214,101089,214,100029,100,101643,100,99996,214,101680,100,99980,100,,,99951,100,,,99920,100,,,99915,100,,,99911,100
2019-06-28 10:03:10.000000000,100664,429,100534,329,100675,429,100244,329,100788,100,100136,100,101089,100,100029,100,101643,100,99996,100,101680,100,99980,100,,,99951,100,,,99920,100,,,99915,100,,,99911,100
2019-06-28 10:03:20.000000000,100664,292,100534,192,100675,292,100244,192,100788,192,100136,192,101089,192,100029,192,101643,192,99996,192,101680,100,99980,100,,,99951,100,,,99920,100,,,99915,100,,,99911,100
2019-06-28 10:03:27.135527576,100664,292,100534,92,100675,292,100244,192,100788,192,100136,192,101089,192,100029,192,101643,192,99996,192,101680,100,99980,100,,,99951,100,,,99920,100,,,99915,100,,,99911,100
2019-06-28 10:03:30.000000000,100664,314,100244,214,100675,314,100136,214,100788,214,100029,214,101089,214,99996,214,101643,100,99980,100,101680,100,99951,100,,,99920,100,,,99915,100,,,99911,100,,,99908,100
2019-06-28 10:03:40.000000000,100664,356,100244,256,100675,351,100136,251,100788,251,100029,251,101089,100,99996,100,101643,100,99980,100,101680,100,99951,100,,,99920,100,,,99915,100,,,99911,100,,,99908,100
2019-06-28 10:03:50.000000000,100664,356,100244,256,100675,351,100136,251,100788,251,100029,251,101089,100,99996,100,101643,100,99980,100,101680,100,99951,100,,,99920,100,,,99915,100,,,99911,100,,,99908,100
2019-06-28 10:04:00.000000000,100664,356,100244,256,100675,351,100136,251,100788,251,100029,251,101089,100,99996,100,101643,100,99980,100,101680,100,99951,100,,,99920,100,,,99915,100,,,99911,100,,,99908,100
2019-06-28 10:04:10.000000000,100664,314,100244,214,100675,314,100136,214,100788,214,100029,214,101089,214,99996,214,101643,100,99980,100,101680,100,99951,100,,,99920,100,,,99915,100,,,99911,100,,,99908,100
2019-06-28 10:04:20.000000000,100664,356,100244,256,100675,351,100136,251,100788,251,100029,251,101089,100,99996,100,101643,100,99980,100,101680,100,99951,100,,,99920,100,,,99915,100,,,99911,100,,,99908,100
2019-06-28 10:04:30.000000000,100664,356,100244,256,100675,351,100136,251,100788,251,100029,251,101089,100,99996,100,101643,100,99980,100,101680,100,99951,100,,,99920,100,,,99915,100,,,99911,100,,,99908,100
2019-06-28 10:04:40.000000000,100664,356,100244,256,100675,351,100136,251,100788,251,100029,251,101089,100,99996,100,101643,100,99980,100,101680,100,99951,100,,,99920,100,,,99915,100,,,99911,100,,,99908,100
2019-06-28 10:04:50.000000000,100664,658,100244,558,100675,200,100136,100,100788,100,100029,100,101089,100,99996,100,101643,100,99980,100,101680,100,99951,100,,,99920,100,,,99915,100,,,99911,100,,,99908,100
2019-06-28 10:04:57.508219121,100664,658,100322,100,100675,200,100244,558,100788,100,100136,100,101089,100,100029,100,101643,100,99996,100,101680,100,99980,100,,,99951,100,,,99920,100,,,99915,100,,,99911,100
2019-06-28 10:05:00.000000000,100664,356,100322,256,100675,351,100244,251,100788,251,100136,251,101089,100,100029,100,101643,100,99996,100,101680,100,99980,100,,,99951,100,,,99920,100,,,99915,100,,,99911,100
2019-06-28 10:05:06.495706845,100521,100,100322,256,100664,356,100244,251,100675,351,100136,251,100788,251,100029,100,101089,100,99996,100,101643,100,99980,100,101680,100,99951,100,,,99920,100,,,99915,100,,,99911,100
2019-06-28 10:05:10.000000000,100521,214,100322,214,100664,314,100244,214,100675,314,100136,214,100788,214,100029,214,101089,100,99996,100,101643,100,99980,100,101680,100,99951,100,,,99920,100,,,99915,100,,,99911,100
2019-06-28 10:05:20.000000000,100521,329,100322,329,100664,429,100244,329,100675,200,100136,100,100788,100,100029,100,101089,100,99996,100,101643,100,99980,100,101680,100,99951,100,,,99920,100,,,99915,100,,,99911,100
2019-06-28 10:05:30.000000000,100521,329,100322,329,100664,429,100244,329,100675,200,100136,100,100788,100,100029,100,101089,100,99996,100,101643,100,99980,100,101680,100,99951,100,,,99920,100,,,99915,100,,,99911,100
2019-06-28 10:05:35.000686387,100521,329,100322,329,100664,429,100244,329,100675,200,100136,100,100788,100,100029,100,101089,100,99996,100,101643,100,99980,100,101680,100,99951,100,,,99920,100,,,99915,100,,,99911,100
2019-06-28 10:05:39.589430289,100521,329,100322,329,100595,100,100244,329,100664,429,100136,100,100675,200,100029,100,100788,100,99996,100,101089,100,99980,100,101643,100,99951,100,101680,100,99920,100,,,99915,100,,,99911,100
2019-06-28 10:05:40.000000000,100521,329,100322,329,100595,329,100244,329,100664,200,100136,100,100675,200,100029,100,100788,100,99996,100,101089,100,99980,100,101643,100,99951,100,101680,100,99920,100,,,99915,100,,,99911,100
2019-06-28 10:05:50.000000000,100521,558,100322,558,100595,100,100244,100,100664,200,100136,100,100675,200,100029,100,100788,100,99996,100,101089,100,99980,100,101643,100,99951,100,101680,100,99920,100,,,99915,100,,,99911,100
2019-06-28 10:05:51.077493219,100521,558,100322,558,100595,200,100244,100,100664,200,100136,100,100675,200,100029,100,100788,100,99996,100,101089,100,99980,100,101643,100,99951,100,101680,100,99920,100,,,99915,100,,,99911,100
2019-06-28 10:05:54.981008950,100521,558,100322,558,100595,200,100244,100,100664,200,100136,100,100675,200,100029,100,100788,100,99996,100,101089,100,99980,100,101643,100,99951,100,101680,100,99920,100,,,99915,100,,,99911,100
2019-06-28 10:05:55.202124438,100521,558,100322,458,100595,200,100244,100,100664,200,100136,100,100675,200,100029,100,100788,100,99996,100,101089,100,99980,100,101643,100,99951,100,101680,100,99920,100,,,99915,100,,,99911,100
2019-06-28 10:06:00.000000000,100521,558,100244,558,100595,200,100136,100,100664,200,100029,100,100675,200,99996,100,100788,100,99980,100,101089,100,99951,100,101643,100,99920,100,101680,100,99915,100,,,99911,100,,,99908,100
2019-06-28 10:06:04.048768713,100520,100,100244,558,100521,558,100136,100,100595,100,100029,100,100664,200,99996,100,100675,200,99980,100,100788,100,99951,100,101089,100,99920,100,101643,100,99915,100,101680,100,99911,100,,,99908,100
2019-06-28 10:06:04.086668687,100520,100,100244,458,100521,558,100136,100,100595,100,100029,100,100664,200,99996,100,100675,200,99980,100,100788,100,99951,100,101089,100,99920,100,101643,100,99915,100,101680,100,99911,100,,,99908,100
2019-06-28 10:06:10.000000000,100520,192,100136,192,100521,192,100029,192,100595,192,99996,192,100664,292,99980,192,100675,292,99951,192,100788,100,99920,100,101089,100,99915,100,101643,100,99911,100,101680,100,99908,100,,,99896,100
2019-06-28 10:06:13.028189839,100520,192,100136,192,100521,192,100029,192,100595,192,99996,192,100664,292,99980,192,100675,292,99951,192,100788,100,99920,100,101089,100,99915,100,101643,100,99911,100,101680,100,99908,100,,,99896,100
2019-06-28 10:06:20.000000000,100520,256,100136,256,100521,251,100029,251,100595,251,99996,251,100664,200,99980,100,100675,200,99951,100,100788,100,99920,100,101089,100,99915,100,101643,100,99911,100,101680,100,99908,100,,,99896,100
2019-06-28 10:06:30.000000000,100520,256,100136,256,100521,251,100029,251,100595,251,99996,251,100664,200,99980,100,100675,200,99951,100,100788,100,99920,100,101089,100,99915,100,101643,100,99911,100,101680,100,99908,100,,,99896,100
2019-06-28 10:06:40.000000000,100520,558,100136,558,100521,100,100029,100,100595,100,99996,100,100664,200,99980,100,100675,200,99951,100,100788,100,99920,100,101089,100,99915,100,101643,100,99911,100,101680,100,99908,100,,,99896,100
2019-06-28 10:06:50.000000000,100520,558,100136,558,100521,100,100029,100,100595,100,99996,100,100664,200,99980,100,100675,200,99951,100,100788,100,99920,100,101089,100,99915,100,101643,100,99911,100,101680,100,99908,100,,,99896,100
2019-06-28 10:07:00.000000000,100520,329,100136,329,100521,329,100029,329,100595,100,99996,100,100664,200,99980,100,100675,200,99951,100,100788,100,99920,100,101089,100,99915,100,101643,100,99911,100,101680,100,99908,100,,,99896,100
2019-06-28 10:07:00.006651212,100520,329,100136,229,100521,329,100029,329,100595,100,99996,100,100664,200,99980,100,100675,200,99951,100,100788,100,99920,100,101089,100,99915,100,101643,100,99911,100,101680,100,99908,100,,,99896,100
2019-06-28 10:07:04.395894168,100520,329,100136,229,100521,329,100029,329,100595,100,99996,100,100664,200,99980,100,100675,200,99951,100,100788,100,99920,100,101089,100,99915,100,101643,100,99911,100,101680,100,99908,100,,,99896,100
2019-06-28 10:07:07.583953531,100520,329,100136,129,100521,329,100029,329,100595,100,99996,100,100664,200,99980,100,100675,200,99951,100,100788,100,99920,100,101089,100,99915,100,101643,100,99911,100,101680,100,99908,100,,,99896,100
2019-06-28 10:07:10.000000000,100520,256,100029,256,100521,251,99996,251,100595,251,99980,251,100664,200,99951,100,100675,200,99920,100,100788,100,99915,100,101089,100,99911,100,101643,100,99908,100,101680,100,99896,100,,,99895,100
2019-06-28 10:07:20.000000000,100520,329,100029,329,100521,329,99996,329,100595,100,99980,100,100664,200,99951,100,100675,200,99920,100,100788,100,99915,100,101089,100,99911,100,101643,100,99908,100,101680,100,99896,100,,,99895,100
2019-06-28 10:07:24.115828469,100520,329,100029,329,100521,329,99996,329,100595,100,99980,100,100664,200,99951,100,100675,200,99915,100,100788,100,99911,100,101089,100,99908,100,101643,100,99896,100,101680,100,99895,100,,,99890,100
2019-06-28 10:07:30.000000000,100520,256,100029,256,100521,251,99996,251,100595,251,99980,251,100664,200,99951,100,100675,200,99915,100,100788,100,99911,100,101089,100,99908,100,101643,100,99896,100,101680,100,99895,100,,,99890,100
2019-06-28 10:07:30.321659217,100136,100,100029,256,100520,256,99996,251,100521,251,99980,251,100595,251,99951,100,100664,200,99915,100,100675,200,99911,100,100788,100,99908,100,101089,100,99896,100,101643,100,99895,100,101680,100,99890,100
2019-06-28 10:07:40.000000000,100136,214,100029,214,100520,214,99996,214,100521,214,99980,214,100595,214,99951,214,100664,200,99915,100,100675,200,99911,100,100788,100,99908,100,101089,100,99896,100,101643,100,99895,100,101680,100,99890,100
2019-06-28 10:07:50.000000000,100136,214,100029,214,100520,214,99996,214,100521,214,99980,214,100595,214,99951,214,100664,200,99915,100,100675,200,99911,100,100788,100,99908,100,101089,100,99896,100,101643,100,99895,100,101680,100,99890,100
2019-06-28 10:08:00.000000000,100136,192,100029,192,100520,192,99996,192,100521,192,99980,192,100595,192,99951,192,100664,292,99915,192,100675,200,99911,100,100788,100,99908,100,101089,100,99896,100,101643,100,99895,100,101680,100,99890,100
2019-06-28 10:08:10.000000000,100136,256,100029,256,100520,251,99996,251,100521,251,99980,251,100595,100,99951,100,100664,200,99915,100,100675,200,99911,100,100788,100,99908,100,101089,100,99896,100,101643,100,99895,100,101680,100,99890,100
2019-06-28 10:08:18.690411487,100136,256,100029,156,100520,251,99996,251,100521,251,99980,251,100595,100,99951,100,100664,200,99915,100,100675,200,99911,100,100788,100,99908,100,101089,100,99896,100,101643,100,99895,100,101680,100,99890,100
2019-06-28 10:08:20.000000000,100136,256,99996,256,100520,251,99980,251,100521,251,99951,251,100595,100,99915,100,100664,200,99911,100,100675,200,99908,100,100788,100,99896,100,101089,100,99895,100,101643,100,99890,100,101680,100,99888,100
2019-06-28 10:08:25.965320040,100136,256,100036,100,100520,251,99996,256,100521,251,99980,251,100595,100,99951,251,100664,200,99915,100,100675,200,99911,100,100788,100,99908,100,101089,100,99896,100,101643,100,99895,100,101680,100,99890,100
2019-06-28 10:08:30.000000000,100136,558,100036,558,100520,100,99996,100,100521,100,99980,100,100595,100,99951,100,100664,200,99915,100,100675,200,99911,100,100788,100,99908,100,101089,100,99896,100,101643,100,99895,100,101680,100,99890,100
2019-06-28 10:08:39.557864934,100136,558,100036,458,100520,100,99996,100,100521,100,99980,100,100595,100,99951,100,100664,200,99915,100,100675,200,99911,100,100788,100,99908,100,101089,100,99896,100,101643,100,99895,100,101680,100,99890,100
2019-06-28 10:08:40.000000000,100136,214,99996,214,100520,214,99980,214,100521,214,99951,214,100595,214,99915,214,100664,200,99911,100,100675,200,99908,100,100788,100,99896,100,101089,100,99895,100,101643,100,99890,100,101680,100,99888,100
2019-06-28 10:08:45.797455741,100136,214,99996,214,100520,214,99980,214,100521,214,99951,214,100595,214,99915,214,100664,200,99911,100,100675,200,99908,100,100788,100,99896,100,101089,100,99895,100,101643,100,99890,100,101680,100,99888,100
2019-06-28 10:08:50.000000000,100136,329,99996,329,100520,329,99980,329,100521,100,99951,100,100595,100,99915,100,100664,200,99911,100,100675,200,99908,100,100788,100,99896,100,101089,100,99895,100,101643,100,99890,100,101680,100,99888,100
2019-06-28 10:09:00.000000000,100136,329,99996,329,100520,329,99980,329,100521,100,99951,100,100595,100,99915,100,100664,200,99911,100,100675,200,99908,100,100788,100,99896,100,101089,100,99895,100,101643,100,99890,100,101680,100,99888,100
2019-06-28 10:09:05.009244552,100136,329,99996,229,100520,329,99980,329,100521,100,99951,100,100595,100,99915,100,100664,200,99911,100,100675,200,99908,100,100788,100,99896,100,101089,100,99895,100,101643,100,99890,100,101680,100,99872,100
2019-06-28 10:09:09.465053787,100136,329,99996,129,100520,329,99980,329,100521,100,99951,100,100595,100,99915,100,100664,200,99911,100,100675,200,99908,100,100788,100,99896,100,101089,100,99895,100,101643,100,99890,100,101680,100,99872,100
2019-06-28 10:09:10.000000000,100136,214,99980,214,100520,214,99951,214,100521,214,99915,214,100595,214,99911,214,100664,200,99908,100,100675,200,99896,100,100788,100,99895,100,101089,100,99890,100,101643,100,99872,100,101680,100,99867,100
2019-06-28 10:09:13.442653200,99996,100,99980,214,100136,214,99951,214,100520,214,99915,214,100521,214,99911,214,100595,214,99908,100,100664,200,99896,100,100675,100,99895,100,100788,100,99890,100,101089,100,99872,100,101643,100,99867,100
2019-06-28 10:09:17.541223587,99996,100,99980,214,100136,214,99951,214,100520,214,99915,214,100521,214,99911,214,100595,214,99908,100,100664,200,99896,100,100675,100,99895,100,100788,100,99890,100,101089,100,99872,100,101643,100,99867,100
2019-06-28 10:09:20.000000000,99996,558,99980,558,100136,100,99951,100,100520,100,99915,100,100521,100,99911,100,100595,100,99908,100,100664,200,99896,100,100675,100,99895,100,100788,100,99890,100,101089,100,99872,100,101643,100,99867,100
2019-06-28 10:09:30.000000000,99996,192,99980,192,100136,192,99951,192,100520,192,99915,192,100521,192,99911,192,100595,192,99908,192,100664,200,99896,100,100675,100,99895,100,100788,100,99890,100,101089,100,99872,100,101643,100,99867,100
2019-06-28 10:09:30.486415087,99996,192,99980,92,100136,192,99951,192,100520,192,99915,192,100521,192,99911,192,100595,192,99908,192,100664,200,99896,100,100675,100,99895,100,100788,100,99890,100,101089,100,99872,100,101643,100,99867,100
2019-06-28 10:09:34.822559877,99980,8,99951,192,99996,192,99915,192,100136,192,99911,192,100520,192,99908,192,100521,192,99896,100,100595,192,99895,100,100664,200,99890,100,100675,100,99872,100,100788,100,99867,100,101089,100,99863,100
2019-06-28 10:09:35.293703316,99980,8,99951,192,99996,192,99915,192,100136,192,99911,192,100520,192,99908,192,100521,192,99896,100,100595,192,99895,100,100664,200,99890,100,100675,100,99872,100,100788,100,99867,100,101089,100,99863,100
2019-06-28 10:09:40.000000000,99980,237,99951,329,99996,329,99915,329,100136,100,99911,100,100520,100,99908,100,100521,100,99896,100,100595,100,99895,100,100664,200,99890,100,100675,100,99872,100,100788,100,99867,100,101089,100,99863,100
2019-06-28 10:09:50.000000000,99980,100,99951,192,99996,192,99915,192,100136,192,99911,192,100520,192,99908,192,100521,192,99896,192,100595,100,99895,100,100664,200,99890,100,100675,100,99872,100,100788,100,99867,100,101089,100,99863,100
2019-06-28 10:09:52.253509546,99980,100,99951,92,99996,192,99915,192,100136,192,99911,192,100520,192,99908,192,100521,192,99896,192,100595,100,99895,100,100664,200,99890,100,100675,100,99872,100,100788,100,99867,100,101089,100,99863,100
2019-06-28 10:09:55.446727846,99980,100,99951,92,99996,192,99915,192,100136,192,99911,192,100520,192,99908,192,100521,192,99896,192,100595,100,99895,100,100664,200,99890,100,100675,100,99872,100,100788,100,99867,100,101089,100,99863,100
2019-06-28 10:09:59.020200362,99979,100,99951,92,99980,100,99915,192,99996,192,99911,192,100136,192,99908,192,100520,192,99896,192,100521,192,99895,100,100595,100,99890,100,100664,200,99872,100,100675,100,99867,100,100788,100,99863,100
2019-06-28 10:10:00.000000000,99979,329,99915,329,99980,237,99911,329,99996,100,99908,100,100136,100,99896,100,100520,100,99895,100,100521,100,99890,100,100595,100,99872,100,100664,200,99867,100,100675,100,99863,100,100788,100,99851,100
2019-06-28 10:10:10.000000000,99979,192,99915,192,99980,100,99911,192,99996,192,99908,192,100136,192,99896,192,100520,192,99895,192,100521,100,99890,100,100595,100,99872,100,100664,200,99867,100,100675,100,99863,100,100788,100,99851,100
