,ask_price_1,ask_size_1,bid_price_1,bid_size_1,ask_price_2,ask_size_2,bid_price_2,bid_size_2,ask_price_3,ask_size_3,bid_price_3,bid_size_3,ask_price_4,ask_size_4,bid_price_4,bid_size_4,ask_price_5,ask_size_5,bid_price_5,bid_size_5,ask_price_6,ask_size_6,bid_price_6,bid_size_6,ask_price_7,ask_size_7,bid_price_7,bid_size_7,ask_price_8,ask_size_8,bid_price_8,bid_size_8,ask_price_9,ask_size_9,bid_price_9,bid_size_9,ask_price_10,ask_size_10,bid_price_10,bid_size_10
2019-06-28 09:30:00.000000000,,,99946,100,,,,,,,,,,,,,,,,,,,,,,,,,,,,,,,,,,,,
2019-06-28 09:30:00.000000003,99995,100,99946,100,100009,100,,,100054,100,,,,,,,,,,,,,,,,,,,,,,,,,,,,,,
2019-06-28 09:30:00.000000004,99995,100,99957,100,100009,100,99946,100,100054,100,,,100083,100,,,,,,,,,,,,,,,,,,,,,,,,,,
2019-06-28 09:30:00.000000005,99995,100,99957,100,100009,100,99946,100,100054,100,,,100060,100,,,100083,100,,,,,,,,,,,,,,,,,,,,,,
2019-06-28 09:30:00.000000006,100054,100,99957,100,100060,100,99946,100,100083,100,,,,,,,,,,,,,,,,,,,,,,,,,,,,,,
2019-06-28 09:30:00.000000007,100054,100,99957,100,100060,100,99946,200,100083,100,,,,,,,,,,,,,,,,,,,,,,,,,,,,,,
2019-06-28 09:30:00.000000010,100025,100,99957,100,100054,100,99953,100,100060,100,99946,200,100083,100,,,,,,,,,,,,,,,,,,,,,,,,,,
2019-06-28 09:30:00.000000012,100025,100,99957,100,100037,100,99953,100,100054,100,99946,200,100060,100,99799,100,100083,100,,,,,,,,,,,,,,,,,,,,,,
2019-06-28 09:30:00.000000018,100025,100,99957,100,100037,100,99953,100,100054,100,99946,200,100060,100,99799,100,100083,100,,,100088,100,,,,,,,,,,,,,,,,,,
2019-06-28 09:30:00.000000023,100037,100,99957,100,100054,100,99953,100,100057,100,99946,200,100060,100,99799,100,100083,100,,,100088,100,,,,,,,,,,,,,,,,,,
2019-06-28 09:30:00.000000025,100025,100,99957,100,100037,100,99953,100,100054,100,99946,200,100057,100,99799,100,100060,100,,,100083,100,,,100088,100,,,,,,,,,,,,,,
2019-06-28 09:30:00.000000026,100025,100,99957,100,100037,100,99953,100,100054,100,99946,200,100057,100,99917,100,100060,100,99799,100,100083,100,,,100088,100,,,,,,,,,,,,,,
2019-06-28 09:30:00.000000027,100025,200,99967,100,100037,100,99957,100,100054,100,99953,100,100057,100,99946,200,100060,100,99917,100,100083,100,99799,100,100088,100,,,,,,,,,,,,,,
2019-06-28 09:30:00.000000028,100025,200,99967,100,100037,100,99957,100,100054,100,99953,100,100057,100,99946,200,100060,100,99917,100,100083,100,99910,100,100088,100,99799,100,,,,,,,,,,,,
2019-06-28 09:30:00.000000029,100025,200,99957,100,100037,100,99953,100,100054,100,99946,200,100057,100,99917,100,100060,100,99910,100,100083,100,99799,100,100088,100,,,,,,,,,,,,,,
2019-06-28 09:30:00.000000030,100025,200,99953,100,100037,100,99946,200,100054,100,99917,100,100057,100,99910,100,100060,100,99866,100,100083,100,99799,100,100088,100,,,,,,,,,,,,,,
2019-06-28 09:30:00.000000031,100025,200,99957,100,100037,100,99953,100,100054,100,99946,200,100057,100,99917,100,100060,100,99910,100,100083,100,99866,100,100088,100,99799,100,,,,,,,,,,,,
2019-06-28 09:30:00.000000034,99975,100,99957,100,100025,200,99953,100,100037,100,99946,200,100054,100,99917,100,100057,100,99910,100,100060,100,99866,100,100083,100,99799,100,100088,100,,,,,,,,,,
2019-06-28 09:30:00.000000035,99975,100,99957,100,100025,200,99953,100,100037,100,99946,200,100054,100,99917,100,100057,100,99910,100,100060,100,99866,100,100068,100,99799,100,100083,100,99789,100,100088,100,,,,,,
2019-06-28 09:30:00.000000036,99975,100,99957,100,100025,200,99953,100,100037,100,99946,200,100054,100,99917,100,100056,100,99910,100,100057,100,99866,100,100060,100,99799,100,100068,100,99789,100,100083,100,,,100088,100,,
2019-06-28 09:30:00.000000038,99975,100,99957,100,100025,200,99953,100,100037,100,99946,200,100054,100,99917,100,100056,100,99910,100,100057,100,99876,100,100060,100,99866,100,100068,100,99799,100,100083,100,99789,100,100088,100,,
2019-06-28 09:30:00.000000039,99975,100,99957,100,100025,200,99953,100,100031,100,99946,200,100037,100,99917,100,100054,100,99910,100,100056,100,99876,100,100057,100,99866,100,100060,100,99799,100,100068,100,99789,100,100083,100,,
2019-06-28 09:30:00.000000045,99975,100,99957,100,100025,200,99953,100,100031,100,99946,200,100037,100,99917,100,100054,100,99910,100,100056,100,99876,100,100057,100,99866,100,100060,100,99799,100,100068,100,99789,100,100083,100,99762,100
2019-06-28 09:30:00.000000046,99975,100,99957,100,100025,200,99953,100,100031,100,99946,200,100037,100,99925,100,100054,100,99917,100,100056,100,99910,100,100057,100,99876,100,100060,100,99866,100,100068,100,99799,100,100083,100,99789,100
2019-06-28 09:30:00.000000048,99975,100,99957,100,100025,200,99953,100,100031,100,99946,200,100037,100,99925,100,100054,100,99917,100,100056,100,99910,100,100057,100,99880,100,100060,100,99876,100,100068,100,99866,100,100083,100,99799,100
2019-06-28 09:30:00.000000049,99975,100,99957,300,100025,200,99953,100,100031,100,99946,200,100037,100,99925,100,100054,100,99917,100,100056,100,99910,100,100057,100,99880,100,100060,100,99876,100,100068,100,99866,100,100083,100,99799,100
2019-06-28 09:30:00.000000053,99975,100,99957,300,100025,200,99953,100,100031,100,99946,200,100037,100,99925,100,100054,100,99917,100,100056,100,99910,100,100057,100,99880,100,100060,100,99876,100,100064,100,99866,100,100068,100,99799,100
2019-06-28 09:30:00.000000055,99975,100,99957,400,100025,200,99953,100,100031,100,99946,200,100037,100,99925,100,100054,100,99922,100,100056,100,99917,100,100057,100,99910,100,100060,100,99880,100,100064,100,99876,100,100068,100,99866,100
2019-06-28 09:30:00.000000057,99967,100,99957,400,99975,100,99953,100,100025,200,99946,200,100031,100,99925,100,100037,100,99922,100,100054,100,99917,100,100056,100,99910,100,100057,100,99880,100,100060,100,99876,100,100064,100,99866,100
2019-06-28 09:30:00.000000063,99975,100,99957,400,100025,200,99953,100,100031,100,99946,200,100037,100,99925,100,100054,100,99922,100,100056,100,99917,100,100057,100,99910,100,100060,100,99887,100,100064,100,99880,100,100068,100,99876,100
2019-06-28 09:30:00.000000064,99975,100,99957,400,100025,200,99953,100,100031,100,99946,200,100037,100,99944,100,100054,100,99925,100,100056,100,99922,100,100057,100,99917,100,100060,100,99910,100,100064,100,99887,100,100068,100,99880,100
2019-06-28 09:30:00.000000067,99975,100,99958,100,100025,200,99957,400,100031,100,99953,100,100037,100,99946,200,100054,100,99944,100,100056,100,99925,100,100057,100,99922,100,100060,100,99917,100,100064,100,99910,100,100068,100,99887,100
2019-06-28 09:30:00.000000069,99975,100,99958,100,100025,200,99957,400,100031,100,99953,100,100037,100,99946,200,100045,100,99944,100,100054,100,99925,100,100056,100,99922,100,100057,100,99917,100,100060,100,99910,100,100064,100,99887,100
2019-06-28 09:30:00.000000073,99975,100,99958,100,100003,100,99957,400,100025,200,99953,100,100031,100,99946,200,100037,100,99944,100,100045,100,99925,100,100054,100,99922,100,100056,100,99917,100,100057,100,99910,100,100060,100,99887,100
2019-06-28 09:30:00.000000075,99975,100,99958,100,100003,100,99957,400,100010,100,99953,100,100025,200,99946,200,100031,100,99944,100,100037,100,99925,100,100045,100,99922,100,100054,100,99917,100,100056,100,99910,100,100057,100,99887,100
2019-06-28 09:30:00.000000077,99975,100,99958,200,100003,100,99957,400,100010,100,99953,100,100025,200,99946,200,100031,100,99944,100,100037,100,99925,100,100045,100,99922,100,100054,100,99917,100,100056,100,99910,100,100057,100,99887,100
2019-06-28 09:30:00.000000081,99975,100,99958,200,100003,100,99957,400,100010,100,99953,100,100025,200,99946,200,100031,100,99944,100,100037,100,99925,100,100045,100,99922,100,100054,100,99917,100,100056,100,99910,100,100057,100,99887,100
2019-06-28 09:30:00.000000083,99975,100,99958,300,99998,100,99957,400,100003,100,99956,100,100010,100,99953,100,100025,200,99946,200,100031,100,99944,100,100037,100,99925,100,100045,100,99922,100,100054,100,99917,100,100056,100,99910,100
2019-06-28 09:30:00.000000084,99975,100,99958,300,99998,100,99957,400,100003,100,99956,100,100010,100,99953,100,100025,200,99946,200,100031,100,99944,100,100037,100,99925,100,100045,100,99922,100,100054,100,99917,100,100056,100,99910,100
2019-06-28 09:30:00.000000087,99998,100,99958,300,100003,100,99957,400,100010,100,99956,100,100025,200,99953,100,100031,100,99946,200,100037,100,99944,100,100045,100,99925,100,100054,100,99922,100,100056,100,99917,100,100057,100,99910,100
2019-06-28 09:30:00.000000092,99998,100,99958,300,100003,100,99957,400,100010,100,99956,100,100025,200,99953,100,100031,100,99946,200,100037,100,99944,100,100045,100,99925,100,100054,100,99922,100,100056,100,99921,100,100057,100,99917,100
2019-06-28 09:30:00.000000095,99998,100,99958,300,100003,100,99957,400,100010,100,99956,100,100025,200,99953,100,100031,100,99946,200,100037,100,99944,100,100045,100,99925,100,100054,100,99922,100,100056,100,99921,100,100057,100,99917,100
2019-06-28 09:30:00.000000097,100003,100,99958,300,100010,100,99957,400,100025,200,99956,100,100031,100,99953,100,100037,100,99946,200,100045,100,99944,100,100054,100,99925,100,100056,100,99922,100,100057,100,99921,100,100060,100,99917,100
2019-06-28 09:30:00.000000098,100003,100,99958,300,100010,100,99957,400,100021,100,99956,100,100025,200,99953,100,100031,100,99946,200,100037,100,99944,100,100045,100,99925,100,100054,100,99922,100,100056,100,99921,100,100057,100,99917,100
2019-06-28 09:30:10.000000000,100003,164,99958,364,100010,164,99957,464,100021,164,99956,164,100025,264,99953,164,100031,100,99946,200,100037,100,99944,100,100045,100,99925,100,100054,100,99922,100,100056,100,99921,100,100057,100,99917,100
2019-06-28 09:30:20.000000000,100003,187,99958,387,100010,185,99957,485,100021,185,99956,185,100025,200,99953,100,100031,100,99946,200,100037,100,99944,100,100045,100,99925,100,100054,100,99922,100,100056,100,99921,100,100057,100,99917,100
2019-06-28 09:30:20.521834263,100003,187,99958,387,100010,185,99957,485,100021,185,99956,185,100025,200,99953,100,100031,100,99946,200,100037,100,99944,100,100045,100,99925,100,100054,100,99922,100,100056,100,99921,100,100057,100,99917,100
2019-06-28 09:30:23.768243426,100003,187,99958,287,100010,185,99957,485,100021,185,99956,185,100025,200,99953,100,100031,100,99946,200,100037,100,99944,100,100045,100,99925,100,100054,100,99922,100,100056,100,99921,100,100057,100,99917,100
2019-06-28 09:30:27.500131123,100003,187,99958,287,100010,185,99957,485,100021,185,99956,185,100025,200,99953,100,100031,100,99946,200,100037,100,99944,100,100045,100,99925,100,100054,100,99922,100,100056,100,99921,100,100057,100,99917,100
2019-06-28 09:30:30.000000000,100003,187,99958,287,100010,185,99957,485,100021,185,99956,185,100025,200,99953,100,100031,100,99946,200,100037,100,99944,100,100045,100,99925,100,100054,100,99922,100,100056,100,99921,100,100057,100,99917,100
2019-06-28 09:30:40.000000000,100003,151,99958,251,100010,151,99957,451,100021,151,99956,151,100025,251,99953,151,100031,151,99946,251,100037,100,99944,100,100045,100,99925,100,100054,100,99922,100,100056,100,99921,100,100057,100,99917,100
2019-06-28 09:30:50.000000000,100003,357,99958,457,100010,100,99957,400,100021,100,99956,100,100025,200,99953,100,100031,100,99946,200,100037,100,99944,100,100045,100,99925,100,100054,100,99922,100,100056,100,99921,100,100057,100,99917,100
2019-06-28 09:30:53.336025203,100003,257,99958,457,100010,100,99957,400,100021,100,99956,100,100025,200,99953,100,100031,100,99946,200,100037,100,99944,100,100045,100,99925,100,100054,100,99922,100,100056,100,99921,100,100057,100,99917,100
2019-06-28 09:30:53.713830162,100003,257,99958,457,100010,100,99957,400,100021,100,99956,100,100025,100,99953,100,100031,100,99946,200,100037,100,99944,100,100045,100,99925,100,100054,100,99922,100,100056,100,99921,100,100057,100,99917,100
2019-06-28 09:31:00.000000000,100010,187,99958,287,100021,185,99957,485,100025,185,99956,185,100031,100,99953,100,100037,100,99946,200,100045,100,99944,100,100054,100,99925,100,100056,100,99922,100,100057,100,99921,100,100060,100,99917,100
2019-06-28 09:31:04.968573151,100010,187,99959,100,100021,185,99958,287,100025,185,99957,485,100031,100,99956,185,100037,100,99953,100,100045,100,99946,200,100054,100,99944,100,100056,100,99925,100,100057,100,99922,100,100060,100,99921,100
2019-06-28 09:31:10.000000000,100010,228,99959,228,100021,228,99958,328,100025,100,99957,400,100031,100,99956,100,100037,100,99953,100,100045,100,99946,200,100054,100,99944,100,100056,100,99925,100,100057,100,99922,100,100060,100,99921,100
2019-06-28 09:31:12.032923998,100010,228,100005,100,100021,228,99959,228,100025,100,99958,328,100031,100,99957,400,100037,100,99956,100,100045,100,99953,100,100054,100,99946,200,100056,100,99944,100,100057,100,99925,100,100060,100,99922,100
2019-06-28 09:31:16.331686722,100010,228,100005,100,100021,228,99959,228,100025,100,99958,328,100031,100,99957,400,100037,100,99956,100,100045,100,99953,100,100054,100,99946,200,100056,100,99944,100,100057,100,99925,100,100060,100,99922,100
2019-06-28 09:31:20.000000000,100010,164,100005,164,100021,164,99959,164,100025,164,99958,264,100031,164,99957,464,100037,100,99956,100,100045,100,99953,100,100054,100,99946,200,100056,100,99944,100,100057,100,99925,100,100060,100,99922,100
2019-06-28 09:31:20.595904053,100010,164,100005,164,100021,164,99959,164,100025,164,99958,264,100031,164,99957,464,100037,100,99956,100,100045,100,99953,100,100054,100,99946,200,100056,100,99944,100,100057,100,99925,100,100060,100,99922,100
2019-06-28 09:31:30.000000000,100010,228,100005,228,100021,228,99959,228,100025,100,99958,200,100031,100,99957,400,100037,100,99956,100,100045,100,99953,100,100054,100,99946,200,100056,100,99944,100,100057,100,99925,100,100060,100,99922,100
2019-06-28 09:31:33.157903454,100010,228,100005,228,100021,228,99959,228,100025,100,99958,200,100031,100,99957,400,100035,100,99956,100,100037,100,99946,200,100045,100,99944,100,100054,100,99925,100,100056,100,99922,100,100057,100,99921,100
2019-06-28 09:31:40.000000000,100010,164,100005,164,100021,164,99959,164,100025,164,99958,264,100031,164,99957,464,100035,100,99956,100,100037,100,99946,200,100045,100,99944,100,100054,100,99925,100,100056,100,99922,100,100057,100,99921,100
2019-06-28 09:31:44.871069944,100010,164,100005,64,100021,164,99959,164,100025,164,99958,264,100031,164,99957,464,100035,100,99956,100,100037,100,99946,200,100045,100,99944,100,100054,100,99925,100,100056,100,99922,100,100057,100,99921,100
2019-06-28 09:31:50.000000000,100010,164,99959,164,100021,164,99958,264,100025,164,99957,464,100031,164,99956,164,100035,100,99946,200,100037,100,99944,100,100045,100,99925,100,100054,100,99922,100,100056,100,99921,100,100057,100,99917,100
2019-06-28 09:31:55.379742345,100010,164,99959,164,100021,164,99958,264,100025,164,99957,464,100031,164,99956,164,100035,100,99946,200,100037,100,99944,100,100045,100,99925,100,100054,100,99922,100,100056,100,99921,100,100057,100,99910,100
2019-06-28 09:32:00.000000000,100010,164,99959,164,100021,164,99958,264,100025,164,99957,464,100031,164,99956,164,100035,100,99946,200,100037,100,99944,100,100045,100,99925,100,100054,100,99922,100,100056,100,99921,100,100057,100,99910,100
2019-06-28 09:32:09.576067447,100010,164,99959,164,100021,164,99958,264,100025,164,99957,464,100031,164,99956,164,100035,100,99946,200,100037,100,99944,100,100045,100,99936,100,100054,100,99925,100,100056,100,99922,100,100057,100,99921,100
2019-06-28 09:32:10.000000000,100010,151,99959,151,100021,151,99958,251,100025,151,99957,451,100031,151,99956,151,100035,151,99946,251,100037,100,99944,100,100045,100,99936,100,100054,100,99925,100,100056,100,99922,100,100057,100,99921,100
2019-06-28 09:32:20.000000000,100010,164,99959,164,100021,164,99958,264,100025,164,99957,464,100031,164,99956,164,100035,100,99946,200,100037,100,99944,100,100045,100,99936,100,100054,100,99925,100,100056,100,99922,100,100057,100,99921,100
2019-06-28 09:32:27.991330685,100010,164,99959,64,100021,164,99958,264,100025,164,99957,464,100031,164,99956,164,100035,100,99946,200,100037,100,99944,100,100045,100,99936,100,100054,100,99925,100,100056,100,99922,100,100057,100,99921,100
2019-06-28 09:32:30.000000000,100010,228,99958,328,100021,228,99957,528,100025,100,99956,100,100031,100,99946,200,100035,100,99944,100,100037,100,99936,100,100045,100,99925,100,100054,100,99922,100,100056,100,99921,100,100057,100,99910,100
2019-06-28 09:32:40.000000000,100010,228,99958,328,100021,228,99957,528,100025,100,99956,100,100031,100,99946,200,100035,100,99944,100,100037,100,99936,100,100045,100,99925,100,100054,100,99922,100,100056,100,99921,100,100057,100,99910,100
2019-06-28 09:32:50.000000000,100010,164,99958,264,100021,164,99957,464,100025,164,99956,164,100031,164,99946,264,100035,100,99944,100,100037,100,99936,100,100045,100,99925,100,100054,100,99922,100,100056,100,99921,100,100057,100,99910,100
2019-06-28 09:33:00.000000000,100010,357,99958,457,100021,100,99957,400,100025,100,99956,100,100031,100,99946,200,100035,100,99944,100,100037,100,99936,100,100045,100,99925,100,100054,100,99922,100,100056,100,99921,100,100057,100,99910,100
2019-06-28 09:33:06.837965223,100010,357,99958,457,100021,100,99957,400,100025,100,99956,100,100031,100,99946,200,100035,100,99944,100,100037,100,99936,100,100045,100,99925,100,100054,100,99922,100,100056,100,99921,100,100057,100,99910,100
2019-06-28 09:33:10.000000000,100010,228,99958,328,100021,228,99957,528,100025,100,99956,100,100031,100,99946,200,100035,100,99944,100,100037,100,99936,100,100045,100,99925,100,100054,100,99922,100,100056,100,99921,100,100057,100,99910,100
2019-06-28 09:33:16.615320475,100010,228,99958,328,100021,228,99957,528,100025,100,99956,100,100031,100,99946,200,100035,100,99944,100,100037,100,99936,100,100045,100,99925,100,100054,100,99922,100,100056,100,99921,100,100057,100,99910,100
2019-06-28 09:33:20.000000000,100010,187,99958,287,100021,185,99957,485,100025,185,99956,185,100031,100,99946,200,100035,100,99944,100,100037,100,99936,100,100045,100,99925,100,100054,100,99922,100,100056,100,99921,100,100057,100,99910,100
2019-06-28 09:33:30.000000000,100010,357,99958,457,100021,100,99957,400,100025,100,99956,100,100031,100,99946,200,100035,100,99944,100,100037,100,99936,100,100045,100,99925,100,100054,100,99922,100,100056,100,99921,100,100057,100,99910,100
2019-06-28 09:33:40.000000000,100010,187,99958,287,100021,185,99957,485,100025,185,99956,185,100031,100,99946,200,100035,100,99944,100,100037,100,99936,100,100045,100,99925,100,100054,100,99922,100,100056,100,99921,100,100057,100,99910,100
2019-06-28 09:33:50.000000000,100010,228,99958,328,100021,228,99957,528,100025,100,99956,100,100031,100,99946,200,100035,100,99944,100,100037,100,99936,100,100045,100,99925,100,100054,100,99922,100,100056,100,99921,100,100057,100,99910,100
2019-06-28 09:34:00.000000000,100010,228,99958,328,100021,228,99957,528,100025,100,99956,100,100031,100,99946,200,100035,100,99944,100,100037,100,99936,100,100045,100,99925,100,100054,100,99922,100,100056,100,99921,100,100057,100,99910,100
2019-06-28 09:34:10.000000000,100010,357,99958,457,100021,100,99957,400,100025,100,99956,100,100031,100,99946,200,100035,100,99944,100,100037,100,99936,100,100045,100,99925,100,100054,100,99922,100,100056,100,99921,100,100057,100,99910,100
2019-06-28 09:34:20.000000000,100010,187,99958,287,100021,185,99957,485,100025,185,99956,185,100031,100,99946,200,100035,100,99944,100,100037,100,99936,100,100045,100,99925,100,100054,100,99922,100,100056,100,99921,100,100057,100,99910,100
2019-06-28 09:34:30.000000000,100010,151,99958,251,100021,151,99957,451,100025,151,99956,151,100031,151,99946,251,100035,151,99944,151,100037,100,99936,100,100045,100,99925,100,100054,100,99922,100,100056,100,99921,100,100057,100,99910,100
2019-06-28 09:34:31.332770312,100010,151,99958,251,100021,151,99957,451,100025,151,99956,151,100031,151,99946,251,100035,151,99944,151,100037,100,99936,100,100045,100,99925,100,100048,100,99922,100,100054,100,99921,100,100056,100,99910,100
2019-06-28 09:34:32.509864151,100010,151,99958,251,100021,151,99957,451,100025,151,99956,151,100031,151,99946,251,100035,151,99944,151,100037,100,99936,100,100045,100,99925,100,100048,100,99922,100,100054,100,99921,100,100056,100,99910,100
2019-06-28 09:34:32.951852071,100010,151,99958,251,100021,151,99957,451,100025,151,99956,151,100031,151,99946,251,100035,151,99944,151,100037,100,99936,100,100045,100,99925,100,100048,100,99922,100,100054,100,99921,100,100056,100,99910,100
2019-06-28 09:34:40.000000000,100010,228,99958,328,100021,228,99957,528,100025,100,99956,100,100031,100,99946,200,100035,100,99944,100,100037,100,99936,100,100045,100,99925,100,100048,100,99922,100,100054,100,99921,100,100056,100,99910,100
2019-06-28 09:34:50.000000000,100010,228,99958,328,100021,228,99957,528,100025,100,99956,100,100031,100,99946,200,100035,100,99944,100,100037,100,99936,100,100045,100,99925,100,100048,100,99922,100,100054,100,99921,100,100056,100,99910,100
2019-06-28 09:34:53.967683814,100005,100,99958,328,100010,228,99957,428,100021,228,99956,100,100025,100,99946,200,100031,100,99944,100,100035,100,99936,100,100037,100,99925,100,100045,100,99922,100,100048,100,99921,100,100054,100,99910,100
2019-06-28 09:34:59.315678873,100005,200,99958,328,100010,228,99957,428,100021,228,99956,100,100025,100,99946,200,100031,100,99944,100,100035,100,99936,100,100037,100,99925,100,100045,100,99922,100,100048,100,99921,100,100054,100,99910,100
2019-06-28 09:35:00.000000000,100005,251,99958,251,100010,151,99957,351,100021,151,99956,151,100025,151,99946,251,100031,151,99944,151,100035,100,99936,100,100037,100,99925,100,100045,100,99922,100,100048,100,99921,100,100054,100,99910,100
2019-06-28 09:35:00.408496826,100005,251,99958,151,100010,151,99957,351,100021,151,99956,151,100025,151,99946,251,100031,151,99944,151,100035,100,99936,100,100037,100,99925,100,100048,100,99922,100,100054,100,99921,100,100056,100,99910,100
2019-06-28 09:35:10.000000000,100005,457,99958,357,100010,100,99957,300,100021,100,99956,100,100025,100,99946,200,100031,100,99944,100,100035,100,99936,100,100037,100,99925,100,100048,100,99922,100,100054,100,99921,100,100056,100,99910,100
2019-06-28 09:35:20.000000000,100005,264,99958,164,100010,164,99957,364,100021,164,99956,164,100025,164,99946,264,100031,100,99944,100,100035,100,99936,100,100037,100,99925,100,100048,100,99922,100,100054,100,99921,100,100056,100,99910,100
2019-06-28 09:35:30.000000000,100005,457,99958,357,100010,100,99957,300,100021,100,99956,100,100025,100,99946,200,100031,100,99944,100,100035,100,99936,100,100037,100,99925,100,100048,100,99922,100,100054,100,99921,100,100056,100,99910,100
2019-06-28 09:35:40.000000000,100005,287,99958,187,100010,185,99957,385,100021,185,99956,185,100025,100,99946,200,100031,100,99944,100,100035,100,99936,100,100037,100,99925,100,100048,100,99922,100,100054,100,99921,100,100056,100,99910,100
2019-06-28 09:35:50.000000000,100005,264,99958,164,100010,164,99957,364,100021,164,99956,164,100025,164,99946,264,100031,100,99944,100,100035,100,99936,100,100037,100,99925,100,100048,100,99922,100,100054,100,99921,100,100056,100,99910,100
2019-06-28 09:36:00.000000000,100005,457,99958,357,100010,100,99957,300,100021,100,99956,100,100025,100,99946,200,100031,100,99944,100,100035,100,99936,100,100037,100,99925,100,100048,100,99922,100,100054,100,99921,100,100056,100,99910,100
2019-06-28 09:36:10.000000000,100005,264,99958,164,100010,164,99957,364,100021,164,99956,164,100025,164,99946,264,100031,100,99944,100,100035,100,99936,100,100037,100,99925,100,100048,100,99922,100,100054,100,99921,100,100056,100,99910,100
2019-06-28 09:36:10.170190054,100005,264,99958,64,100010,164,99957,364,100021,164,99956,164,100025,164,99946,264,100031,100,99944,100,100035,100,99936,100,100037,100,99925,100,100048,100,99922,100,100054,100,99921,100,100056,100,99910,100
2019-06-28 09:36:14.302952585,100005,164,99958,64,100010,164,99957,364,100021,164,99956,164,100025,164,99946,264,100031,100,99944,100,100035,100,99936,100,100037,100,99925,100,100048,100,99922,100,100054,100,99921,100,100056,100,99910,100
2019-06-28 09:36:20.000000000,100005,151,99957,351,100010,151,99956,151,100021,151,99946,251,100025,151,99944,151,100031,151,99936,151,100035,100,99925,100,100037,100,99922,100,100048,100,99921,100,100054,100,99910,100,100056,100,99887,100
2019-06-28 09:36:30.000000000,100005,357,99957,557,100010,100,99956,100,100021,100,99946,200,100025,100,99944,100,100031,100,99936,100,100035,100,99925,100,100037,100,99922,100,100048,100,99921,100,100054,100,99910,100,100056,100,99887,100
2019-06-28 09:36:40.000000000,100005,187,99957,387,100010,185,99956,185,100021,185,99946,285,100025,100,99944,100,100031,100,99936,100,100035,100,99925,100,100037,100,99922,100,100048,100,99921,100,100054,100,99910,100,100056,100,99887,100
2019-06-28 09:36:50.000000000,100005,187,99957,387,100010,185,99956,185,100021,185,99946,285,100025,100,99944,100,100031,100,99936,100,100035,100,99925,100,100037,100,99922,100,100048,100,99921,100,100054,100,99910,100,100056,100,99887,100
2019-06-28 09:36:52.505471093,100005,187,99957,387,100010,185,99956,185,100021,185,99946,285,100025,100,99944,100,100031,100,99936,100,100035,100,99925,100,100037,100,99922,100,100048,100,99921,100,100054,100,99910,100,100056,100,99887,100
2019-06-28 09:36:54.529548166,100005,187,99957,387,100010,185,99956,185,100021,185,99946,285,100025,100,99944,100,100031,100,99936,100,100035,100,99925,100,100037,100,99922,100,100048,100,99921,100,100054,100,99910,100,100056,100,99887,100
2019-06-28 09:36:56.136925591,100005,187,99957,387,100010,185,99956,185,100021,185,99946,285,100025,100,99944,100,100031,100,99936,100,100035,100,99925,100,100037,100,99922,100,100048,100,99921,100,100054,100,99910,100,100056,100,99887,100
2019-06-28 09:37:00.000000000,100005,228,99957,428,100010,228,99956,228,100021,100,99946,200,100025,100,99944,100,100031,100,99936,100,100035,100,99925,100,100037,100,99922,100,100048,100,99921,100,100054,100,99910,100,100056,100,99887,100
2019-06-28 09:37:08.504640362,100005,228,99998,100,100010,228,99957,428,100021,100,99956,228,100025,100,99946,200,100031,100,99944,100,100035,100,99936,100,100037,100,99925,100,100048,100,99922,100,100054,100,99921,100,100056,100,99910,100
2019-06-28 09:37:10.000000000,100005,151,99998,151,100010,151,99957,351,100021,151,99956,151,100025,151,99946,251,100031,151,99944,151,100035,100,99936,100,100037,100,99925,100,100048,100,99922,100,100054,100,99921,100,100056,100,99910,100
2019-06-28 09:37:18.374344525,100005,151,99998,151,100010,151,99957,351,100021,151,99956,151,100025,151,99946,251,100031,151,99944,151,100035,100,99936,100,100037,100,99925,100,100048,100,99922,100,100054,100,99921,100,100056,100,99910,100
2019-06-28 09:37:20.000000000,100005,228,99998,228,100010,228,99957,428,100021,100,99956,100,100025,100,99946,200,100031,100,99944,100,100035,100,99936,100,100037,100,99925,100,100048,100,99922,100,100054,100,99921,100,100056,100,99910,100
2019-06-28 09:37:28.551266613,100005,128,99998,228,100010,228,99957,428,100021,100,99956,100,100025,100,99946,200,100031,100,99944,100,100035,100,99936,100,100037,100,99925,100,100048,100,99922,100,100054,100,99921,100,100056,100,99910,100
2019-06-28 09:37:30.000000000,100010,151,99998,151,100021,151,99957,351,100025,151,99956,151,100031,151,99946,251,100035,151,99944,151,100037,100,99936,100,100048,100,99925,100,100054,100,99922,100,100056,100,99921,100,100057,100,99910,100
2019-06-28 09:37:40.000000000,100010,187,99998,187,100021,185,99957,385,100025,185,99956,185,100031,100,99946,200,100035,100,99944,100,100037,100,99936,100,100048,100,99925,100,100054,100,99922,100,100056,100,99921,100,100057,100,99910,100
2019-06-28 09:37:50.000000000,100010,187,99998,187,100021,185,99957,385,100025,185,99956,185,100031,100,99946,200,100035,100,99944,100,100037,100,99936,100,100048,100,99925,100,100054,100,99922,100,100056,100,99921,100,100057,100,99910,100
2019-06-28 09:38:00.000000000,100010,164,99998,164,100021,164,99957,364,100025,164,99956,164,100031,164,99946,264,100035,100,99944,100,100037,100,99936,100,100048,100,99925,100,100054,100,99922,100,100056,100,99921,100,100057,100,99910,100
2019-06-28 09:38:00.883523092,100010,164,99998,164,100021,164,99957,364,100025,164,99956,164,100031,64,99946,264,100035,100,99944,100,100037,100,99936,100,100048,100,99925,100,100054,100,99922,100,100056,100,99921,100,100057,100,99910,100
2019-06-28 09:38:10.000000000,100010,187,99998,187,100021,185,99957,385,100025,185,99956,185,100035,100,99946,200,100037,100,99944,100,100048,100,99936,100,100054,100,99925,100,100056,100,99922,100,100057,100,99921,100,100064,100,99910,100
2019-06-28 09:38:20.000000000,100010,164,99998,164,100021,164,99957,364,100025,164,99956,164,100035,164,99946,264,100037,100,99944,100,100048,100,99936,100,100054,100,99925,100,100056,100,99922,100,100057,100,99921,100,100064,100,99910,100
2019-06-28 09:38:30.000000000,100010,164,99998,164,100021,164,99957,364,100025,164,99956,164,100035,164,99946,264,100037,100,99944,100,100048,100,99936,100,100054,100,99925,100,100056,100,99922,100,100057,100,99921,100,100064,100,99910,100
2019-06-28 09:38:37.875844264,100010,64,99998,164,100021,164,99957,364,100025,164,99956,164,100035,164,99946,264,100037,100,99944,100,100048,100,99936,100,100054,100,99925,100,100056,100,99922,100,100057,100,99921,100,100064,100,99910,100
2019-06-28 09:38:40.000000000,100021,151,99998,151,100025,151,99957,351,100035,151,99956,151,100037,151,99946,251,100048,151,99944,151,100054,100,99936,100,100056,100,99925,100,100057,100,99922,100,100064,100,99921,100,100068,100,99910,100
2019-06-28 09:38:50.000000000,100021,228,99998,228,100025,228,99957,428,100035,100,99956,100,100037,100,99946,200,100048,100,99944,100,100054,100,99936,100,100056,100,99925,100,100057,100,99922,100,100064,100,99921,100,100068,100,99910,100
2019-06-28 09:38:52.338332741,100021,228,99998,128,100025,228,99957,428,100035,100,99956,100,100037,100,99946,200,100048,100,99944,100,100054,100,99936,100,100056,100,99925,100,100057,100,99922,100,100064,100,99921,100,100068,100,99910,100
2019-06-28 09:38:59.301709945,100021,228,99998,128,100025,228,99957,328,100035,100,99956,100,100037,100,99946,200,100048,100,99944,100,100054,100,99936,100,100056,100,99925,100,100057,100,99922,100,100064,100,99921,100,100068,100,99910,100
2019-06-28 09:39:00.000000000,100021,357,99957,457,100025,100,99956,100,100035,100,99946,200,100037,100,99944,100,100048,100,99936,100,100054,100,99925,100,100056,100,99922,100,100057,100,99921,100,100064,100,99910,100,100068,100,99887,100
2019-06-28 09:39:10.000000000,100021,357,99957,457,100025,100,99956,100,100035,100,99946,200,100037,100,99944,100,100048,100,99936,100,100054,100,99925,100,100056,100,99922,100,100057,100,99921,100,100064,100,99910,100,100068,100,99887,100
2019-06-28 09:39:14.527902655,100021,357,99999,100,100025,100,99957,457,100035,100,99956,100,100037,100,99946,200,100048,100,99944,100,100054,100,99936,100,100056,100,99925,100,100057,100,99922,100,100064,100,99921,100,100068,100,99910,100
2019-06-28 09:39:20.000000000,100021,357,99999,357,100025,100,99957,200,100035,100,99956,100,100037,100,99946,200,100048,100,99944,100,100054,100,99936,100,100056,100,99925,100,100057,100,99922,100,100064,100,99921,100,100068,100,99910,100
2019-06-28 09:39:30.000000000,100021,357,99999,357,100025,100,99957,200,100035,100,99956,100,100037,100,99946,200,100048,100,99944,100,100054,100,99936,100,100056,100,99925,100,100057,100,99922,100,100064,100,99921,100,100068,100,99910,100
2019-06-28 09:39:30.481965643,100021,357,99999,257,100025,100,99957,200,100035,100,99956,100,100037,100,99946,200,100048,100,99944,100,100054,100,99936,100,100056,100,99925,100,100057,100,99922,100,100064,100,99921,100,100068,100,99910,100
2019-06-28 09:39:36.597958575,100021,357,99999,157,100025,100,99957,200,100035,100,99956,100,100037,100,99946,200,100048,100,99944,100,100054,100,99936,100,100056,100,99925,100,100057,100,99922,100,100064,100,99921,100,100068,100,99910,100
2019-06-28 09:39:40.000000000,100021,164,99957,264,100025,164,99956,164,100035,164,99946,264,100037,164,99944,164,100048,100,99936,100,100054,100,99925,100,100056,100,99922,100,100057,100,99921,100,100064,100,99910,100,100068,100,99887,100
2019-06-28 09:39:42.254686847,100021,164,99957,264,100025,164,99956,164,100035,164,99946,264,100037,164,99944,164,100048,100,99936,100,100056,100,99925,100,100057,100,99922,100,100064,100,99921,100,100068,100,99910,100,100072,100,99887,100
2019-06-28 09:39:50.000000000,100021,151,99957,251,100025,151,99956,151,100035,151,99946,251,100037,151,99944,151,100048,151,99936,151,100056,100,99925,100,100057,100,99922,100,100064,100,99921,100,100068,100,99910,100,100072,100,99887,100
2019-06-28 09:39:51.255679830,100021,151,100000,100,100025,151,99957,251,100035,151,99956,151,100037,151,99946,251,100048,151,99944,151,100056,100,99936,151,100057,100,99925,100,100064,100,99922,100,100068,100,99921,100,100072,100,99910,100
2019-06-28 09:40:00.000000000,100021,164,100000,164,100025,164,99957,264,100035,164,99956,164,100037,164,99946,264,100048,100,99944,100,100056,100,99936,100,100057,100,99925,100,100064,100,99922,100,100068,100,99921,100,100072,100,99910,100
2019-06-28 09:40:10.000000000,100021,228,100000,228,100025,228,99957,328,100035,100,99956,100,100037,100,99946,200,100048,100,99944,100,100056,100,99936,100,100057,100,99925,100,100064,100,99922,100,100068,100,99921,100,100072,100,99910,100
2019-06-28 09:40:20.000000000,100021,151,100000,151,100025,151,99957,251,100035,151,99956,151,100037,151,99946,251,100048,151,99944,151,100056,100,99936,100,100057,100,99925,100,100064,100,99922,100,100068,100,99921,100,100072,100,99910,100
2019-06-28 09:40:30.000000000,100021,357,100000,357,100025,100,99957,200,100035,100,99956,100,100037,100,99946,200,100048,100,99944,100,100056,100,99936,100,100057,100,99925,100,100064,100,99922,100,100068,100,99921,100,100072,100,99910,100
2019-06-28 09:40:30.494173320,100021,357,100000,257,100025,100,99957,200,100035,100,99956,100,100037,100,99946,200,100048,100,99944,100,100056,100,99936,100,100057,100,99925,100,100064,100,99922,100,100068,100,99921,100,100072,100,99910,100
2019-06-28 09:40:40.000000000,100021,228,99957,328,100025,228,99956,228,100035,100,99946,200,100037,100,99944,100,100048,100,99936,100,100056,100,99925,100,100057,100,99922,100,100064,100,99921,100,100068,100,99910,100,100072,100,99887,100
2019-06-28 09:40:50.000000000,100021,164,99957,264,100025,164,99956,164,100035,164,99946,264,100037,164,99944,164,100048,100,99936,100,100056,100,99925,100,100057,100,99922,100,100064,100,99921,100,100068,100,99910,100,100072,100,99887,100
2019-06-28 09:40:57.971592603,100000,100,99957,264,100021,164,99956,164,100025,164,99946,264,100035,164,99944,164,100037,164,99936,100,100048,100,99925,100,100056,100,99922,100,100057,100,99921,100,100064,100,99910,100,100068,100,99887,100
2019-06-28 09:41:00.000000000,100000,164,99957,264,100021,164,99956,164,100025,164,99946,264,100035,164,99944,164,100037,100,99936,100,100048,100,99925,100,100056,100,99922,100,100057,100,99921,100,100064,100,99910,100,100068,100,99887,100
2019-06-28 09:41:10.000000000,100000,187,99957,287,100021,185,99956,185,100025,185,99946,285,100035,100,99944,100,100037,100,99936,100,100048,100,99925,100,100056,100,99922,100,100057,100,99921,100,100064,100,99910,100,100068,100,99887,100
2019-06-28 09:41:20.000000000,100000,164,99957,264,100021,164,99956,164,100025,164,99946,264,100035,164,99944,164,100037,100,99936,100,100048,100,99925,100,100056,100,99922,100,100057,100,99921,100,100064,100,99910,100,100068,100,99887,100
2019-06-28 09:41:22.578154689,100000,264,99957,264,100021,164,99956,164,100025,164,99946,264,100035,164,99944,164,100037,100,99936,100,100048,100,99925,100,100056,100,99922,100,100057,100,99921,100,100064,100,99910,100,100068,100,99887,100
2019-06-28 09:41:30.000000000,100000,287,99957,287,100021,185,99956,185,100025,185,99946,285,100035,100,99944,100,100037,100,99936,100,100048,100,99925,100,100056,100,99922,100,100057,100,99921,100,100064,100,99910,100,100068,100,99887,100
2019-06-28 09:41:31.033124761,100000,287,99957,287,100021,185,99956,185,100025,185,99946,285,100035,100,99944,100,100037,100,99936,100,100048,100,99925,100,100056,100,99922,100,100057,100,99921,100,100064,100,99910,100,100068,100,99887,100
2019-06-28 09:41:40.000000000,100000,251,99957,251,100021,151,99956,151,100025,151,99946,251,100035,151,99944,151,100037,151,99936,151,100048,100,99925,100,100056,100,99922,100,100057,100,99921,100,100064,100,99910,100,100068,100,99887,100
2019-06-28 09:41:42.619171203,100000,251,99957,251,100021,151,99956,151,100025,151,99946,251,100035,151,99944,151,100037,151,99936,151,100048,100,99925,100,100056,100,99922,100,100057,100,99921,100,100064,100,99910,100,100068,100,99887,100
2019-06-28 09:41:50.000000000,100000,251,99957,251,100021,151,99956,151,100025,151,99946,251,100035,151,99944,151,100037,151,99936,151,100048,100,99925,100,100056,100,99922,100,100057,100,99921,100,100064,100,99910,100,100068,100,99887,100
2019-06-28 09:42:00.000000000,100000,328,99957,328,100021,228,99956,228,100025,100,99946,200,100035,100,99944,100,100037,100,99936,100,100048,100,99925,100,100056,100,99922,100,100057,100,99921,100,100064,100,99910,100,100068,100,99887,100
2019-06-28 09:42:10.000000000,100000,251,99957,251,100021,151,99956,151,100025,151,99946,251,100035,151,99944,151,100037,151,99936,151,100048,100,99925,100,100056,100,99922,100,100057,100,99921,100,100064,100,99910,100,100068,100,99887,100
2019-06-28 09:42:20.000000000,100000,264,99957,264,100021,164,99956,164,100025,164,99946,264,100035,164,99944,164,100037,100,99936,100,100048,100,99925,100,100056,100,99922,100,100057,100,99921,100,100064,100,99910,100,100068,100,99887,100
2019-06-28 09:42:30.000000000,100000,287,99957,287,100021,185,99956,185,100025,185,99946,285,100035,100,99944,100,100037,100,99936,100,100048,100,99925,100,100056,100,99922,100,100057,100,99921,100,100064,100,99910,100,100068,100,99887,100
2019-06-28 09:42:35.226983579,100000,287,99957,187,100021,185,99956,185,100025,185,99946,285,100035,100,99944,100,100037,100,99936,100,100048,100,99925,100,100056,100,99922,100,100057,100,99921,100,100064,100,99910,100,100068,100,99887,100
2019-06-28 09:42:40.000000000,100000,264,99957,164,100021,164,99956,164,100025,164,99946,264,100035,164,99944,164,100037,100,99936,100,100048,100,99925,100,100056,100,99922,100,100057,100,99921,100,100064,100,99910,100,100068,100,99887,100
2019-06-28 09:42:46.768108105,100000,264,99957,64,100021,164,99956,164,100025,164,99946,264,100035,164,99944,164,100037,100,99936,100,100048,100,99925,100,100056,100,99922,100,100057,100,99921,100,100064,100,99910,100,100068,100,99887,100
2019-06-28 09:42:50.000000000,100000,251,99956,151,100021,151,99946,251,100025,151,99944,151,100035,151,99936,151,100037,151,99925,151,100048,100,99922,100,100056,100,99921,100,100057,100,99910,100,100064,100,99887,100,100068,100,99840,100
2019-06-28 09:43:00.000000000,100000,457,99956,357,100021,100,99946,200,100025,100,99944,100,100035,100,99936,100,100037,100,99925,100,100048,100,99922,100,100056,100,99921,100,100057,100,99910,100,100064,100,99887,100,100068,100,99840,100
2019-06-28 09:43:10.000000000,100000,328,99956,228,100021,228,99946,328,100025,100,99944,100,100035,100,99936,100,100037,100,99925,100,100048,100,99922,100,100056,100,99921,100,100057,100,99910,100,100064,100,99887,100,100068,100,99840,100
2019-06-28 09:43:10.668650534,100000,328,99956,128,100021,228,99946,328,100025,100,99944,100,100035,100,99936,100,100037,100,99925,100,100048,100,99922,100,100056,100,99921,100,100057,100,99910,100,100064,100,99887,100,100068,100,99840,100
2019-06-28 09:43:20.000000000,100000,287,99946,287,100021,185,99944,185,100025,185,99936,185,100035,100,99925,100,100037,100,99922,100,100048,100,99921,100,100056,100,99910,100,100057,100,99887,100,100064,100,99840,100,100068,100,99809,100
2019-06-28 09:43:30.000000000,100000,287,99946,287,100021,185,99944,185,100025,185,99936,185,100035,100,99925,100,100037,100,99922,100,100048,100,99921,100,100056,100,99910,100,100057,100,99887,100,100064,100,99840,100,100068,100,99809,100
2019-06-28 09:43:40.000000000,100000,457,99946,457,100021,100,99944,100,100025,100,99936,100,100035,100,99925,100,100037,100,99922,100,100048,100,99921,100,100056,100,99910,100,100057,100,99887,100,100064,100,99840,100,100068,100,99809,100
2019-06-28 09:43:40.358080369,100000,457,99946,457,100021,100,99944,100,100025,100,99936,100,100035,100,99925,100,100037,100,99922,100,100048,100,99921,100,100056,100,99910,100,100057,100,99887,100,100064,100,99840,100,100068,100,99809,100
2019-06-28 09:43:50.000000000,100000,287,99946,287,100021,185,99944,185,100025,185,99936,185,100035,100,99925,100,100037,100,99922,100,100048,100,99921,100,100056,100,99910,100,100057,100,99887,100,100064,100,99840,100,100068,100,99809,100
2019-06-28 09:43:50.114946985,100000,287,99946,287,100021,185,99944,85,100025,185,99936,185,100035,100,99925,100,100037,100,99922,100,100048,100,99921,100,100056,100,99910,100,100057,100,99887,100,100064,100,99840,100,100068,100,99809,100
2019-06-28 09:44:00.000000000,100000,287,99946,287,100021,185,99936,185,100025,185,99925,185,100035,100,99922,100,100037,100,99921,100,100048,100,99910,100,100056,100,99887,100,100057,100,99840,100,100064,100,99809,100,100068,100,99789,100
2019-06-28 09:44:10.000000000,100000,457,99946,457,100021,100,99936,100,100025,100,99925,100,100035,100,99922,100,100037,100,99921,100,100048,100,99910,100,100056,100,99887,100,100057,100,99840,100,100064,100,99809,100,100068,100,99789,100
2019-06-28 09:44:20.000000000,100000,264,99946,264,100021,164,99936,164,100025,164,99925,164,100035,164,99922,164,100037,100,99921,100,100048,100,99910,100,100056,100,99887,100,100057,100,99840,100,100064,100,99809,100,100068,100,99789,100
2019-06-28 09:44:30.000000000,100000,251,99946,251,100021,151,99936,151,100025,151,99925,151,100035,151,99922,151,100037,151,99921,151,100048,100,99910,100,100056,100,99887,100,100057,100,99840,100,100064,100,99809,100,100068,100,99789,100
2019-06-28 09:44:40.000000000,100000,251,99946,251,100021,151,99936,151,100025,151,99925,151,100035,151,99922,151,100037,151,99921,151,100048,100,99910,100,100056,100,99887,100,100057,100,99840,100,100064,100,99809,100,100068,100,99789,100
2019-06-28 09:44:50.000000000,100000,328,99946,328,100021,228,99936,228,100025,100,99925,100,100035,100,99922,100,100037,100,99921,100,100048,100,99910,100,100056,100,99887,100,100057,100,99840,100,100064,100,99809,100,100068,100,99789,100
2019-06-28 09:45:00.000000000,100000,251,99946,251,100021,151,99936,151,100025,151,99925,151,100035,151,99922,151,100037,151,99921,151,100048,100,99910,100,100056,100,99887,100,100057,100,99840,100,100064,100,99809,100,100068,100,99789,100
2019-06-28 09:45:00.471989537,100000,251,99946,251,100021,151,99936,151,100025,151,99925,151,100035,151,99922,151,100037,151,99921,151,100048,100,99910,100,100056,100,99887,100,100057,100,99840,100,100064,100,99809,100,100068,100,99733,100
2019-06-28 09:45:05.805010980,100000,251,99946,151,100021,151,99936,151,100025,151,99925,151,100035,151,99922,151,100037,151,99921,151,100056,100,99910,100,100057,100,99887,100,100064,100,99840,100,100068,100,99809,100,100072,100,99733,100
2019-06-28 09:45:08.861041549,100000,251,99946,151,100021,151,99936,151,100025,151,99925,151,100035,151,99922,151,100037,151,99921,151,100056,100,99910,100,100057,100,99887,100,100064,100,99840,100,100068,100,99809,100,100072,100,99733,100
2019-06-28 09:45:10.000000000,100000,264,99946,164,100021,164,99936,164,100025,164,99925,164,100035,164,99922,164,100037,100,99921,100,100056,100,99910,100,100057,100,99887,100,100064,100,99840,100,100068,100,99809,100,100072,100,99733,100
2019-06-28 09:45:14.952929159,100000,264,99946,64,100021,164,99936,164,100025,164,99925,164,100035,164,99922,164,100037,100,99921,100,100056,100,99910,100,100057,100,99887,100,100064,100,99840,100,100068,100,99809,100,100072,100,99733,100
2019-06-28 09:45:20.000000000,100000,251,99936,151,100021,151,99925,151,100025,151,99922,151,100035,151,99921,151,100037,151,99910,151,100056,100,99887,100,100057,100,99840,100,100064,100,99809,100,100068,100,99733,100,100072,100,99717,100
2019-06-28 09:45:30.000000000,100000,287,99936,187,100021,185,99925,185,100025,185,99922,185,100035,100,99921,100,100037,100,99910,100,100056,100,99887,100,100057,100,99840,100,100064,100,99809,100,100068,100,99733,100,100072,100,99717,100
2019-06-28 09:45:40.000000000,100000,251,99936,151,100021,151,99925,151,100025,151,99922,151,100035,151,99921,151,100037,151,99910,151,100056,100,99887,100,100057,100,99840,100,100064,100,99809,100,100068,100,99733,100,100072,100,99717,100
2019-06-28 09:45:50.000000000,100000,264,99936,164,100021,164,99925,164,100025,164,99922,164,100035,164,99921,164,100037,100,99910,100,100056,100,99887,100,100057,100,99840,100,100064,100,99809,100,100068,100,99733,100,100072,100,99717,100
2019-06-28 09:45:50.046024880,100000,264,99936,164,100021,164,99925,164,100025,164,99922,164,100035,164,99921,164,100037,100,99887,100,100056,100,99840,100,100057,100,99809,100,100064,100,99733,100,100068,100,99717,100,100072,100,99530,100
2019-06-28 09:46:00.000000000,100000,264,99936,164,100021,164,99925,164,100025,164,99922,164,100035,164,99921,164,100037,100,99887,100,100056,100,99840,100,100057,100,99809,100,100064,100,99733,100,100068,100,99717,100,100072,100,99530,100
2019-06-28 09:46:10.000000000,100000,287,99936,187,100021,185,99925,185,100025,185,99922,185,100035,100,99921,100,100037,100,99887,100,100056,100,99840,100,100057,100,99809,100,100064,100,99733,100,100068,100,99717,100,100072,100,99530,100
2019-06-28 09:46:20.000000000,100000,328,99936,228,100021,228,99925,228,100025,100,99922,100,100035,100,99921,100,100037,100,99887,100,100056,100,99840,100,100057,100,99809,100,100064,100,99733,100,100068,100,99717,100,100072,100,99530,100
2019-06-28 09:46:21.513513429,100000,328,99936,228,100021,228,99925,228,100025,100,99922,100,100035,100,99921,100,100037,100,99887,100,100056,100,99840,100,100057,100,99809,100,100064,100,99733,100,100068,100,99717,100,100072,100,99709,100
2019-06-28 09:46:26.913627573,99985,100,99936,228,100000,328,99925,228,100021,228,99922,100,100025,100,99921,100,100035,100,99887,100,100037,100,99840,100,100056,100,99809,100,100057,100,99733,100,100064,100,99717,100,100068,100,99709,100
2019-06-28 09:46:30.000000000,99985,357,99936,357,100000,200,99925,100,100021,100,99922,100,100025,100,99921,100,100035,100,99887,100,100037,100,99840,100,100056,100,99809,100,100057,100,99733,100,100064,100,99717,100,100068,100,99709,100
2019-06-28 09:46:35.449282080,99985,357,99936,357,100000,200,99925,100,100021,100,99922,100,100025,100,99921,100,100035,100,99887,100,100037,100,99840,100,100056,100,99809,100,100057,100,99733,100,100064,100,99717,100,100068,100,99709,100
2019-06-28 09:46:40.000000000,99985,151,99936,151,100000,251,99925,151,100021,151,99922,151,100025,151,99921,151,100035,151,99887,151,100037,100,99840,100,100056,100,99809,100,100057,100,99733,100,100064,100,99717,100,100068,100,99709,100
2019-06-28 09:46:50.000000000,99985,187,99936,187,100000,285,99925,185,100021,185,99922,185,100025,100,99921,100,100035,100,99887,100,100037,100,99840,100,100056,100,99809,100,100057,100,99733,100,100064,100,99717,100,100068,100,99709,100
2019-06-28 09:46:56.316653781,99985,187,99936,187,100000,285,99925,185,100021,185,99922,185,100025,100,99921,100,100035,100,99887,100,100037,100,99840,100,100056,100,99809,100,100057,100,99797,100,100064,100,99733,100,100068,100,99717,100
2019-06-28 09:47:00.000000000,99985,164,99936,164,100000,264,99925,164,100021,164,99922,164,100025,164,99921,164,100035,100,99887,100,100037,100,99840,100,100056,100,99809,100,100057,100,99797,100,100064,100,99733,100,100068,100,99717,100
2019-06-28 09:47:10.000000000,99985,164,99936,164,100000,264,99925,164,100021,164,99922,164,100025,164,99921,164,100035,100,99887,100,100037,100,99840,100,100056,100,99809,100,100057,100,99797,100,100064,100,99733,100,100068,100,99717,100
2019-06-28 09:47:20.000000000,99985,164,99936,164,100000,264,99925,164,100021,164,99922,164,100025,164,99921,164,100035,100,99887,100,100037,100,99840,100,100056,100,99809,100,100057,100,99797,100,100064,100,99733,100,100068,100,99717,100
2019-06-28 09:47:23.042906579,99985,164,99936,164,100000,264,99925,164,100021,164,99922,164,100025,164,99921,164,100035,100,99887,100,100037,100,99840,100,100056,100,99809,100,100057,100,99797,100,100064,100,99733,100,100068,100,99717,100
2019-06-28 09:47:30.000000000,99985,357,99936,357,100000,200,99925,100,100021,100,99922,100,100025,100,99921,100,100035,100,99887,100,100037,100,99840,100,100056,100,99809,100,100057,100,99797,100,100064,100,99733,100,100068,100,99717,100
2019-06-28 09:47:40.000000000,99985,164,99936,164,100000,264,99925,164,100021,164,99922,164,100025,164,99921,164,100035,100,99887,100,100037,100,99840,100,100056,100,99809,100,100057,100,99797,100,100064,100,99733,100,100068,100,99717,100
2019-06-28 09:47:48.265292298,99985,164,99936,164,100000,164,99925,164,100021,164,99922,164,100025,164,99921,164,100035,100,99887,100,100037,100,99840,100,100056,100,99809,100,100057,100,99797,100,100064,100,99733,100,100068,100,99717,100
2019-06-28 09:47:50.000000000,99985,187,99936,187,100000,185,99925,185,100021,185,99922,185,100025,100,99921,100,100035,100,99887,100,100037,100,99840,100,100056,100,99809,100,100057,100,99797,100,100064,100,99733,100,100068,100,99717,100
2019-06-28 09:47:54.424601412,99985,187,99957,100,100000,185,99936,187,100021,185,99925,185,100025,100,99922,185,100035,100,99921,100,100037,100,99887,100,100056,100,99840,100,100057,100,99809,100,100064,100,99797,100,100068,100,99733,100
2019-06-28 09:48:00.000000000,99985,187,99957,187,100000,185,99936,185,100021,185,99925,185,100025,100,99922,100,100035,100,99921,100,100037,100,99887,100,100056,100,99840,100,100057,100,99809,100,100064,100,99797,100,100068,100,99733,100
2019-06-28 09:48:10.000000000,99985,164,99957,164,100000,164,99936,164,100021,164,99925,164,100025,164,99922,164,100035,100,99921,100,100037,100,99887,100,100056,100,99840,100,100057,100,99809,100,100064,100,99797,100,100068,100,99733,100
2019-06-28 09:48:13.443725609,99985,64,99957,164,100000,164,99936,164,100021,164,99925,164,100025,164,99922,164,100035,100,99921,100,100037,100,99887,100,100056,100,99840,100,100057,100,99809,100,100064,100,99797,100,100068,100,99733,100
2019-06-28 09:48:19.133065165,99985,64,99958,100,100000,164,99957,164,100021,164,99936,164,100025,164,99925,164,100035,100,99922,164,100037,100,99921,100,100056,100,99887,100,100057,100,99840,100,100064,100,99809,100,100068,100,99797,100
2019-06-28 09:48:20.000000000,100000,228,99958,228,100021,228,99957,228,100025,100,99936,100,100035,100,99925,100,100037,100,99922,100,100056,100,99921,100,100057,100,99887,100,100064,100,99840,100,100068,100,99809,100,100072,100,99797,100
2019-06-28 09:48:20.606871909,100000,128,99958,228,100021,228,99957,228,100025,100,99936,100,100035,100,99925,100,100037,100,99922,100,100056,100,99921,100,100057,100,99887,100,100064,100,99840,100,100072,100,99809,100,100110,100,99797,100
2019-06-28 09:48:30.000000000,100021,187,99958,187,100025,185,99957,185,100035,185,99936,185,100037,100,99925,100,100056,100,99922,100,100057,100,99921,100,100064,100,99887,100,100072,100,99840,100,100110,100,99809,100,100166,100,99797,100
2019-06-28 09:48:40.000000000,100021,164,99958,164,100025,164,99957,164,100035,164,99936,164,100037,164,99925,164,100056,100,99922,100,100057,100,99921,100,100064,100,99887,100,100072,100,99840,100,100110,100,99809,100,100166,100,99797,100
2019-06-28 09:48:49.488290397,100021,64,99958,164,100025,164,99957,164,100035,164,99936,164,100037,164,99925,164,100056,100,99922,100,100057,100,99921,100,100064,100,99887,100,100072,100,99840,100,100110,100,99809,100,100166,100,99797,100
2019-06-28 09:48:50.000000000,100025,164,99958,164,100035,164,99957,164,100037,164,99936,164,100056,164,99925,164,100057,100,99922,100,100064,100,99921,100,100072,100,99887,100,100110,100,99840,100,100166,100,99809,100,100191,100,99797,100
2019-06-28 09:48:56.995348332,100025,164,99958,164,100035,164,99957,164,100037,164,99936,164,100056,164,99925,164,100057,100,99922,100,100064,100,99921,100,100072,100,99887,100,100110,100,99840,100,100191,100,99809,100,100377,100,99797,100
2019-06-28 09:49:00.000000000,100025,151,99958,151,100035,151,99957,151,100037,151,99936,151,100056,151,99925,151,100057,151,99922,151,100064,100,99921,100,100072,100,99887,100,100110,100,99840,100,100191,100,99809,100,100377,100,99797,100
2019-06-28 09:49:03.767947555,100025,151,100000,100,100035,151,99958,151,100037,151,99957,151,100056,151,99936,151,100057,151,99925,151,100064,100,99922,151,100072,100,99921,100,100110,100,99887,100,100191,100,99840,100,100377,100,99809,100
2019-06-28 09:49:10.000000000,100025,228,100000,228,100035,228,99958,228,100037,100,99957,100,100056,100,99936,100,100057,100,99925,100,100064,100,99922,100,100072,100,99921,100,100110,100,99887,100,100191,100,99840,100,100377,100,99809,100
2019-06-28 09:49:16.770844978,100025,128,100000,228,100035,228,99958,228,100037,100,99957,100,100056,100,99936,100,100057,100,99925,100,100064,100,99922,100,100072,100,99921,100,100110,100,99887,100,100191,100,99840,100,100377,100,99809,100
2019-06-28 09:49:20.000000000,100035,187,100000,187,100037,185,99958,185,100056,185,99957,185,100057,100,99936,100,100064,100,99925,100,100072,100,99922,100,100110,100,99921,100,100191,100,99887,100,100377,100,99840,100,100468,100,99809,100
2019-06-28 09:49:30.000000000,100035,228,100000,228,100037,228,99958,228,100056,100,99957,100,100057,100,99936,100,100064,100,99925,100,100072,100,99922,100,100110,100,99921,100,100191,100,99887,100,100377,100,99840,100,100468,100,99809,100
2019-06-28 09:49:40.000000000,100035,151,100000,151,100037,151,99958,151,100056,151,99957,151,100057,151,99936,151,100064,151,99925,151,100072,100,99922,100,100110,100,99921,100,100191,100,99887,100,100377,100,99840,100,100468,100,99809,100
2019-06-28 09:49:50.000000000,100035,164,100000,164,100037,164,99958,164,100056,164,99957,164,100057,164,99936,164,100064,100,99925,100,100072,100,99922,100,100110,100,99921,100,100191,100,99887,100,100377,100,99840,100,100468,100,99809,100
2019-06-28 09:49:50.948764141,100035,164,100000,164,100037,164,99958,164,100056,164,99957,164,100057,164,99936,164,100064,100,99925,100,100072,100,99922,100,100110,100,99921,100,100191,100,99887,100,100377,100,99840,100,100468,100,99809,100
2019-06-28 09:50:00.000000000,100035,228,100000,228,100037,228,99958,228,100056,100,99957,100,100057,100,99936,100,100064,100,99925,100,100072,100,99922,100,100110,100,99921,100,100191,100,99887,100,100377,100,99840,100,100468,100,99809,100
2019-06-28 09:50:05.408289788,100035,228,100000,228,100037,228,99958,228,100056,100,99957,100,100057,100,99936,100,100064,100,99925,100,100072,100,99922,100,100110,100,99921,100,100191,100,99887,100,100377,100,99840,100,100468,100,99809,100
2019-06-28 09:50:10.000000000,100035,151,100000,151,100037,151,99958,151,100056,151,99957,151,100057,151,99936,151,100064,151,99925,151,100072,100,99922,100,100110,100,99921,100,100191,100,99887,100,100377,100,99840,100,100468,100,99809,100
2019-06-28 09:50:20.000000000,100035,164,100000,164,100037,164,99958,164,100056,164,99957,164,100057,164,99936,164,100064,100,99925,100,100072,100,99922,100,100110,100,99921,100,100191,100,99887,100,100377,100,99840,100,100468,100,99809,100
2019-06-28 09:50:28.503992148,100035,64,100000,164,100037,164,99958,164,100056,164,99957,164,100057,164,99936,164,100072,100,99925,100,100110,100,99922,100,100191,100,99921,100,100377,100,99887,100,100468,100,99840,100,100486,100,99809,100
2019-06-28 09:50:29.163865564,100035,64,100000,164,100037,164,99958,164,100056,164,99957,164,100057,164,99936,164,100072,100,99925,100,100110,100,99922,100,100191,100,99921,100,100377,100,99887,100,100468,100,99840,100,100486,100,99809,100
2019-06-28 09:50:30.000000000,100037,187,100000,187,100056,185,99958,185,100057,185,99957,185,100072,100,99936,100,100110,100,99925,100,100191,100,99922,100,100377,100,99921,100,100468,100,99887,100,100486,100,99840,100,100984,100,99809,100
2019-06-28 09:50:40.000000000,100037,357,100000,357,100056,100,99958,100,100057,100,99957,100,100072,100,99936,100,100110,100,99925,100,100191,100,99922,100,100377,100,99921,100,100468,100,99887,100,100486,100,99840,100,100984,100,99809,100
2019-06-28 09:50:50.000000000,100037,187,100000,187,100056,185,99958,185,100057,185,99957,185,100072,100,99936,100,100110,100,99925,100,100191,100,99922,100,100377,100,99921,100,100468,100,99887,100,100486,100,99840,100,100984,100,99809,100
2019-06-28 09:51:00.000000000,100037,187,100000,187,100056,185,99958,185,100057,185,99957,185,100072,100,99936,100,100110,100,99925,100,100191,100,99922,100,100377,100,99921,100,100468,100,99887,100,100486,100,99840,100,100984,100,99809,100
2019-06-28 09:51:10.000000000,100037,228,100000,228,100056,228,99958,228,100057,100,99957,100,100072,100,99936,100,100110,100,99925,100,100191,100,99922,100,100377,100,99921,100,100468,100,99887,100,100486,100,99840,100,100984,100,99809,100
2019-06-28 09:51:20.000000000,100037,357,100000,357,100056,100,99958,100,100057,100,99957,100,100072,100,99936,100,100110,100,99925,100,100191,100,99922,100,100377,100,99921,100,100468,100,99887,100,100486,100,99840,100,100984,100,99809,100
2019-06-28 09:51:30.000000000,100037,151,100000,151,100056,151,99958,151,100057,151,99957,151,100072,151,99936,151,100110,151,99925,151,100191,100,99922,100,100377,100,99921,100,100468,100,99887,100,100486,100,99840,100,100984,100,99809,100
2019-06-28 09:51:39.068501160,100037,151,100000,151,100056,151,99958,151,100057,151,99957,151,100072,151,99936,151,100110,151,99925,151,100191,100,99922,100,100377,100,99921,100,100468,100,99887,100,100486,100,99840,100,100984,100,99809,100
2019-06-28 09:51:40.000000000,100037,357,100000,357,100056,100,99958,100,100057,100,99957,100,100072,100,99936,100,100110,100,99925,100,100191,100,99922,100,100377,100,99921,100,100468,100,99887,100,100486,100,99840,100,100984,100,99809,100
2019-06-28 09:51:49.687408086,100037,257,100000,357,100056,100,99958,100,100057,100,99957,100,100072,100,99936,100,100110,100,99925,100,100191,100,99922,100,100377,100,99921,100,100468,100,99887,100,100486,100,99840,100,100984,100,99809,100
2019-06-28 09:51:50.000000000,100056,187,100000,187,100057,185,99958,185,100072,185,99957,185,100110,100,99936,100,100191,100,99925,100,100377,100,99922,100,100468,100,99921,100,100486,100,99887,100,100984,100,99840,100,100987,100,99809,100
2019-06-28 09:52:00.000000000,100056,164,100000,164,100057,164,99958,164,100072,164,99957,164,100110,164,99936,164,100191,100,99925,100,100377,100,99922,100,100468,100,99921,100,100486,100,99887,100,100984,100,99840,100,100987,100,99809,100
2019-06-28 09:52:02.794516892,100056,64,100000,164,100057,164,99958,164,100072,164,99957,164,100110,164,99936,164,100191,100,99925,100,100377,100,99922,100,100468,100,99921,100,100486,100,99887,100,100984,100,99840,100,100987,100,99809,100
2019-06-28 09:52:10.000000000,100057,228,100000,228,100072,228,99958,228,100110,100,99957,100,100191,100,99936,100,100377,100,99925,100,100468,100,99922,100,100486,100,99921,100,100984,100,99887,100,100987,100,99840,100,101129,100,99809,100
2019-06-28 09:52:13.949396315,100057,228,100037,100,100072,228,100000,228,100110,100,99958,228,100191,100,99957,100,100377,100,99936,100,100468,100,99925,100,100486,100,99922,100,100984,100,99921,100,100987,100,99887,100,101129,100,99840,100
2019-06-28 09:52:14.416394480,100057,128,100037,100,100072,228,100000,228,100110,100,99958,228,100191,100,99957,100,100377,100,99936,100,100468,100,99925,100,100486,100,99922,100,100984,100,99921,100,100987,100,99887,100,101129,100,99840,100
2019-06-28 09:52:20.000000000,100072,187,100037,187,100110,185,100000,185,100191,185,99958,185,100377,100,99957,100,100468,100,99936,100,100486,100,99925,100,100984,100,99922,100,100987,100,99921,100,101129,100,99887,100,101131,100,99840,100
2019-06-28 09:52:30.000000000,100072,228,100037,228,100110,228,100000,228,100191,100,99958,100,100377,100,99957,100,100468,100,99936,100,100486,100,99925,100,100984,100,99922,100,100987,100,99921,100,101129,100,99887,100,101131,100,99840,100
2019-06-28 09:52:37.760138893,100072,128,100037,228,100110,228,100000,228,100191,100,99958,100,100377,100,99957,100,100468,100,99936,100,100486,100,99925,100,100984,100,99922,100,100987,100,99921,100,101129,100,99887,100,101131,100,99840,100
2019-06-28 09:52:38.138458233,100072,128,100037,228,100110,228,100000,228,100191,100,99958,100,100377,100,99957,100,100468,100,99936,100,100486,100,99925,100,100699,100,99922,100,100984,100,99921,100,100987,100,99887,100,101129,100,99840,100
2019-06-28 09:52:40.000000000,100110,151,100037,151,100191,151,100000,151,100377,151,99958,151,100468,151,99957,151,100486,151,99936,151,100699,100,99925,100,100984,100,99922,100,100987,100,99921,100,101129,100,99887,100,101131,100,99840,100
2019-06-28 09:52:44.420781943,100110,151,100037,151,100191,151,100000,151,100377,151,99958,151,100468,151,99957,151,100486,151,99936,151,100699,100,99925,100,100831,100,99922,100,100984,100,99921,100,100987,100,99887,100,101129,100,99840,100
2019-06-28 09:52:49.384775888,100110,151,100037,151,100191,151,100000,151,100377,151,99958,151,100468,151,99957,51,100486,151,99936,151,100699,100,99925,100,100831,100,99922,100,100984,100,99921,100,100987,100,99887,100,101129,100,99840,100
2019-06-28 09:52:50.000000000,100110,151,100037,151,100191,151,100000,151,100377,151,99958,151,100468,151,99936,151,100486,151,99925,151,100699,100,99922,100,100831,100,99921,100,100984,100,99887,100,100987,100,99840,100,101129,100,99809,100
2019-06-28 09:53:00.000000000,100110,228,100037,228,100191,228,100000,228,100377,100,99958,100,100468,100,99936,100,100486,100,99925,100,100699,100,99922,100,100831,100,99921,100,100984,100,99887,100,100987,100,99840,100,101129,100,99809,100
2019-06-28 09:53:00.202019227,100110,128,100037,228,100191,228,100000,228,100377,100,99958,100,100468,100,99936,100,100486,100,99925,100,100699,100,99922,100,100831,100,99921,100,100984,100,99887,100,100987,100,99840,100,101129,100,99809,100
2019-06-28 09:53:10.000000000,100191,151,100037,151,100377,151,100000,151,100468,151,99958,151,100486,151,99936,151,100699,151,99925,151,100831,100,99922,100,100984,100,99921,100,100987,100,99887,100,101129,100,99840,100,101131,100,99809,100
2019-06-28 09:53:10.607131117,100191,151,100072,100,100377,151,100037,151,100468,151,100000,151,100486,151,99958,151,100699,151,99936,151,100831,100,99925,151,100984,100,99922,100,100987,100,99921,100,101129,100,99887,100,101131,100,99840,100
2019-06-28 09:53:15.141881333,100191,51,100072,100,100377,151,100037,151,100468,151,100000,151,100486,151,99958,151,100699,151,99936,151,100831,100,99925,151,100984,100,99922,100,100987,100,99921,100,101129,100,99887,100,101131,100,99840,100
2019-06-28 09:53:20.000000000,100377,357,100072,357,100468,100,100037,100,100486,100,100000,100,100699,100,99958,100,100831,100,99936,100,100984,100,99925,100,100987,100,99922,100,101129,100,99921,100,101131,100,99887,100,101324,100,99840,100
2019-06-28 09:53:21.108843052,100377,357,100110,100,100468,100,100072,357,100486,100,100037,100,100699,100,100000,100,100831,100,99958,100,100984,100,99936,100,100987,100,99925,100,101129,100,99922,100,101131,100,99921,100,101324,100,99887,100
2019-06-28 09:53:30.000000000,100377,228,100110,228,100468,228,100072,228,100486,100,100037,100,100699,100,100000,100,100831,100,99958,100,100984,100,99936,100,100987,100,99925,100,101129,100,99922,100,101131,100,99921,100,101324,100,99887,100
2019-06-28 09:53:40.000000000,100377,151,100110,151,100468,151,100072,151,100486,151,100037,151,100699,151,100000,151,100831,151,99958,151,100984,100,99936,100,100987,100,99925,100,101129,100,99922,100,101131,100,99921,100,101324,100,99887,100
2019-06-28 09:53:45.221463843,100377,151,100225,100,100468,151,100110,151,100486,151,100072,151,100699,151,100037,151,100831,151,100000,151,100984,100,99958,151,100987,100,99936,100,101129,100,99925,100,101131,100,99922,100,101324,100,99921,100
2019-06-28 09:53:50.000000000,100377,357,100225,357,100468,100,100110,100,100486,100,100072,100,100699,100,100037,100,100831,100,100000,100,100984,100,99958,100,100987,100,99936,100,101129,100,99925,100,101131,100,99922,100,101324,100,99921,100
2019-06-28 09:53:57.984603167,100377,357,100225,357,100468,100,100110,200,100486,100,100072,100,100699,100,100037,100,100831,100,100000,100,100984,100,99958,100,100987,100,99936,100,101129,100,99925,100,101131,100,99922,100,101324,100,99921,100
2019-06-28 09:54:00.000000000,100377,151,100225,151,100468,151,100110,251,100486,151,100072,151,100699,151,100037,151,100831,151,100000,151,100984,100,99958,100,100987,100,99936,100,101129,100,99925,100,101131,100,99922,100,101324,100,99921,100
2019-06-28 09:54:06.441834314,100377,151,100225,151,100468,151,100110,251,100484,100,100072,151,100486,151,100037,151,100699,151,100000,151,100831,151,99958,100,100984,100,99936,100,100987,100,99925,100,101129,100,99922,100,101131,100,99887,100
2019-06-28 09:54:06.684589839,100352,100,100225,151,100377,151,100110,251,100468,151,100072,151,100484,100,100037,151,100486,151,100000,151,100699,151,99958,100,100831,151,99936,100,100984,100,99925,100,101129,100,99922,100,101131,100,99887,100
2019-06-28 09:54:10.000000000,100352,187,100225,187,100377,185,100110,285,100468,185,100072,185,100484,100,100037,100,100486,100,100000,100,100699,100,99958,100,100831,100,99936,100,100984,100,99925,100,101129,100,99922,100,101131,100,99887,100
2019-06-28 09:54:11.567514130,100352,187,100225,187,100377,185,100110,285,100461,100,100072,185,100468,185,100037,100,100484,100,100000,100,100486,100,99958,100,100699,100,99936,100,100831,100,99925,100,100984,100,99887,100,101129,100,99840,100
2019-06-28 09:54:19.605337332,100342,100,100225,187,100352,187,100110,285,100377,185,100072,185,100461,100,100037,100,100468,185,100000,100,100484,100,99958,100,100486,100,99936,100,100699,100,99925,100,100831,100,99887,100,100984,100,99840,100
2019-06-28 09:54:20.000000000,100342,151,100225,151,100352,151,100110,251,100377,151,100072,151,100461,151,100037,151,100468,151,100000,151,100484,100,99958,100,100486,100,99936,100,100699,100,99925,100,100831,100,99887,100,100984,100,99840,100
2019-06-28 09:54:30.000000000,100342,357,100225,357,100352,100,100110,200,100377,100,100072,100,100461,100,100037,100,100468,100,100000,100,100484,100,99958,100,100486,100,99936,100,100699,100,99925,100,100831,100,99887,100,100984,100,99840,100
2019-06-28 09:54:40.000000000,100342,357,100225,357,100352,100,100110,200,100377,100,100072,100,100461,100,100037,100,100468,100,100000,100,100484,100,99958,100,100486,100,99936,100,100699,100,99925,100,100831,100,99887,100,100984,100,99840,100
2019-06-28 09:54:41.006337762,100342,357,100225,357,100352,100,100110,200,100377,100,100072,100,100461,100,100037,100,100468,100,100000,100,100484,100,99958,100,100486,100,99936,100,100510,100,99925,100,100699,100,99887,100,100831,100,99840,100
2019-06-28 09:54:47.594352414,100342,357,100225,357,100352,100,100110,200,100377,100,100075,100,100461,100,100072,100,100468,100,100037,100,100484,100,100000,100,100486,100,99958,100,100510,100,99936,100,100699,100,99925,100,100831,100,99887,100
2019-06-28 09:54:50.000000000,100342,164,100225,164,100352,164,100110,264,100377,164,100075,164,100461,164,100072,164,100468,100,100037,100,100484,100,100000,100,100486,100,99958,100,100510,100,99936,100,100699,100,99925,100,100831,100,99887,100
2019-06-28 09:55:00.000000000,100342,151,100225,151,100352,151,100110,251,100377,151,100075,151,100461,151,100072,151,100468,151,100037,151,100484,100,100000,100,100486,100,99958,100,100510,100,99936,100,100699,100,99925,100,100831,100,99887,100
2019-06-28 09:55:07.772164094,100342,151,100225,151,100352,151,100213,100,100377,151,100110,251,100461,151,100075,151,100468,151,100072,151,100484,100,100037,151,100486,100,100000,100,100510,100,99958,100,100699,100,99936,100,100831,100,99925,100
2019-06-28 09:55:10.000000000,100342,357,100225,357,100352,100,100213,100,100377,100,100110,200,100461,100,100075,100,100468,100,100072,100,100484,100,100037,100,100486,100,100000,100,100510,100,99958,100,100699,100,99936,100,100831,100,99925,100
2019-06-28 09:55:18.484312283,100342,357,100225,357,100352,100,100213,100,100377,100,100209,100,100461,100,100110,200,100468,100,100075,100,100484,100,100072,100,100486,100,100037,100,100510,100,100000,100,100699,100,99958,100,100831,100,99936,100
2019-06-28 09:55:20.000000000,100342,151,100225,151,100352,151,100213,151,100377,151,100209,151,100461,151,100110,251,100468,151,100075,151,100484,100,100072,100,100486,100,100037,100,100510,100,100000,100,100699,100,99958,100,100831,100,99936,100
2019-06-28 09:55:23.328838245,100342,151,100225,151,100352,151,100213,151,100377,151,100209,151,100461,151,100110,251,100468,151,100075,151,100484,100,100072,100,100486,100,100037,100,100510,100,100000,100,100699,100,99958,100,100711,100,99936,100
2019-06-28 09:55:30.000000000,100342,357,100225,357,100352,100,100213,100,100377,100,100209,100,100461,100,100110,200,100468,100,100075,100,100484,100,100072,100,100486,100,100037,100,100510,100,100000,100,100699,100,99958,100,100711,100,99936,100
2019-06-28 09:55:37.700334941,100342,357,100225,357,100352,100,100213,100,100377,100,100209,100,100446,100,100110,200,100461,100,100075,100,100468,100,100072,100,100484,100,100037,100,100486,100,100000,100,100510,100,99958,100,100699,100,99936,100
2019-06-28 09:55:40.000000000,100342,228,100225,228,100352,228,100213,228,100377,100,100209,100,100446,100,100110,200,100461,100,100075,100,100468,100,100072,100,100484,100,100037,100,100486,100,100000,100,100510,100,99958,100,100699,100,99936,100
2019-06-28 09:55:41.733369585,100342,228,100316,100,100352,228,100225,228,100377,100,100213,228,100446,100,100209,100,100461,100,100110,200,100468,100,100075,100,100484,100,100072,100,100486,100,100037,100,100510,100,100000,100,100699,100,99958,100
2019-06-28 09:55:49.377438376,100342,228,100316,100,100352,228,100225,228,100377,100,100213,228,100385,100,100209,100,100446,100,100110,200,100461,100,100075,100,100468,100,100072,100,100484,100,100037,100,100486,100,100000,100,100510,100,99958,100
2019-06-28 09:55:50.000000000,100342,187,100316,187,100352,185,100225,185,100377,185,100213,185,100385,100,100209,100,100446,100,100110,200,100461,100,100075,100,100468,100,100072,100,100484,100,100037,100,100486,100,100000,100,100510,100,99958,100
2019-06-28 09:55:51.472000658,100333,100,100316,187,100342,187,100225,185,100352,185,100213,185,100377,185,100209,100,100385,100,100110,200,100446,100,100075,100,100461,100,100072,100,100468,100,100037,100,100484,100,100000,100,100486,100,99958,100
2019-06-28 09:56:00.000000000,100333,151,100316,151,100342,151,100225,151,100352,151,100213,151,100377,151,100209,151,100385,151,100110,251,100446,100,100075,100,100461,100,100072,100,100468,100,100037,100,100484,100,100000,100,100486,100,99958,100
2019-06-28 09:56:04.868283313,100333,151,100316,151,100342,151,100225,151,100352,151,100213,151,100377,151,100209,151,100385,151,100110,251,100446,100,100075,100,100461,100,100072,100,100468,100,100037,100,100484,100,100000,100,100486,100,99958,100
2019-06-28 09:56:10.000000000,100333,187,100316,187,100342,185,100225,185,100352,185,100213,185,100377,100,100209,100,100385,100,100110,200,100446,100,100075,100,100461,100,100072,100,100468,100,100037,100,100484,100,100000,100,100486,100,99958,100
2019-06-28 09:56:20.000000000,100333,151,100316,151,100342,151,100225,151,100352,151,100213,151,100377,151,100209,151,100385,151,100110,251,100446,100,100075,100,100461,100,100072,100,100468,100,100037,100,100484,100,100000,100,100486,100,99958,100
2019-06-28 09:56:20.481048699,100333,51,100316,151,100342,151,100225,151,100352,151,100213,151,100377,151,100209,151,100385,151,100110,251,100446,100,100075,100,100461,100,100072,100,100468,100,100037,100,100484,100,100000,100,100486,100,99958,100
2019-06-28 09:56:25.039614363,100333,51,100317,100,100342,151,100316,151,100352,151,100225,151,100377,151,100213,151,100385,151,100209,151,100446,100,100110,251,100461,100,100075,100,100468,100,100072,100,100484,100,100037,100,100486,100,100000,100
2019-06-28 09:56:29.366552985,100333,51,100320,100,100342,151,100317,100,100352,151,100316,151,100377,151,100225,151,100385,151,100213,151,100446,100,100209,151,100461,100,100110,251,100468,100,100075,100,100484,100,100072,100,100486,100,100037,100
2019-06-28 09:56:30.000000000,100342,357,100320,357,100352,100,100317,100,100377,100,100316,100,100385,100,100225,100,100446,100,100213,100,100461,100,100209,100,100468,100,100110,200,100484,100,100075,100,100486,100,100072,100,100507,100,100037,100
2019-06-28 09:56:40.000000000,100342,357,100320,357,100352,100,100317,100,100377,100,100316,100,100385,100,100225,100,100446,100,100213,100,100461,100,100209,100,100468,100,100110,200,100484,100,100075,100,100486,100,100072,100,100507,100,100037,100
2019-06-28 09:56:50.000000000,100342,164,100320,164,100352,164,100317,164,100377,164,100316,164,100385,164,100225,164,100446,100,100213,100,100461,100,100209,100,100468,100,100110,200,100484,100,100075,100,100486,100,100072,100,100507,100,100037,100
2019-06-28 09:56:59.475245594,100342,164,100320,164,100352,164,100317,164,100377,164,100316,164,100385,164,100225,164,100446,100,100213,100,100461,100,100209,100,100468,100,100110,200,100484,100,100075,100,100486,100,100072,100,100507,100,100037,100
2019-06-28 09:57:00.000000000,100342,164,100320,164,100352,164,100317,164,100377,164,100316,164,100385,164,100225,164,100446,100,100213,100,100461,100,100209,100,100468,100,100110,200,100484,100,100075,100,100486,100,100072,100,100507,100,100037,100
2019-06-28 09:57:07.858212666,100342,164,100320,164,100352,164,100317,264,100377,164,100316,164,100385,164,100225,164,100446,100,100213,100,100461,100,100209,100,100468,100,100110,200,100484,100,100075,100,100486,100,100072,100,100507,100,100037,100
2019-06-28 09:57:10.000000000,100342,228,100320,228,100352,228,100317,328,100377,100,100316,100,100385,100,100225,100,100446,100,100213,100,100461,100,100209,100,100468,100,100110,200,100484,100,100075,100,100486,100,100072,100,100507,100,100037,100
2019-06-28 09:57:20.000000000,100342,187,100320,187,100352,185,100317,285,100377,185,100316,185,100385,100,100225,100,100446,100,100213,100,100461,100,100209,100,100468,100,100110,200,100484,100,100075,100,100486,100,100072,100,100507,100,100037,100
2019-06-28 09:57:29.137520537,100342,87,100320,187,100352,185,100317,285,100377,185,100316,185,100385,100,100225,100,100446,100,100209,100,100461,100,100110,200,100468,100,100075,100,100484,100,100072,100,100486,100,100037,100,100507,100,100000,100
2019-06-28 09:57:30.000000000,100352,357,100320,357,100377,100,100317,200,100385,100,100316,100,100446,100,100225,100,100461,100,100209,100,100468,100,100110,200,100484,100,100075,100,100486,100,100072,100,100507,100,100037,100,100510,100,100000,100
2019-06-28 09:57:40.000000000,100352,164,100320,164,100377,164,100317,264,100385,164,100316,164,100446,164,100225,164,100461,100,100209,100,100468,100,100110,200,100484,100,100075,100,100486,100,100072,100,100507,100,100037,100,100510,100,100000,100
2019-06-28 09:57:41.148294404,100352,164,100320,164,100377,164,100317,264,100385,164,100316,164,100446,164,100225,164,100461,100,100216,100,100468,100,100209,100,100484,100,100110,200,100486,100,100075,100,100507,100,100072,100,100510,100,100037,100
2019-06-28 09:57:50.000000000,100352,151,100320,151,100377,151,100317,251,100385,151,100316,151,100446,151,100225,151,100461,151,100216,151,100468,100,100209,100,100484,100,100110,200,100486,100,100075,100,100507,100,100072,100,100510,100,100037,100
2019-06-28 09:57:53.405404062,100352,151,100320,151,100377,151,100317,251,100385,151,100316,151,100446,151,100225,151,100461,151,100216,151,100468,100,100209,100,100484,100,100110,200,100486,100,100075,100,100507,100,100072,100,100510,100,100037,100
2019-06-28 09:58:00.000000000,100352,357,100320,357,100377,100,100317,200,100385,100,100316,100,100446,100,100225,100,100461,100,100216,100,100468,100,100209,100,100484,100,100110,200,100486,100,100075,100,100507,100,100072,100,100510,100,100037,100
2019-06-28 09:58:02.155912842,100352,357,100320,357,100377,100,100317,200,100385,100,100316,100,100405,100,100225,100,100446,100,100216,100,100461,100,100209,100,100468,100,100110,200,100484,100,100075,100,100486,100,100072,100,100507,100,100037,100
2019-06-28 09:58:03.889715618,100352,357,100320,357,100377,100,100317,200,100385,100,100316,100,100405,100,100225,100,100446,100,100216,100,100461,100,100209,100,100468,100,100163,100,100484,100,100110,200,100486,100,100075,100,100507,100,100072,100
2019-06-28 09:58:10.000000000,100352,357,100320,357,100377,100,100317,200,100385,100,100316,100,100405,100,100225,100,100446,100,100216,100,100461,100,100209,100,100468,100,100163,100,100484,100,100110,200,100486,100,100075,100,100507,100,100072,100
2019-06-28 09:58:14.730299194,100352,357,100320,357,100377,100,100317,200,100385,100,100316,100,100405,100,100235,100,100446,100,100225,100,100461,100,100216,100,100468,100,100209,100,100484,100,100163,100,100486,100,100110,200,100507,100,100075,100
2019-06-28 09:58:20.000000000,100352,228,100320,228,100377,228,100317,328,100385,100,100316,100,100405,100,100235,100,100446,100,100225,100,100461,100,100216,100,100468,100,100209,100,100484,100,100163,100,100486,100,100110,200,100507,100,100075,100
2019-06-28 09:58:30.000000000,100352,164,100320,164,100377,164,100317,264,100385,164,100316,164,100405,164,100235,164,100446,100,100225,100,100461,100,100216,100,100468,100,100209,100,100484,100,100163,100,100486,100,100110,200,100507,100,100075,100
2019-06-28 09:58:40.000000000,100352,228,100320,228,100377,228,100317,328,100385,100,100316,100,100405,100,100235,100,100446,100,100225,100,100461,100,100216,100,100468,100,100209,100,100484,100,100163,100,100486,100,100110,200,100507,100,100075,100
2019-06-28 09:58:50.000000000,100352,151,100320,151,100377,151,100317,251,100385,151,100316,151,100405,151,100235,151,100446,151,100225,151,100461,100,100216,100,100468,100,100209,100,100484,100,100163,100,100486,100,100110,200,100507,100,100075,100
2019-06-28 09:58:54.722266406,100352,151,100320,51,100377,151,100317,251,100385,151,100316,151,100405,151,100235,151,100446,151,100225,151,100461,100,100216,100,100468,100,100209,100,100484,100,100163,100,100486,100,100110,200,100507,100,100075,100
2019-06-28 09:59:00.000000000,100352,228,100317,328,100377,228,100316,228,100385,100,100235,100,100405,100,100225,100,100446,100,100216,100,100461,100,100209,100,100468,100,100163,100,100484,100,100110,200,100486,100,100075,100,100507,100,100072,100
2019-06-28 09:59:01.104884230,100352,228,100317,228,100377,228,100316,228,100385,100,100235,100,100405,100,100225,100,100446,100,100216,100,100461,100,100209,100,100468,100,100163,100,100484,100,100110,200,100486,100,100075,100,100507,100,100072,100
2019-06-28 09:59:10.000000000,100352,187,100317,187,100377,185,100316,185,100385,185,100235,185,100405,100,100225,100,100446,100,100216,100,100461,100,100209,100,100468,100,100163,100,100484,100,100110,200,100486,100,100075,100,100507,100,100072,100
2019-06-28 09:59:20.000000000,100352,151,100317,151,100377,151,100316,151,100385,151,100235,151,100405,151,100225,151,100446,151,100216,151,100461,100,100209,100,100468,100,100163,100,100484,100,100110,200,100486,100,100075,100,100507,100,100072,100
2019-06-28 09:59:30.000000000,100352,357,100317,357,100377,100,100316,100,100385,100,100235,100,100405,100,100225,100,100446,100,100216,100,100461,100,100209,100,100468,100,100163,100,100484,100,100110,200,100486,100,100075,100,100507,100,100072,100
2019-06-28 09:59:35.658492377,100352,357,100317,357,100377,100,100316,100,100385,100,100235,100,100405,100,100216,100,100446,100,100209,100,100461,100,100163,100,100468,100,100121,100,100484,100,100110,200,100486,100,100075,100,100507,100,100072,100
2019-06-28 09:59:40.000000000,100352,187,100317,187,100377,185,100316,185,100385,185,100235,185,100405,100,100216,100,100446,100,100209,100,100461,100,100163,100,100468,100,100121,100,100484,100,100110,200,100486,100,100075,100,100507,100,100072,100
2019-06-28 09:59:50.000000000,100352,164,100317,164,100377,164,100316,164,100385,164,100235,164,100405,164,100216,164,100446,100,100209,100,100461,100,100163,100,100468,100,100121,100,100484,100,100110,200,100486,100,100075,100,100507,100,100072,100
2019-06-28 09:59:57.308886456,100352,164,100317,164,100377,164,100316,164,100385,164,100235,164,100405,164,100216,164,100446,100,100209,100,100461,100,100163,100,100468,100,100110,200,100484,100,100075,100,100486,100,100072,100,100507,100,100037,100
2019-06-28 10:00:00.000000000,100352,164,100317,164,100377,164,100316,164,100385,164,100235,164,100405,164,100216,164,100446,100,100209,100,100461,100,100163,100,100468,100,100110,200,100484,100,100075,100,100486,100,100072,100,100507,100,100037,100
2019-06-28 10:00:10.000000000,100352,228,100317,228,100377,228,100316,228,100385,100,100235,100,100405,100,100216,100,100446,100,100209,100,100461,100,100163,100,100468,100,100110,200,100484,100,100075,100,100486,100,100072,100,100507,100,100037,100
2019-06-28 10:00:15.249136373,100352,228,100317,228,100377,228,100316,228,100385,100,100235,100,100405,100,100216,100,100416,100,100209,100,100446,100,100163,100,100461,100,100110,200,100468,100,100075,100,100484,100,100072,100,100486,100,100037,100
2019-06-28 10:00:18.635533957,100350,100,100317,228,100352,228,100316,228,100377,228,100235,100,100385,100,100216,100,100405,100,100209,100,100416,100,100163,100,100446,100,100110,200,100461,100,100075,100,100468,100,100072,100,100486,100,100037,100
2019-06-28 10:00:20.000000000,100350,164,100317,164,100352,164,100316,164,100377,164,100235,164,100385,164,100216,164,100405,100,100209,100,100416,100,100163,100,100446,100,100110,200,100461,100,100075,100,100468,100,100072,100,100486,100,100037,100
2019-06-28 10:00:30.000000000,100350,151,100317,151,100352,151,100316,151,100377,151,100235,151,100385,151,100216,151,100405,151,100209,151,100416,100,100163,100,100446,100,100110,200,100461,100,100075,100,100468,100,100072,100,100486,100,100037,100
2019-06-28 10:00:40.000000000,100350,357,100317,357,100352,100,100316,100,100377,100,100235,100,100385,100,100216,100,100405,100,100209,100,100416,100,100163,100,100446,100,100110,200,100461,100,100075,100,100468,100,100072,100,100486,100,100037,100
2019-06-28 10:00:50.000000000,100350,151,100317,151,100352,151,100316,151,100377,151,100235,151,100385,151,100216,151,100405,151,100209,151,100416,100,100163,100,100446,100,100110,200,100461,100,100075,100,100468,100,100072,100,100486,100,100037,100
2019-06-28 10:00:54.367833898,100350,151,100317,51,100352,151,100316,151,100377,151,100235,151,100385,151,100216,151,100405,151,100209,151,100416,100,100163,100,100446,100,100110,200,100461,100,100075,100,100468,100,100072,100,100486,100,100037,100
2019-06-28 10:01:00.000000000,100350,151,100316,151,100352,151,100235,151,100377,151,100216,151,100385,151,100209,151,100405,151,100163,151,100416,100,100110,200,100446,100,100075,100,100461,100,100072,100,100468,100,100037,100,100486,100,100000,100
2019-06-28 10:01:10.000000000,100350,228,100316,228,100352,228,100235,228,100377,100,100216,100,100385,100,100209,100,100405,100,100163,100,100416,100,100110,200,100446,100,100075,100,100461,100,100072,100,100468,100,100037,100,100486,100,100000,100
2019-06-28 10:01:10.907622612,100350,228,100316,128,100352,228,100235,228,100377,100,100216,100,100385,100,100163,100,100405,100,100110,200,100416,100,100075,100,100446,100,100072,100,100461,100,100037,100,100468,100,100000,100,100486,100,99958,100
2019-06-28 10:01:13.426975338,100350,228,100316,128,100352,228,100235,228,100377,100,100216,100,100385,100,100163,100,100405,100,100110,200,100416,100,100080,100,100446,100,100075,100,100461,100,100072,100,100468,100,100037,100,100486,100,100000,100
2019-06-28 10:01:20.000000000,100350,187,100235,187,100352,185,100216,185,100377,185,100163,185,100385,100,100110,200,100405,100,100080,100,100416,100,100075,100,100446,100,100072,100,100461,100,100037,100,100468,100,100000,100,100486,100,99958,100
2019-06-28 10:01:28.521402307,100317,100,100235,187,100350,187,100216,185,100352,185,100163,185,100377,185,100110,200,100385,100,100080,100,100405,100,100075,100,100416,100,100072,100,100446,100,100037,100,100461,100,100000,100,100468,100,99958,100
2019-06-28 10:01:30.000000000,100317,151,100235,151,100350,151,100216,151,100352,151,100163,151,100377,151,100110,251,100385,151,100080,151,100405,100,100075,100,100416,100,100072,100,100446,100,100037,100,100461,100,100000,100,100468,100,99958,100
2019-06-28 10:01:40.000000000,100317,357,100235,357,100350,100,100216,100,100352,100,100163,100,100377,100,100110,200,100385,100,100080,100,100405,100,100075,100,100416,100,100072,100,100446,100,100037,100,100461,100,100000,100,100468,100,99958,100
2019-06-28 10:01:50.000000000,100317,187,100235,187,100350,185,100216,185,100352,185,100163,185,100377,100,100110,200,100385,100,100080,100,100405,100,100075,100,100416,100,100072,100,100446,100,100037,100,100461,100,100000,100,100468,100,99958,100
2019-06-28 10:01:53.995267770,100317,187,100235,87,100350,185,100216,185,100352,185,100163,185,100377,100,100110,200,100385,100,100080,100,100405,100,100075,100,100416,100,100072,100,100446,100,100037,100,100461,100,100000,100,100468,100,99958,100
2019-06-28 10:02:00.000000000,100317,357,100216,357,100350,100,100163,100,100352,100,100110,200,100377,100,100080,100,100385,100,100075,100,100405,100,100072,100,100416,100,100037,100,100446,100,100000,100,100461,100,99958,100,100468,100,99936,100
2019-06-28 10:02:10.000000000,100317,151,100216,151,100350,151,100163,151,100352,151,100110,251,100377,151,100080,151,100385,151,100075,151,100405,100,100072,100,100416,100,100037,100,100446,100,100000,100,100461,100,99958,100,100468,100,99936,100
2019-06-28 10:02:20.000000000,100317,164,100216,164,100350,164,100163,164,100352,164,100110,264,100377,164,100080,164,100385,100,100075,100,100405,100,100072,100,100416,100,100037,100,100446,100,100000,100,100461,100,99958,100,100468,100,99936,100
2019-06-28 10:02:27.499501433,100317,164,100216,64,100350,164,100163,164,100352,164,100110,264,100377,164,100080,164,100385,100,100075,100,100405,100,100072,100,100416,100,100037,100,100446,100,100000,100,100461,100,99958,100,100468,100,99936,100
2019-06-28 10:02:30.000000000,100317,228,100163,228,100350,228,100110,328,100352,100,100080,100,100377,100,100075,100,100385,100,100072,100,100405,100,100037,100,100416,100,100000,100,100446,100,99958,100,100461,100,99936,100,100468,100,99925,100
2019-06-28 10:02:40.000000000,100317,164,100163,164,100350,164,100110,264,100352,164,100080,164,100377,164,100075,164,100385,100,100072,100,100405,100,100037,100,100416,100,100000,100,100446,100,99958,100,100461,100,99936,100,100468,100,99925,100
2019-06-28 10:02:40.897961670,100317,164,100163,164,100350,164,100110,264,100352,164,100080,164,100377,164,100075,164,100385,100,100072,100,100405,100,100037,100,100416,100,100000,100,100446,100,99958,100,100461,100,99936,100,100468,100,99925,100
2019-06-28 10:02:50.000000000,100317,151,100163,151,100350,151,100110,251,100352,151,100080,151,100377,151,100075,151,100385,151,100072,151,100405,100,100037,100,100416,100,100000,100,100446,100,99958,100,100461,100,99936,100,100468,100,99925,100
2019-06-28 10:03:00.000000000,100317,357,100163,357,100350,100,100110,200,100352,100,100080,100,100377,100,100075,100,100385,100,100072,100,100405,100,100037,100,100416,100,100000,100,100446,100,99958,100,100461,100,99936,100,100468,100,99925,100
2019-06-28 10:03:10.000000000,100317,187,100163,187,100350,185,100110,285,100352,185,100080,185,100377,100,100075,100,100385,100,100072,100,100405,100,100037,100,100416,100,100000,100,100446,100,99958,100,100461,100,99936,100,100468,100,99925,100
2019-06-28 10:03:15.158797175,100317,187,100163,87,100350,185,100110,285,100352,185,100080,185,100385,100,100075,100,100405,100,100072,100,100416,100,100037,100,100446,100,100000,100,100461,100,99958,100,100468,100,99936,100,100486,100,99925,100
2019-06-28 10:03:15.647693889,100216,100,100163,87,100317,187,100110,285,100350,185,100080,185,100352,185,100075,100,100385,100,100072,100,100405,100,100037,100,100416,100,100000,100,100446,100,99958,100,100461,100,99936,100,100468,100,99925,100
2019-06-28 10:03:18.662632578,100216,200,100163,87,100317,187,100110,285,100350,185,100080,185,100352,185,100075,100,100385,100,100072,100,100405,100,100037,100,100416,100,100000,100,100446,100,99958,100,100461,100,99936,100,100468,100,99925,100
2019-06-28 10:03:20.000000000,100216,287,100110,287,100317,185,100080,185,100350,185,100075,185,100352,100,100072,100,100385,100,100037,100,100405,100,100000,100,100416,100,99958,100,100446,100,99936,100,100461,100,99925,100,100468,100,99797,100
2019-06-28 10:03:30.000000000,100216,264,100110,264,100317,164,100080,164,100350,164,100075,164,100352,164,100072,164,100385,100,100037,100,100405,100,100000,100,100416,100,99958,100,100446,100,99936,100,100461,100,99925,100,100468,100,99797,100
2019-06-28 10:03:35.693182792,100216,264,100110,164,100317,164,100080,164,100350,164,100075,164,100352,164,100072,164,100405,100,100037,100,100416,100,100000,100,100446,100,99958,100,100461,100,99936,100,100468,100,99925,100,100486,100,99797,100
2019-06-28 10:03:36.180803972,100216,264,100110,64,100317,164,100080,164,100350,164,100075,164,100352,64,100072,164,100405,100,100037,100,100416,100,100000,100,100446,100,99958,100,100461,100,99936,100,100468,100,99925,100,100486,100,99797,100
2019-06-28 10:03:40.000000000,100216,457,100080,357,100317,100,100075,100,100350,100,100072,100,100405,100,100037,100,100416,100,100000,100,100446,100,99958,100,100461,100,99936,100,100468,100,99925,100,100486,100,99797,100,100507,100,99709,100
2019-06-28 10:03:50.000000000,100216,251,100080,151,100317,151,100075,151,100350,151,100072,151,100405,151,100037,151,100416,151,100000,151,100446,100,99958,100,100461,100,99936,100,100468,100,99925,100,100486,100,99797,100,100507,100,99709,100
2019-06-28 10:04:00.000000000,100216,264,100080,164,100317,164,100075,164,100350,164,100072,164,100405,164,100037,164,100416,100,100000,100,100446,100,99958,100,100461,100,99936,100,100468,100,99925,100,100486,100,99797,100,100507,100,99709,100
2019-06-28 10:04:10.000000000,100216,264,100080,164,100317,164,100075,164,100350,164,100072,164,100405,164,100037,164,100416,100,100000,100,100446,100,99958,100,100461,100,99936,100,100468,100,99925,100,100486,100,99797,100,100507,100,99709,100
2019-06-28 10:04:20.000000000,100216,328,100080,228,100317,228,100075,228,100350,100,100072,100,100405,100,100037,100,100416,100,100000,100,100446,100,99958,100,100461,100,99936,100,100468,100,99925,100,100486,100,99797,100,100507,100,99709,100
2019-06-28 10:04:23.839287252,100216,328,100080,228,100317,228,100075,228,100350,100,100072,100,100405,100,100041,100,100416,100,100037,100,100446,100,100000,100,100461,100,99958,100,100468,100,99936,100,100486,100,99925,100,100507,100,99797,100
2019-06-28 10:04:24.575064300,100216,328,100111,100,100317,228,100080,228,100350,100,100075,228,100405,100,100072,100,100416,100,100041,100,100446,100,100037,100,100461,100,100000,100,100468,100,99958,100,100486,100,99936,100,100507,100,99925,100
2019-06-28 10:04:30.000000000,100216,251,100111,151,100317,151,100080,151,100350,151,100075,151,100405,151,100072,151,100416,151,100041,151,100446,100,100037,100,100461,100,100000,100,100468,100,99958,100,100486,100,99936,100,100507,100,99925,100
2019-06-28 10:04:40.000000000,100216,251,100111,151,100317,151,100080,151,100350,151,100075,151,100405,151,100072,151,100416,151,100041,151,100446,100,100037,100,100461,100,100000,100,100468,100,99958,100,100486,100,99936,100,100507,100,99925,100
2019-06-28 10:04:50.000000000,100216,264,100111,164,100317,164,100080,164,100350,164,100075,164,100405,164,100072,164,100416,100,100041,100,100446,100,100037,100,100461,100,100000,100,100468,100,99958,100,100486,100,99936,100,100507,100,99925,100
2019-06-28 10:05:00.000000000,100216,264,100111,164,100317,164,100080,164,100350,164,100075,164,100405,164,100072,164,100416,100,100041,100,100446,100,100037,100,100461,100,100000,100,100468,100,99958,100,100486,100,99936,100,100507,100,99925,100
2019-06-28 10:05:10.000000000,100216,457,100111,357,100317,100,100080,100,100350,100,100075,100,100405,100,100072,100,100416,100,100041,100,100446,100,100037,100,100461,100,100000,100,100468,100,99958,100,100486,100,99936,100,100507,100,99925,100
2019-06-28 10:05:20.000000000,100216,287,100111,187,100317,185,100080,185,100350,185,100075,185,100405,100,100072,100,100416,100,100041,100,100446,100,100037,100,100461,100,100000,100,100468,100,99958,100,100486,100,99936,100,100507,100,99925,100
2019-06-28 10:05:30.000000000,100216,287,100111,187,100317,185,100080,185,100350,185,100075,185,100405,100,100072,100,100416,100,100041,100,100446,100,100037,100,100461,100,100000,100,100468,100,99958,100,100486,100,99936,100,100507,100,99925,100
2019-06-28 10:05:40.000000000,100216,264,100111,164,100317,164,100080,164,100350,164,100075,164,100405,164,100072,164,100416,100,100041,100,100446,100,100037,100,100461,100,100000,100,100468,100,99958,100,100486,100,99936,100,100507,100,99925,100
2019-06-28 10:05:50.000000000,100216,328,100111,228,100317,228,100080,228,100350,100,100075,100,100405,100,100072,100,100416,100,100041,100,100446,100,100037,100,100461,100,100000,100,100468,100,99958,100,100486,100,99936,100,100507,100,99925,100
2019-06-28 10:06:00.000000000,100216,328,100111,228,100317,228,100080,228,100350,100,100075,100,100405,100,100072,100,100416,100,100041,100,100446,100,100037,100,100461,100,100000,100,100468,100,99958,100,100486,100,99936,100,100507,100,99925,100
2019-06-28 10:06:10.000000000,100216,457,100111,357,100317,100,100080,100,100350,100,100075,100,100405,100,100072,100,100416,100,100041,100,100446,100,100037,100,100461,100,100000,100,100468,100,99958,100,100486,100,99936,100,100507,100,99925,100
2019-06-28 10:06:11.851421553,100216,357,100111,357,100317,100,100080,100,100350,100,100075,100,100405,100,100072,100,100416,100,100041,100,100446,100,100037,100,100461,100,100000,100,100468,100,99958,100,100486,100,99936,100,100507,100,99925,100
2019-06-28 10:06:16.994558572,100216,357,100111,257,100317,100,100080,100,100350,100,100075,100,100405,100,100072,100,100416,100,100041,100,100446,100,100037,100,100461,100,100000,100,100468,100,99958,100,100486,100,99936,100,100507,100,99925,100
2019-06-28 10:06:20.000000000,100216,357,100080,357,100317,100,100075,100,100350,100,100072,100,100405,100,100041,100,100416,100,100037,100,100446,100,100000,100,100461,100,99958,100,100468,100,99936,100,100486,100,99925,100,100507,100,99797,100
2019-06-28 10:06:30.000000000,100216,151,100080,151,100317,151,100075,151,100350,151,100072,151,100405,151,100041,151,100416,151,100037,151,100446,100,100000,100,100461,100,99958,100,100468,100,99936,100,100486,100,99925,100,100507,100,99797,100
2019-06-28 10:06:40.000000000,100216,187,100080,187,100317,185,100075,185,100350,185,100072,185,100405,100,100041,100,100416,100,100037,100,100446,100,100000,100,100461,100,99958,100,100468,100,99936,100,100486,100,99925,100,100507,100,99797,100
2019-06-28 10:06:45.956196406,100216,187,100080,87,100317,185,100075,185,100350,185,100072,185,100405,100,100041,100,100416,100,100037,100,100446,100,100000,100,100461,100,99958,100,100468,100,99936,100,100486,100,99925,100,100507,100,99797,100
2019-06-28 10:06:48.058919096,100111,100,100080,87,100216,187,100075,185,100317,185,100072,185,100350,185,100041,100,100405,100,100037,100,100416,100,100000,100,100446,100,99958,100,100461,100,99936,100,100468,100,99925,100,100486,100,99797,100
2019-06-28 10:06:50.000000000,100111,151,100075,151,100216,151,100072,151,100317,151,100041,151,100350,151,100037,151,100405,151,100000,151,100416,100,99958,100,100446,100,99936,100,100461,100,99925,100,100468,100,99797,100,100486,100,99709,100
2019-06-28 10:06:52.932517179,100111,151,100075,151,100216,151,100072,151,100317,151,100041,151,100350,151,100037,151,100405,51,100000,151,100416,100,99958,100,100446,100,99936,100,100461,100,99925,100,100468,100,99797,100,100486,100,99709,100
2019-06-28 10:07:00.000000000,100111,164,100075,164,100216,164,100072,164,100317,164,100041,164,100350,164,100037,164,100416,100,100000,100,100446,100,99958,100,100461,100,99936,100,100468,100,99925,100,100486,100,99797,100,100507,100,99709,100
2019-06-28 10:07:04.269174766,100111,164,100075,164,100216,164,100072,164,100317,164,100041,164,100350,164,100037,164,100416,100,100000,100,100446,100,99958,100,100461,100,99936,100,100468,100,99925,100,100486,100,99797,100,100507,100,99709,100
2019-06-28 10:07:10.000000000,100111,187,100075,187,100216,185,100072,185,100317,185,100041,185,100350,100,100037,100,100416,100,100000,100,100446,100,99958,100,100461,100,99936,100,100468,100,99925,100,100486,100,99797,100,100507,100,99709,100
2019-06-28 10:07:20.000000000,100111,187,100075,187,100216,185,100072,185,100317,185,100041,185,100350,100,100037,100,100416,100,100000,100,100446,100,99958,100,100461,100,99936,100,100468,100,99925,100,100486,100,99797,100,100507,100,99709,100
2019-06-28 10:07:30.000000000,100111,164,100075,164,100216,164,100072,164,100317,164,100041,164,100350,164,100037,164,100416,100,100000,100,100446,100,99958,100,100461,100,99936,100,100468,100,99925,100,100486,100,99797,100,100507,100,99709,100
2019-06-28 10:07:40.000000000,100111,357,100075,357,100216,100,100072,100,100317,100,100041,100,100350,100,100037,100,100416,100,100000,100,100446,100,99958,100,100461,100,99936,100,100468,100,99925,100,100486,100,99797,100,100507,100,99709,100
2019-06-28 10:07:50.000000000,100111,151,100075,151,100216,151,100072,151,100317,151,100041,151,100350,151,100037,151,100416,151,100000,151,100446,100,99958,100,100461,100,99936,100,100468,100,99925,100,100486,100,99797,100,100507,100,99709,100
2019-06-28 10:08:00.000000000,100111,187,100075,187,100216,185,100072,185,100317,185,100041,185,100350,100,100037,100,100416,100,100000,100,100446,100,99958,100,100461,100,99936,100,100468,100,99925,100,100486,100,99797,100,100507,100,99709,100
2019-06-28 10:08:10.000000000,100111,164,100075,164,100216,164,100072,164,100317,164,100041,164,100350,164,100037,164,100416,100,100000,100,100446,100,99958,100,100461,100,99936,100,100468,100,99925,100,100486,100,99797,100,100507,100,99709,100
2019-06-28 10:08:20.000000000,100111,187,100075,187,100216,185,100072,185,100317,185,100041,185,100350,100,100037,100,100416,100,100000,100,100446,100,99958,100,100461,100,99936,100,100468,100,99925,100,100486,100,99797,100,100507,100,99709,100
2019-06-28 10:08:30.000000000,100111,357,100075,357,100216,100,100072,100,100317,100,100041,100,100350,100,100037,100,100416,100,100000,100,100446,100,99958,100,100461,100,99936,100,100468,100,99925,100,100486,100,99797,100,100507,100,99709,100
2019-06-28 10:08:40.000000000,100111,357,100075,357,100216,100,100072,100,100317,100,100041,100,100350,100,100037,100,100416,100,100000,100,100446,100,99958,100,100461,100,99936,100,100468,100,99925,100,100486,100,99797,100,100507,100,99709,100
2019-06-28 10:08:43.611720127,100111,357,100075,357,100216,100,100072,100,100317,100,100041,100,100350,100,100037,100,100416,100,100000,100,100446,100,99958,100,100461,100,99936,100,100468,100,99925,100,100486,100,99797,100,100507,100,99709,100
2019-06-28 10:08:50.000000000,100111,187,100075,187,100216,185,100072,185,100317,185,100041,185,100350,100,100037,100,100416,100,100000,100,100446,100,99958,100,100461,100,99936,100,100468,100,99925,100,100486,100,99797,100,100507,100,99709,100
