,ask_price_1,ask_size_1,bid_price_1,bid_size_1,ask_price_2,ask_size_2,bid_price_2,bid_size_2,ask_price_3,ask_size_3,bid_price_3,bid_size_3,ask_price_4,ask_size_4,bid_price_4,bid_size_4,ask_price_5,ask_size_5,bid_price_5,bid_size_5,ask_price_6,ask_size_6,bid_price_6,bid_size_6,ask_price_7,ask_size_7,bid_price_7,bid_size_7,ask_price_8,ask_size_8,bid_price_8,bid_size_8,ask_price_9,ask_size_9,bid_price_9,bid_size_9,ask_price_10,ask_size_10,bid_price_10,bid_size_10
2019-06-28 09:30:00.000000000,99978,100,99876,100,,,,,,,,,,,,,,,,,,,,,,,,,,,,,,,,,,,,
2019-06-28 09:30:00.000000004,99978,100,99956,100,,,99876,100,,,99874,100,,,,,,,,,,,,,,,,,,,,,,,,,,,,
2019-06-28 09:30:00.000000006,99978,100,99956,100,,,99876,100,,,99875,100,,,99874,100,,,,,,,,,,,,,,,,,,,,,,,,
2019-06-28 09:30:00.000000007,99978,100,99956,100,100009,100,99876,100,,,99875,100,,,99874,100,,,,,,,,,,,,,,,,,,,,,,,,
2019-06-28 09:30:00.000000009,99978,100,99956,100,100009,100,99876,100,100141,100,99875,100,,,99874,100,,,99760,100,,,,,,,,,,,,,,,,,,,,
2019-06-28 09:30:00.000000010,99978,100,99956,100,100009,100,99876,100,100049,100,99875,100,100141,100,99874,100,,,99760,100,,,,,,,,,,,,,,,,,,,,
2019-06-28 09:30:00.000000013,99978,100,99956,100,100009,100,99909,100,100049,100,99876,100,100141,100,99875,100,,,99874,100,,,99861,100,,,99760,100,,,,,,,,,,,,
2019-06-28 09:30:00.000000014,100009,100,99956,100,100049,100,99909,100,100141,100,99903,100,,,99876,100,,,99875,100,,,99874,100,,,99861,100,,,99760,100,,,,,,,,
2019-06-28 09:30:00.000000017,100009,100,99956,100,100049,100,99909,100,100090,100,99903,100,100141,100,99876,100,,,99875,100,,,99874,100,,,99861,100,,,99760,100,,,,,,,,
2019-06-28 09:30:00.000000019,100009,100,99956,100,100049,100,99914,100,100090,100,99909,100,100141,100,99903,100,,,99876,100,,,99875,100,,,99874,100,,,99861,100,,,99760,100,,,,
2019-06-28 09:30:00.000000021,100009,100,99956,100,100049,100,99941,100,100090,100,99914,100,100141,100,99909,100,,,99903,100,,,99876,100,,,99875,100,,,99874,100,,,99861,100,,,99760,100
2019-06-28 09:30:00.000000023,100009,100,99956,100,100021,100,99941,100,100049,100,99914,100,100090,100,99909,100,100141,100,99903,100,,,99876,100,,,99875,100,,,99874,100,,,99861,100,,,99760,100
2019-06-28 09:30:00.000000026,100009,100,99956,100,100021,100,99941,100,100049,100,99914,100,100090,100,99909,100,100141,100,99903,100,100153,100,99880,100,,,99876,100,,,99875,100,,,99874,100,,,99861,100
2019-06-28 09:30:00.000000030,100009,100,99956,100,100021,100,99941,100,100049,100,99914,100,100057,100,99909,100,100090,100,99903,100,100141,100,99880,100,100153,100,99876,100,100244,100,99875,100,,,99874,100,,,99861,100
2019-06-28 09:30:00.000000033,100009,100,99956,200,100021,100,99946,100,100049,100,99941,100,100057,100,99914,100,100090,100,99909,100,100141,100,99903,100,100153,100,99887,100,100244,100,99880,100,,,99876,100,,,99875,100
2019-06-28 09:30:00.000000034,100009,100,99956,200,100021,100,99946,100,100049,100,99941,100,100057,100,99914,100,100066,100,99909,100,100090,100,99903,100,100141,100,99887,100,100153,100,99880,100,100244,100,99876,100,,,99875,100
2019-06-28 09:30:00.000000035,100009,100,99956,300,100021,100,99946,100,100036,100,99941,100,100049,100,99914,100,100051,100,99909,100,100057,100,99903,100,100066,100,99887,100,100090,100,99880,100,100141,100,99876,100,100153,100,99875,100
2019-06-28 09:30:00.000000039,100009,100,99956,300,100021,100,99946,100,100036,100,99941,100,100049,100,99914,100,100051,100,99909,100,100057,100,99903,100,100066,100,99887,100,100090,100,99880,100,100141,100,99876,100,100153,100,99875,100
2019-06-28 09:30:00.000000040,100009,100,99956,300,100021,100,99946,100,100032,100,99941,100,100036,100,99914,100,100049,100,99909,100,100051,100,99903,100,100057,100,99887,100,100066,100,99880,100,100090,100,99876,100,100141,100,99875,100
2019-06-28 09:30:00.000000041,100009,100,99956,300,100021,100,99946,100,100032,100,99941,100,100036,100,99914,100,100049,100,99909,100,100051,100,99903,100,100057,100,99887,100,100066,100,99880,100,100090,100,99876,100,100140,100,99875,100
2019-06-28 09:30:00.000000042,100021,100,99956,300,100032,100,99946,100,100036,100,99941,100,100049,100,99914,100,100051,100,99909,100,100057,100,99903,100,100066,100,99902,100,100090,100,99887,100,100140,100,99880,100,100141,100,99876,100
2019-06-28 09:30:00.000000044,100021,100,99956,300,100032,100,99946,100,100036,100,99941,100,100046,100,99914,100,100049,100,99909,100,100051,100,99903,100,100057,100,99902,100,100066,100,99887,100,100090,100,99880,100,100140,100,99876,100
2019-06-28 09:30:00.000000047,100021,100,99956,300,100032,100,99946,100,100036,100,99941,100,100046,100,99933,100,100049,100,99924,100,100051,100,99914,100,100057,100,99909,100,100066,100,99903,100,100090,100,99902,100,100140,100,99887,100
2019-06-28 09:30:00.000000049,99975,100,99957,100,100021,100,99956,300,100032,100,99946,100,100036,100,99941,100,100046,100,99933,100,100049,100,99924,100,100051,100,99914,100,100057,100,99909,100,100066,100,99903,100,100090,100,99902,100
2019-06-28 09:30:00.000000050,99975,100,99957,100,100021,100,99956,300,100032,100,99946,100,100036,100,99941,100,100046,200,99933,100,100049,100,99924,100,100051,100,99914,100,100057,100,99909,100,100066,100,99903,100,100090,100,99902,100
2019-06-28 09:30:00.000000051,99975,100,99969,100,100021,100,99957,100,100032,100,99956,300,100036,100,99946,100,100046,200,99941,100,100049,100,99933,100,100051,100,99924,100,100057,100,99914,100,100066,100,99909,100,100090,100,99903,100
2019-06-28 09:30:00.000000052,99975,100,99969,100,100021,100,99957,100,100032,100,99956,300,100036,100,99946,100,100046,200,99941,100,100049,100,99933,100,100051,100,99924,100,100057,100,99914,100,100066,100,99909,200,100090,100,99903,100
2019-06-28 09:30:00.000000053,99975,100,99969,100,100021,100,99957,100,100032,100,99956,300,100036,100,99946,100,100046,200,99941,100,100049,100,99933,100,100051,100,99924,100,100057,100,99914,100,100066,100,99909,200,100090,100,99903,100
2019-06-28 09:30:00.000000054,99975,100,99969,100,100021,100,99957,100,100030,100,99956,300,100032,100,99946,100,100036,100,99941,100,100046,200,99933,100,100049,100,99924,100,100051,100,99914,100,100057,100,99909,200,100066,100,99903,100
2019-06-28 09:30:00.000000055,99975,100,99969,100,100009,100,99957,100,100021,100,99956,300,100030,100,99946,100,100032,100,99941,100,100036,100,99933,100,100046,200,99924,100,100049,100,99914,100,100051,100,99909,200,100057,100,99903,100
2019-06-28 09:30:00.000000058,99975,100,99969,100,100009,100,99962,100,100021,100,99957,100,100030,100,99956,300,100032,100,99946,100,100036,100,99941,100,100046,200,99933,100,100049,100,99924,100,100051,100,99914,100,100057,100,99909,200
2019-06-28 09:30:00.000000061,99975,100,99969,100,100009,100,99962,100,100021,100,99957,100,100030,100,99956,300,100032,100,99946,100,100036,100,99941,100,100046,200,99933,100,100049,100,99924,100,100051,100,99914,100,100057,100,99909,200
2019-06-28 09:30:00.000000066,99975,100,99969,100,100009,100,99962,100,100021,100,99957,200,100030,100,99956,300,100032,100,99946,100,100036,100,99941,100,100046,200,99933,100,100049,100,99924,100,100051,100,99914,100,100057,100,99909,200
2019-06-28 09:30:00.000000072,100009,100,99969,100,100021,100,99962,100,100030,100,99957,200,100032,100,99956,300,100036,100,99946,100,100046,200,99941,100,100049,100,99933,100,100051,100,99924,100,100057,100,99914,100,100066,200,99909,200
2019-06-28 09:30:00.000000074,100009,100,99969,100,100021,100,99962,100,100030,100,99957,200,100032,100,99956,300,100036,100,99946,100,100046,200,99941,100,100049,100,99933,100,100051,100,99924,100,100057,100,99914,100,100066,200,99909,200
2019-06-28 09:30:00.000000076,100021,100,99969,100,100030,100,99962,100,100032,100,99957,200,100036,100,99956,300,100046,200,99946,100,100049,100,99941,100,100051,100,99933,100,100057,100,99924,100,100066,200,99914,100,100084,100,99909,200
2019-06-28 09:30:00.000000077,100021,100,99975,100,100030,100,99969,100,100032,100,99962,100,100036,100,99957,200,100046,200,99956,300,100049,100,99946,100,100051,100,99941,100,100057,100,99933,100,100066,200,99924,100,100084,100,99914,100
2019-06-28 09:30:00.000000079,100021,100,99975,100,100030,100,99969,100,100032,100,99962,100,100036,100,99957,200,100046,200,99956,300,100049,100,99946,100,100051,100,99941,100,100057,100,99933,100,100066,200,99924,100,100081,100,99914,100
2019-06-28 09:30:00.000000082,100009,100,99975,200,100021,100,99969,100,100030,100,99962,100,100032,100,99957,200,100036,100,99956,300,100046,200,99946,100,100049,100,99941,100,100051,100,99933,100,100057,100,99924,100,100066,200,99914,100
2019-06-28 09:30:00.000000084,100009,100,99984,100,100021,100,99975,200,100030,100,99969,100,100032,100,99962,100,100036,100,99957,200,100046,200,99956,300,100049,100,99946,100,100051,100,99941,100,100057,100,99933,100,100066,200,99924,100
2019-06-28 09:30:00.000000087,100009,200,99984,100,100021,100,99975,200,100030,100,99969,100,100032,100,99962,100,100036,100,99957,200,100046,200,99956,300,100049,100,99946,100,100051,100,99941,100,100057,100,99933,100,100066,200,99924,100
2019-06-28 09:30:00.000000094,100009,200,99984,100,100021,100,99975,200,100030,100,99969,100,100032,100,99962,100,100036,100,99957,200,100046,200,99956,300,100049,100,99946,100,100051,100,99941,100,100057,100,99933,100,100066,200,99924,100
2019-06-28 09:30:00.000000096,100009,200,99984,100,100021,100,99975,300,100030,100,99969,100,100032,100,99962,100,100036,100,99957,200,100046,200,99956,300,100049,100,99946,100,100051,100,99941,100,100057,100,99933,100,100066,200,99924,100
2019-06-28 09:30:00.000000098,100009,200,99984,100,100015,100,99975,300,100021,100,99969,100,100030,100,99962,100,100032,100,99957,200,100036,100,99956,300,100046,200,99946,100,100049,100,99941,100,100051,100,99933,100,100057,100,99924,100
2019-06-28 09:30:00.134261364,100009,200,99989,100,100015,100,99984,100,100021,100,99975,300,100030,100,99969,100,100032,100,99962,100,100036,100,99957,200,100046,200,99956,300,100049,100,99946,100,100051,100,99941,100,100057,100,99933,100
2019-06-28 09:30:01.373589647,100009,200,99989,100,100015,100,99984,100,100021,100,99975,300,100030,100,99969,100,100032,100,99962,100,100046,200,99957,200,100049,100,99956,300,100051,100,99946,100,100057,100,99941,100,100066,200,99933,100
2019-06-28 09:30:01.991455266,100009,200,99989,100,100015,100,99984,100,100021,100,99975,400,100030,100,99969,100,100032,100,99962,100,100046,200,99957,200,100049,100,99956,300,100051,100,99946,100,100057,100,99941,100,100066,200,99933,100
2019-06-28 09:30:10.000000000,100009,596,99989,496,100015,100,99984,100,100021,100,99975,400,100030,100,99969,100,100032,100,99962,100,100046,200,99957,200,100049,100,99956,300,100051,100,99946,100,100057,100,99941,100,100066,200,99933,100
2019-06-28 09:30:20.000000000,100009,279,99989,179,100015,179,99984,179,100021,179,99975,479,100030,179,99969,179,100032,179,99962,179,100046,200,99957,200,100049,100,99956,300,100051,100,99946,100,100057,100,99941,100,100066,200,99933,100
2019-06-28 09:30:30.000000000,100009,596,99989,496,100015,100,99984,100,100021,100,99975,400,100030,100,99969,100,100032,100,99962,100,100046,200,99957,200,100049,100,99956,300,100051,100,99946,100,100057,100,99941,100,100066,200,99933,100
2019-06-28 09:30:37.166031936,100009,596,99989,496,100015,100,99984,100,100021,100,99975,400,100030,100,99969,100,100032,100,99962,100,100046,200,99957,200,100049,100,99956,300,100051,100,99946,100,100057,100,99941,100,100066,200,99933,100
2019-06-28 09:30:40.000000000,100009,279,99989,179,100015,179,99984,179,100021,179,99975,479,100030,179,99969,179,100032,179,99962,179,100046,200,99957,200,100049,100,99956,300,100051,100,99946,100,100057,100,99941,100,100066,200,99933,100
2019-06-28 09:30:50.000000000,100009,398,99989,298,100015,298,99984,298,100021,100,99975,400,100030,100,99969,100,100032,100,99962,100,100046,200,99957,200,100049,100,99956,300,100051,100,99946,100,100057,100,99941,100,100066,200,99933,100
2019-06-28 09:31:00.000000000,100009,596,99989,496,100015,100,99984,100,100021,100,99975,400,100030,100,99969,100,100032,100,99962,100,100046,200,99957,200,100049,100,99956,300,100051,100,99946,100,100057,100,99941,100,100066,200,99933,100
2019-06-28 09:31:10.000000000,100009,398,99989,298,100015,298,99984,298,100021,100,99975,400,100030,100,99969,100,100032,100,99962,100,100046,200,99957,200,100049,100,99956,300,100051,100,99946,100,100057,100,99941,100,100066,200,99933,100
2019-06-28 09:31:20.000000000,100009,596,99989,496,100015,100,99984,100,100021,100,99975,400,100030,100,99969,100,100032,100,99962,100,100046,200,99957,200,100049,100,99956,300,100051,100,99946,100,100057,100,99941,100,100066,200,99933,100
2019-06-28 09:31:30.000000000,100009,279,99989,179,100015,179,99984,179,100021,179,99975,479,100030,179,99969,179,100032,179,99962,179,100046,200,99957,200,100049,100,99956,300,100051,100,99946,100,100057,100,99941,100,100066,200,99933,100
2019-06-28 09:31:40.000000000,100009,279,99989,179,100015,179,99984,179,100021,179,99975,479,100030,179,99969,179,100032,179,99962,179,100046,200,99957,200,100049,100,99956,300,100051,100,99946,100,100057,100,99941,100,100066,200,99933,100
2019-06-28 09:31:50.000000000,100009,596,99989,496,100015,100,99984,100,100021,100,99975,400,100030,100,99969,100,100032,100,99962,100,100046,200,99957,200,100049,100,99956,300,100051,100,99946,100,100057,100,99941,100,100066,200,99933,100
2019-06-28 09:31:58.284275080,100009,596,99989,496,100015,100,99984,100,100021,100,99975,400,100030,100,99969,100,100032,100,99962,100,100046,200,99957,200,100049,100,99956,300,100051,100,99946,100,100057,100,99941,100,100066,200,99933,100
2019-06-28 09:32:00.000000000,100009,596,99989,496,100015,100,99984,100,100021,100,99975,400,100030,100,99969,100,100032,100,99962,100,100046,200,99957,200,100049,100,99956,300,100051,100,99946,100,100057,100,99941,100,100066,200,99933,100
2019-06-28 09:32:05.765022427,100009,496,99989,496,100015,100,99984,100,100021,100,99975,400,100030,100,99969,100,100032,100,99962,100,100046,200,99957,200,100049,100,99956,300,100051,100,99946,100,100057,100,99941,100,100066,200,99933,100
2019-06-28 09:32:06.914158519,100009,496,99989,496,100015,100,99984,100,100021,100,99975,400,100030,100,99969,100,100032,100,99962,100,100046,200,99957,200,100049,100,99956,300,100051,100,99946,100,100057,100,99941,100,100066,200,99933,100
2019-06-28 09:32:10.000000000,100009,179,99989,179,100015,179,99984,179,100021,179,99975,479,100030,179,99969,179,100032,179,99962,179,100046,200,99957,200,100049,100,99956,300,100051,100,99946,100,100057,100,99941,100,100066,200,99933,100
2019-06-28 09:32:20.000000000,100009,235,99989,235,100015,231,99984,231,100021,231,99975,531,100030,100,99969,100,100032,100,99962,100,100046,200,99957,200,100049,100,99956,300,100051,100,99946,100,100057,100,99941,100,100066,200,99933,100
2019-06-28 09:32:28.918146328,100009,235,99989,235,100015,231,99984,231,100021,231,99975,531,100030,100,99969,100,100032,100,99962,100,100046,200,99957,200,100049,100,99956,300,100051,100,99946,100,100057,100,99941,100,100066,200,99933,100
2019-06-28 09:32:30.000000000,100009,298,99989,298,100015,298,99984,298,100021,100,99975,400,100030,100,99969,100,100032,100,99962,100,100046,200,99957,200,100049,100,99956,300,100051,100,99946,100,100057,100,99941,100,100066,200,99933,100
2019-06-28 09:32:38.971169199,100009,298,99989,298,100015,298,99984,298,100021,100,99975,400,100030,100,99969,100,100032,100,99962,100,100046,200,99957,100,100049,100,99956,300,100051,100,99946,100,100057,100,99941,100,100066,200,99933,100
2019-06-28 09:32:40.000000000,100009,199,99989,199,100015,199,99984,199,100021,199,99975,499,100030,199,99969,199,100032,100,99962,100,100046,200,99957,100,100049,100,99956,300,100051,100,99946,100,100057,100,99941,100,100066,200,99933,100
2019-06-28 09:32:50.000000000,100009,298,99989,298,100015,298,99984,298,100021,100,99975,400,100030,100,99969,100,100032,100,99962,100,100046,200,99957,100,100049,100,99956,300,100051,100,99946,100,100057,100,99941,100,100066,200,99933,100
2019-06-28 09:33:00.000000000,100009,496,99989,496,100015,100,99984,100,100021,100,99975,400,100030,100,99969,100,100032,100,99962,100,100046,200,99957,100,100049,100,99956,300,100051,100,99946,100,100057,100,99941,100,100066,200,99933,100
2019-06-28 09:33:10.000000000,100009,298,99989,298,100015,298,99984,298,100021,100,99975,400,100030,100,99969,100,100032,100,99962,100,100046,200,99957,100,100049,100,99956,300,100051,100,99946,100,100057,100,99941,100,100066,200,99933,100
2019-06-28 09:33:20.000000000,100009,179,99989,179,100015,179,99984,179,100021,179,99975,479,100030,179,99969,179,100032,179,99962,179,100046,200,99957,100,100049,100,99956,300,100051,100,99946,100,100057,100,99941,100,100066,200,99933,100
2019-06-28 09:33:30.000000000,100009,179,99989,179,100015,179,99984,179,100021,179,99975,479,100030,179,99969,179,100032,179,99962,179,100046,200,99957,100,100049,100,99956,300,100051,100,99946,100,100057,100,99941,100,100066,200,99933,100
2019-06-28 09:33:40.000000000,100009,496,99989,496,100015,100,99984,100,100021,100,99975,400,100030,100,99969,100,100032,100,99962,100,100046,200,99957,100,100049,100,99956,300,100051,100,99946,100,100057,100,99941,100,100066,200,99933,100
2019-06-28 09:33:40.437413215,100009,496,99989,396,100015,100,99984,100,100021,100,99975,400,100030,100,99969,100,100032,100,99962,100,100046,200,99957,100,100049,100,99956,300,100051,100,99946,100,100057,100,99941,100,100066,200,99933,100
2019-06-28 09:33:50.000000000,100009,496,99984,496,100015,100,99975,400,100021,100,99969,100,100030,100,99962,100,100032,100,99957,100,100046,200,99956,300,100049,100,99946,100,100051,100,99941,100,100057,100,99933,100,100066,200,99909,200
2019-06-28 09:34:00.000000000,100009,235,99984,235,100015,231,99975,531,100021,231,99969,231,100030,100,99962,100,100032,100,99957,100,100046,200,99956,300,100049,100,99946,100,100051,100,99941,100,100057,100,99933,100,100066,200,99909,200
2019-06-28 09:34:10.000000000,100009,496,99984,496,100015,100,99975,400,100021,100,99969,100,100030,100,99962,100,100032,100,99957,100,100046,200,99956,300,100049,100,99946,100,100051,100,99941,100,100057,100,99933,100,100066,200,99909,200
2019-06-28 09:34:20.000000000,100009,235,99984,235,100015,231,99975,531,100021,231,99969,231,100030,100,99962,100,100032,100,99957,100,100046,200,99956,300,100049,100,99946,100,100051,100,99941,100,100057,100,99933,100,100066,200,99909,200
2019-06-28 09:34:30.000000000,100009,235,99984,235,100015,231,99975,531,100021,231,99969,231,100030,100,99962,100,100032,100,99957,100,100046,200,99956,300,100049,100,99946,100,100051,100,99941,100,100057,100,99933,100,100066,200,99909,200
2019-06-28 09:34:40.000000000,100009,298,99984,298,100015,298,99975,598,100021,100,99969,100,100030,100,99962,100,100032,100,99957,100,100046,200,99956,300,100049,100,99946,100,100051,100,99941,100,100057,100,99933,100,100066,200,99909,200
2019-06-28 09:34:50.000000000,100009,298,99984,298,100015,298,99975,598,100021,100,99969,100,100030,100,99962,100,100032,100,99957,100,100046,200,99956,300,100049,100,99946,100,100051,100,99941,100,100057,100,99933,100,100066,200,99909,200
2019-06-28 09:34:50.649312350,100009,298,99984,198,100015,298,99975,598,100021,100,99969,100,100030,100,99962,100,100032,100,99957,100,100046,200,99956,300,100049,100,99946,100,100051,100,99941,100,100057,100,99933,100,100066,200,99909,200
2019-06-28 09:35:00.000000000,100009,199,99975,499,100015,199,99969,199,100021,199,99962,199,100030,199,99957,199,100032,100,99956,300,100046,200,99946,100,100049,100,99941,100,100051,100,99933,100,100057,100,99909,200,100066,200,99903,100
2019-06-28 09:35:10.000000000,100009,298,99975,598,100015,298,99969,298,100021,100,99962,100,100030,100,99957,100,100032,100,99956,300,100046,200,99946,100,100049,100,99941,100,100051,100,99933,100,100057,100,99909,200,100066,200,99903,100
2019-06-28 09:35:20.000000000,100009,235,99975,535,100015,231,99969,231,100021,231,99962,231,100030,100,99957,100,100032,100,99956,300,100046,200,99946,100,100049,100,99941,100,100051,100,99933,100,100057,100,99909,200,100066,200,99903,100
2019-06-28 09:35:30.000000000,100009,298,99975,598,100015,298,99969,298,100021,100,99962,100,100030,100,99957,100,100032,100,99956,300,100046,200,99946,100,100049,100,99941,100,100051,100,99933,100,100057,100,99909,200,100066,200,99903,100
2019-06-28 09:35:40.000000000,100009,179,99975,479,100015,179,99969,179,100021,179,99962,179,100030,179,99957,179,100032,179,99956,379,100046,200,99946,100,100049,100,99941,100,100051,100,99933,100,100057,100,99909,200,100066,200,99903,100
2019-06-28 09:35:50.000000000,100009,298,99975,598,100015,298,99969,298,100021,100,99962,100,100030,100,99957,100,100032,100,99956,300,100046,200,99946,100,100049,100,99941,100,100051,100,99933,100,100057,100,99909,200,100066,200,99903,100
2019-06-28 09:36:00.000000000,100009,179,99975,479,100015,179,99969,179,100021,179,99962,179,100030,179,99957,179,100032,179,99956,379,100046,200,99946,100,100049,100,99941,100,100051,100,99933,100,100057,100,99909,200,100066,200,99903,100
2019-06-28 09:36:10.000000000,100009,235,99975,535,100015,231,99969,231,100021,231,99962,231,100030,100,99957,100,100032,100,99956,300,100046,200,99946,100,100049,100,99941,100,100051,100,99933,100,100057,100,99909,200,100066,200,99903,100
2019-06-28 09:36:20.000000000,100009,496,99975,796,100015,100,99969,100,100021,100,99962,100,100030,100,99957,100,100032,100,99956,300,100046,200,99946,100,100049,100,99941,100,100051,100,99933,100,100057,100,99909,200,100066,200,99903,100
2019-06-28 09:36:21.321356954,100009,496,99975,696,100015,100,99969,100,100021,100,99962,100,100030,100,99957,100,100032,100,99956,300,100046,200,99946,100,100049,100,99941,100,100051,100,99933,100,100057,100,99909,200,100066,200,99903,100
2019-06-28 09:36:30.000000000,100009,179,99975,379,100015,179,99969,179,100021,179,99962,179,100030,179,99957,179,100032,179,99956,379,100046,200,99946,100,100049,100,99941,100,100051,100,99933,100,100057,100,99909,200,100066,200,99903,100
2019-06-28 09:36:31.189414960,100009,179,99975,279,100015,179,99969,79,100021,179,99962,179,100030,179,99957,179,100032,179,99956,379,100046,200,99946,100,100049,100,99941,100,100051,100,99933,100,100057,100,99909,200,100066,200,99903,100
2019-06-28 09:36:40.000000000,100009,235,99975,335,100015,231,99962,231,100021,231,99957,231,100030,100,99956,300,100032,100,99946,100,100046,200,99941,100,100049,100,99933,100,100051,100,99909,200,100057,100,99903,100,100066,200,99902,100
2019-06-28 09:36:45.390883636,100009,235,99975,335,100015,231,99962,231,100021,231,99957,231,100030,100,99956,300,100032,100,99946,100,100046,200,99941,100,100051,100,99933,100,100057,100,99909,200,100066,200,99903,100,100081,100,99902,100
2019-06-28 09:36:50.000000000,100009,496,99975,596,100015,100,99962,100,100021,100,99957,100,100030,100,99956,300,100032,100,99946,100,100046,200,99941,100,100051,100,99933,100,100057,100,99909,200,100066,200,99903,100,100081,100,99902,100
2019-06-28 09:36:50.076167263,100009,496,99975,596,100015,100,99962,100,100021,100,99957,100,100030,100,99956,300,100032,100,99946,100,100046,200,99941,100,100051,100,99933,100,100057,100,99909,200,100066,200,99903,100,100081,100,99902,100
2019-06-28 09:36:56.042109105,100009,496,99975,596,100015,100,99962,100,100021,100,99957,100,100030,100,99956,300,100032,100,99946,100,100046,200,99941,100,100051,100,99933,100,100057,100,99909,200,100066,100,99903,100,100081,100,99902,100
2019-06-28 09:37:00.000000000,100009,298,99975,398,100015,298,99962,298,100021,100,99957,100,100030,100,99956,300,100032,100,99946,100,100046,200,99941,100,100051,100,99933,100,100057,100,99909,200,100066,100,99903,100,100081,100,99902,100
2019-06-28 09:37:00.062495049,100009,298,99975,398,100015,298,99962,298,100021,100,99957,100,100030,100,99956,300,100032,100,99946,100,100046,200,99941,100,100051,100,99933,100,100057,100,99909,200,100066,100,99903,100,100081,100,99902,100
2019-06-28 09:37:10.000000000,100009,496,99975,596,100015,100,99962,100,100021,100,99957,100,100030,100,99956,300,100032,100,99946,100,100046,200,99941,100,100051,100,99933,100,100057,100,99909,200,100066,100,99903,100,100081,100,99902,100
2019-06-28 09:37:20.000000000,100009,179,99975,279,100015,179,99962,179,100021,179,99957,179,100030,179,99956,379,100032,179,99946,179,100046,200,99941,100,100051,100,99933,100,100057,100,99909,200,100066,100,99903,100,100081,100,99902,100
2019-06-28 09:37:30.000000000,100009,235,99975,335,100015,231,99962,231,100021,231,99957,231,100030,100,99956,300,100032,100,99946,100,100046,200,99941,100,100051,100,99933,100,100057,100,99909,200,100066,100,99903,100,100081,100,99902,100
2019-06-28 09:37:38.809837579,100009,235,99975,335,100015,231,99962,231,100021,231,99957,231,100030,100,99956,300,100032,100,99946,100,100046,200,99941,100,100057,100,99933,100,100066,100,99909,200,100081,100,99903,100,100084,100,99902,100
2019-06-28 09:37:40.000000000,100009,179,99975,279,100015,179,99962,179,100021,179,99957,179,100030,179,99956,379,100032,179,99946,179,100046,200,99941,100,100057,100,99933,100,100066,100,99909,200,100081,100,99903,100,100084,100,99902,100
2019-06-28 09:37:50.000000000,100009,298,99975,398,100015,298,99962,298,100021,100,99957,100,100030,100,99956,300,100032,100,99946,100,100046,200,99941,100,100057,100,99933,100,100066,100,99909,200,100081,100,99903,100,100084,100,99902,100
2019-06-28 09:38:00.000000000,100009,179,99975,279,100015,179,99962,179,100021,179,99957,179,100030,179,99956,379,100032,179,99946,179,100046,200,99941,100,100057,100,99933,100,100066,100,99909,200,100081,100,99903,100,100084,100,99902,100
2019-06-28 09:38:10.000000000,100009,235,99975,335,100015,231,99962,231,100021,231,99957,231,100030,100,99956,300,100032,100,99946,100,100046,200,99941,100,100057,100,99933,100,100066,100,99909,200,100081,100,99903,100,100084,100,99902,100
2019-06-28 09:38:20.000000000,100009,199,99975,299,100015,199,99962,199,100021,199,99957,199,100030,199,99956,399,100032,100,99946,100,100046,200,99941,100,100057,100,99933,100,100066,100,99909,200,100081,100,99903,100,100084,100,99902,100
2019-06-28 09:38:29.791936256,100009,199,99975,299,100015,199,99962,199,100021,199,99957,199,100030,199,99956,399,100032,100,99946,100,100046,100,99941,100,100057,100,99933,100,100066,100,99909,200,100081,100,99903,100,100084,100,99902,100
2019-06-28 09:38:30.000000000,100009,496,99975,596,100015,100,99962,100,100021,100,99957,100,100030,100,99956,300,100032,100,99946,100,100046,100,99941,100,100057,100,99933,100,100066,100,99909,200,100081,100,99903,100,100084,100,99902,100
2019-06-28 09:38:40.000000000,100009,298,99975,398,100015,298,99962,298,100021,100,99957,100,100030,100,99956,300,100032,100,99946,100,100046,100,99941,100,100057,100,99933,100,100066,100,99909,200,100081,100,99903,100,100084,100,99902,100
2019-06-28 09:38:50.000000000,100009,235,99975,335,100015,231,99962,231,100021,231,99957,231,100030,100,99956,300,100032,100,99946,100,100046,100,99941,100,100057,100,99933,100,100066,100,99909,200,100081,100,99903,100,100084,100,99902,100
2019-06-28 09:38:56.752036736,100009,235,99975,335,100015,231,99962,231,100021,231,99957,231,100030,100,99956,300,100032,100,99946,100,100046,100,99941,100,100057,100,99933,100,100066,100,99909,200,100081,100,99903,100,100084,100,99902,100
2019-06-28 09:39:00.000000000,100009,199,99975,299,100015,199,99962,199,100021,199,99957,199,100030,199,99956,399,100032,100,99946,100,100046,100,99941,100,100057,100,99933,100,100066,100,99909,200,100081,100,99903,100,100084,100,99902,100
2019-06-28 09:39:10.000000000,100009,235,99975,335,100015,231,99962,231,100021,231,99957,231,100030,100,99956,300,100032,100,99946,100,100046,100,99941,100,100057,100,99933,100,100066,100,99909,200,100081,100,99903,100,100084,100,99902,100
2019-06-28 09:39:20.000000000,100009,298,99975,398,100015,298,99962,298,100021,100,99957,100,100030,100,99956,300,100032,100,99946,100,100046,100,99941,100,100057,100,99933,100,100066,100,99909,200,100081,100,99903,100,100084,100,99902,100
2019-06-28 09:39:30.000000000,100009,179,99975,279,100015,179,99962,179,100021,179,99957,179,100030,179,99956,379,100032,179,99946,179,100046,100,99941,100,100057,100,99933,100,100066,100,99909,200,100081,100,99903,100,100084,100,99902,100
2019-06-28 09:39:33.510014123,100009,179,99975,179,100015,179,99962,179,100021,179,99957,179,100030,179,99956,379,100032,179,99946,179,100046,100,99941,100,100057,100,99933,100,100066,100,99909,200,100081,100,99903,100,100084,100,99902,100
2019-06-28 09:39:40.000000000,100009,179,99975,179,100015,179,99962,179,100021,179,99957,179,100030,179,99956,379,100032,179,99946,179,100046,100,99941,100,100057,100,99933,100,100066,100,99909,200,100081,100,99903,100,100084,100,99902,100
2019-06-28 09:39:50.000000000,100009,199,99975,199,100015,199,99962,199,100021,199,99957,199,100030,199,99956,399,100032,100,99946,100,100046,100,99941,100,100057,100,99933,100,100066,100,99909,200,100081,100,99903,100,100084,100,99902,100
2019-06-28 09:39:50.727736887,100009,199,99975,99,100015,199,99962,199,100021,199,99957,199,100030,199,99956,399,100032,100,99946,100,100046,100,99941,100,100057,100,99933,100,100066,100,99909,200,100081,100,99903,100,100084,100,99902,100
2019-06-28 09:40:00.000000000,100009,496,99962,496,100015,100,99957,100,100021,100,99956,300,100030,100,99946,100,100032,100,99941,100,100046,100,99933,100,100057,100,99909,200,100066,100,99903,100,100081,100,99902,100,100084,100,99892,100
2019-06-28 09:40:06.390935418,99975,100,99962,496,100009,496,99957,100,100015,100,99956,300,100021,100,99946,100,100030,100,99941,100,100032,100,99933,100,100046,100,99909,200,100057,100,99903,100,100066,100,99902,100,100081,100,99892,100
2019-06-28 09:40:10.000000000,99975,235,99962,235,100009,231,99957,231,100015,231,99956,431,100021,100,99946,100,100030,100,99941,100,100032,100,99933,100,100046,100,99909,200,100057,100,99903,100,100066,100,99902,100,100081,100,99892,100
2019-06-28 09:40:20.000000000,99975,496,99962,496,100009,100,99957,100,100015,100,99956,300,100021,100,99946,100,100030,100,99941,100,100032,100,99933,100,100046,100,99909,200,100057,100,99903,100,100066,100,99902,100,100081,100,99892,100
2019-06-28 09:40:22.279280688,99975,496,99962,396,100009,100,99957,100,100015,100,99956,300,100021,100,99946,100,100030,100,99941,100,100032,100,99933,100,100046,100,99909,200,100057,100,99903,100,100066,100,99902,100,100081,100,99892,100
2019-06-28 09:40:30.000000000,99975,235,99957,235,100009,231,99956,431,100015,231,99946,231,100021,100,99941,100,100030,100,99933,100,100032,100,99909,200,100046,100,99903,100,100057,100,99902,100,100066,100,99892,100,100081,100,99889,100
2019-06-28 09:40:36.224567791,99975,235,99957,235,100009,231,99956,431,100015,231,99946,231,100021,100,99941,100,100030,100,99933,100,100032,100,99909,200,100046,100,99903,100,100057,100,99902,100,100066,100,99892,100,100081,100,99889,100
2019-06-28 09:40:40.000000000,99975,179,99957,179,100009,179,99956,379,100015,179,99946,179,100021,179,99941,179,100030,179,99933,179,100032,100,99909,200,100046,100,99903,100,100057,100,99902,100,100066,100,99892,100,100081,100,99889,100
2019-06-28 09:40:50.000000000,99975,199,99957,199,100009,199,99956,399,100015,199,99946,199,100021,199,99941,199,100030,100,99933,100,100032,100,99909,200,100046,100,99903,100,100057,100,99902,100,100066,100,99892,100,100081,100,99889,100
2019-06-28 09:41:00.000000000,99975,179,99957,179,100009,179,99956,379,100015,179,99946,179,100021,179,99941,179,100030,179,99933,179,100032,100,99909,200,100046,100,99903,100,100057,100,99902,100,100066,100,99892,100,100081,100,99889,100
2019-06-28 09:41:00.179535212,99975,179,99957,179,100009,179,99956,279,100015,179,99946,179,100021,179,99941,179,100030,179,99933,179,100032,100,99909,200,100046,100,99903,100,100057,100,99902,100,100066,100,99892,100,100081,100,99889,100
2019-06-28 09:41:09.586213573,99975,179,99957,179,100009,179,99956,279,100015,179,99946,179,100021,179,99941,179,100030,179,99933,179,100032,100,99909,200,100046,100,99903,100,100057,100,99892,100,100066,100,99889,100,100081,100,99880,100
2019-06-28 09:41:10.000000000,99975,235,99957,235,100009,231,99956,331,100015,231,99946,231,100021,100,99941,100,100030,100,99933,100,100032,100,99909,200,100046,100,99903,100,100057,100,99892,100,100066,100,99889,100,100081,100,99880,100
2019-06-28 09:41:10.207787509,99975,335,99957,235,100009,231,99956,331,100015,231,99946,231,100021,100,99941,100,100030,100,99933,100,100032,100,99909,200,100046,100,99903,100,100057,100,99892,100,100066,100,99889,100,100081,100,99880,100
2019-06-28 09:41:20.000000000,99975,398,99957,298,100009,298,99956,398,100015,100,99946,100,100021,100,99941,100,100030,100,99933,100,100032,100,99909,200,100046,100,99903,100,100057,100,99892,100,100066,100,99889,100,100081,100,99880,100
2019-06-28 09:41:25.835625915,99975,398,99957,198,100009,298,99956,398,100015,100,99946,100,100021,100,99941,100,100030,100,99933,100,100032,100,99909,200,100046,100,99903,100,100057,100,99892,100,100066,100,99889,100,100081,100,99880,100
2019-06-28 09:41:30.000000000,99975,596,99956,596,100009,100,99946,100,100015,100,99941,100,100021,100,99933,100,100030,100,99909,200,100032,100,99903,100,100046,100,99892,100,100057,100,99889,100,100066,100,99880,100,100081,100,99876,100
2019-06-28 09:41:40.000000000,99975,299,99956,299,100009,199,99946,199,100015,199,99941,199,100021,199,99933,199,100030,100,99909,200,100032,100,99903,100,100046,100,99892,100,100057,100,99889,100,100066,100,99880,100,100081,100,99876,100
2019-06-28 09:41:42.196790557,99975,299,99956,299,100009,199,99946,199,100015,199,99941,99,100021,199,99933,199,100030,100,99909,200,100032,100,99903,100,100046,100,99892,100,100057,100,99889,100,100066,100,99880,100,100081,100,99876,100
2019-06-28 09:41:47.970032914,99975,299,99956,299,100009,199,99946,199,100015,99,99941,99,100021,199,99933,199,100030,100,99909,200,100032,100,99903,100,100046,100,99892,100,100057,100,99889,100,100066,100,99880,100,100081,100,99876,100
2019-06-28 09:41:50.000000000,99975,398,99956,398,100009,298,99946,298,100021,100,99933,100,100030,100,99909,200,100032,100,99903,100,100046,100,99892,100,100057,100,99889,100,100066,100,99880,100,100081,100,99876,100,100084,100,99875,100
2019-06-28 09:42:00.000000000,99975,596,99956,596,100009,100,99946,100,100021,100,99933,100,100030,100,99909,200,100032,100,99903,100,100046,100,99892,100,100057,100,99889,100,100066,100,99880,100,100081,100,99876,100,100084,100,99875,100
2019-06-28 09:42:10.000000000,99975,299,99956,299,100009,199,99946,199,100021,199,99933,199,100030,199,99909,299,100032,100,99903,100,100046,100,99892,100,100057,100,99889,100,100066,100,99880,100,100081,100,99876,100,100084,100,99875,100
2019-06-28 09:42:20.000000000,99975,279,99956,279,100009,179,99946,179,100021,179,99933,179,100030,179,99909,279,100032,179,99903,179,100046,100,99892,100,100057,100,99889,100,100066,100,99880,100,100081,100,99876,100,100084,100,99875,100
2019-06-28 09:42:30.000000000,99975,596,99956,596,100009,100,99946,100,100021,100,99933,100,100030,100,99909,200,100032,100,99903,100,100046,100,99892,100,100057,100,99889,100,100066,100,99880,100,100081,100,99876,100,100084,100,99875,100
2019-06-28 09:42:39.105147078,99974,100,99956,596,99975,596,99946,100,100009,100,99933,100,100021,100,99909,200,100030,100,99903,100,100032,100,99892,100,100046,100,99889,100,100057,100,99880,100,100066,100,99876,100,100081,100,99875,100
2019-06-28 09:42:40.000000000,99974,298,99956,398,99975,398,99946,298,100009,100,99933,100,100021,100,99909,200,100030,100,99903,100,100032,100,99892,100,100046,100,99889,100,100057,100,99880,100,100066,100,99876,100,100081,100,99875,100
2019-06-28 09:42:43.139704903,99974,298,99956,298,99975,398,99946,298,100009,100,99933,100,100021,100,99909,200,100030,100,99903,100,100032,100,99892,100,100046,100,99889,100,100057,100,99880,100,100066,100,99876,100,100081,100,99875,100
2019-06-28 09:42:50.000000000,99974,199,99956,199,99975,299,99946,199,100009,199,99933,199,100021,199,99909,299,100030,100,99903,100,100032,100,99892,100,100046,100,99889,100,100057,100,99880,100,100066,100,99876,100,100081,100,99875,100
2019-06-28 09:42:51.863031365,99974,199,99956,199,99975,199,99946,199,100009,199,99933,199,100021,199,99909,299,100030,100,99903,100,100032,100,99892,100,100046,100,99889,100,100057,100,99880,100,100066,100,99876,100,100081,100,99875,100
2019-06-28 09:43:00.000000000,99974,179,99956,179,99975,179,99946,179,100009,179,99933,179,100021,179,99909,279,100030,179,99903,179,100032,100,99892,100,100046,100,99889,100,100057,100,99880,100,100066,100,99876,100,100081,100,99875,100
2019-06-28 09:43:00.807899238,99962,100,99956,179,99974,179,99946,179,99975,179,99933,179,100009,179,99909,279,100021,179,99903,179,100030,179,99892,100,100032,100,99889,100,100046,100,99880,100,100057,100,99876,100,100066,100,99875,100
2019-06-28 09:43:10.000000000,99962,298,99956,298,99974,298,99946,298,99975,100,99933,100,100009,100,99909,200,100021,100,99903,100,100030,100,99892,100,100032,100,99889,100,100046,100,99880,100,100057,100,99876,100,100066,100,99875,100
2019-06-28 09:43:14.945235652,99962,298,99956,298,99974,298,99946,298,99975,100,99909,200,100009,100,99903,100,100021,100,99892,100,100030,100,99889,100,100032,100,99880,100,100046,100,99876,100,100057,100,99875,100,100066,100,99874,100
2019-06-28 09:43:20.000000000,99962,179,99956,179,99974,179,99946,179,99975,179,99909,279,100009,179,99903,179,100021,179,99892,179,100030,100,99889,100,100032,100,99880,100,100046,100,99876,100,100057,100,99875,100,100066,100,99874,100
2019-06-28 09:43:30.000000000,99962,496,99956,496,99974,100,99946,100,99975,100,99909,200,100009,100,99903,100,100021,100,99892,100,100030,100,99889,100,100032,100,99880,100,100046,100,99876,100,100057,100,99875,100,100066,100,99874,100
2019-06-28 09:43:40.000000000,99962,496,99956,496,99974,100,99946,100,99975,100,99909,200,100009,100,99903,100,100021,100,99892,100,100030,100,99889,100,100032,100,99880,100,100046,100,99876,100,100057,100,99875,100,100066,100,99874,100
2019-06-28 09:43:42.817698183,99962,496,99956,496,99974,100,99946,100,99975,100,99909,200,100009,100,99903,100,100021,100,99892,100,100030,100,99889,100,100032,100,99880,100,100046,100,99876,100,100057,100,99875,100,100066,100,99874,100
2019-06-28 09:43:48.256154460,99962,596,99956,496,99974,100,99946,100,99975,100,99909,200,100009,100,99903,100,100021,100,99892,100,100030,100,99889,100,100032,100,99880,100,100046,100,99876,100,100057,100,99875,100,100066,100,99874,100
2019-06-28 09:43:49.908744693,99962,696,99956,496,99974,100,99946,100,99975,100,99909,200,100009,100,99903,100,100021,100,99892,100,100030,100,99889,100,100032,100,99880,100,100046,100,99876,100,100057,100,99875,100,100066,100,99874,100
2019-06-28 09:43:50.000000000,99962,435,99956,235,99974,231,99946,231,99975,231,99909,331,100009,100,99903,100,100021,100,99892,100,100030,100,99889,100,100032,100,99880,100,100046,100,99876,100,100057,100,99875,100,100066,100,99874,100
2019-06-28 09:43:52.834448700,99962,435,99956,235,99974,231,99946,131,99975,231,99909,331,100009,100,99903,100,100021,100,99892,100,100030,100,99889,100,100032,100,99880,100,100046,100,99876,100,100057,100,99875,100,100066,100,99874,100
2019-06-28 09:43:54.370898251,99962,435,99956,135,99974,231,99946,131,99975,231,99909,331,100009,100,99903,100,100021,100,99892,100,100030,100,99889,100,100032,100,99880,100,100046,100,99876,100,100057,100,99875,100,100066,100,99874,100
2019-06-28 09:44:00.000000000,99962,399,99909,299,99974,199,99903,199,99975,199,99892,199,100009,199,99889,199,100021,100,99880,100,100030,100,99876,100,100032,100,99875,100,100046,100,99874,100,100057,100,99657,100,100066,100,99196,100
2019-06-28 09:44:01.925689079,99962,399,99909,299,99974,199,99903,199,99975,199,99892,199,100009,199,99889,199,100021,100,99880,100,100030,100,99876,100,100032,100,99875,100,100046,100,99874,100,100057,100,99657,100,100066,100,99196,100
2019-06-28 09:44:10.000000000,99962,379,99909,279,99974,179,99903,179,99975,179,99892,179,100009,179,99889,179,100021,179,99880,179,100030,100,99876,100,100032,100,99875,100,100046,100,99874,100,100057,100,99657,100,100066,100,99196,100
2019-06-28 09:44:20.000000000,99962,435,99909,335,99974,231,99903,231,99975,231,99892,231,100009,100,99889,100,100021,100,99880,100,100030,100,99876,100,100032,100,99875,100,100046,100,99874,100,100057,100,99657,100,100066,100,99196,100
2019-06-28 09:44:23.050026631,99962,435,99909,235,99974,231,99903,131,99975,231,99892,231,100009,100,99889,100,100021,100,99880,100,100030,100,99876,100,100032,100,99875,100,100046,100,99874,100,100057,100,99657,100,100066,100,99196,100
2019-06-28 09:44:30.000000000,99962,498,99909,298,99974,298,99892,298,99975,100,99889,100,100009,100,99880,100,100021,100,99876,100,100030,100,99875,100,100032,100,99874,100,100046,100,99657,100,100057,100,99196,100,100066,100,99152,100
2019-06-28 09:44:40.000000000,99962,498,99909,298,99974,298,99892,298,99975,100,99889,100,100009,100,99880,100,100021,100,99876,100,100030,100,99875,100,100032,100,99874,100,100046,100,99657,100,100057,100,99196,100,100066,100,99152,100
2019-06-28 09:44:48.783095266,99962,498,99909,198,99974,298,99892,298,99975,100,99889,100,100009,100,99880,100,100021,100,99876,100,100030,100,99875,100,100032,100,99874,100,100046,100,99657,100,100057,100,99196,100,100066,100,99152,100
2019-06-28 09:44:50.000000000,99962,696,99892,496,99974,100,99889,100,99975,100,99880,100,100009,100,99876,100,100021,100,99875,100,100030,100,99874,100,100032,100,99657,100,100046,100,99196,100,100057,100,99152,100,100066,100,99117,100
2019-06-28 09:44:51.436622556,99962,696,99892,396,99974,100,99889,100,99975,100,99880,100,100009,100,99876,100,100021,100,99875,100,100030,100,99874,100,100032,100,99657,100,100046,100,99196,100,100057,100,99152,100,100066,100,99117,100
2019-06-28 09:45:00.000000000,99962,435,99889,235,99974,231,99880,231,99975,231,99876,231,100009,100,99875,100,100021,100,99874,100,100030,100,99657,100,100032,100,99196,100,100046,100,99152,100,100057,100,99117,100,100066,100,99103,100
2019-06-28 09:45:10.000000000,99962,379,99889,179,99974,179,99880,179,99975,179,99876,179,100009,179,99875,179,100021,179,99874,179,100030,100,99657,100,100032,100,99196,100,100046,100,99152,100,100057,100,99117,100,100066,100,99103,100
2019-06-28 09:45:11.459452960,99962,379,99889,179,99974,179,99880,179,99975,179,99876,179,100009,179,99875,179,100021,179,99874,179,100030,100,99657,100,100032,100,99196,100,100046,100,99152,100,100057,100,99117,100,100066,100,99103,100
2019-06-28 09:45:19.482955537,99962,379,99889,179,99974,179,99880,179,99975,179,99876,179,100009,179,99875,179,100021,179,99874,179,100030,100,99657,100,100032,100,99196,100,100046,100,99152,100,100057,100,99117,100,100066,100,99103,100
2019-06-28 09:45:20.000000000,99962,435,99889,235,99974,231,99880,231,99975,231,99876,231,100009,100,99875,100,100021,100,99874,100,100030,100,99657,100,100032,100,99196,100,100046,100,99152,100,100057,100,99117,100,100066,100,99103,100
2019-06-28 09:45:23.389058897,99962,435,99889,135,99974,231,99880,231,99975,231,99876,231,100009,100,99875,100,100021,100,99874,100,100030,100,99657,100,100032,100,99196,100,100046,100,99152,100,100057,100,99117,100,100066,100,99103,100
2019-06-28 09:45:30.000000000,99962,696,99880,496,99974,100,99876,100,99975,100,99875,100,100009,100,99874,100,100021,100,99657,100,100030,100,99196,100,100032,100,99152,100,100046,100,99117,100,100057,100,99103,100,100066,100,99079,100
2019-06-28 09:45:34.150044193,99962,696,99880,496,99974,100,99876,100,99975,100,99875,100,100009,100,99874,100,100021,100,99657,100,100030,100,99196,100,100032,100,99152,100,100046,100,99117,100,100057,100,99103,100,100066,100,99100,100
2019-06-28 09:45:39.436224106,99892,100,99880,496,99962,696,99876,100,99974,100,99875,100,99975,100,99874,100,100009,100,99657,100,100021,100,99196,100,100030,100,99152,100,100032,100,99117,100,100046,100,99103,100,100066,100,99100,100
2019-06-28 09:45:40.000000000,99892,199,99880,199,99962,399,99876,199,99974,199,99875,199,99975,199,99874,199,100009,100,99657,100,100021,100,99196,100,100030,100,99152,100,100032,100,99117,100,100046,100,99103,100,100066,100,99100,100
2019-06-28 09:45:50.000000000,99892,179,99880,179,99962,379,99876,179,99974,179,99875,179,99975,179,99874,179,100009,179,99657,179,100021,100,99196,100,100030,100,99152,100,100032,100,99117,100,100046,100,99103,100,100066,100,99100,100
2019-06-28 09:46:00.000000000,99892,298,99880,298,99962,498,99876,298,99974,100,99875,100,99975,100,99874,100,100009,100,99657,100,100021,100,99196,100,100030,100,99152,100,100032,100,99117,100,100046,100,99103,100,100066,100,99100,100
2019-06-28 09:46:10.000000000,99892,298,99880,298,99962,498,99876,298,99974,100,99875,100,99975,100,99874,100,100009,100,99657,100,100021,100,99196,100,100030,100,99152,100,100032,100,99117,100,100046,100,99103,100,100066,100,99100,100
2019-06-28 09:46:20.000000000,99892,298,99880,298,99962,498,99876,298,99974,100,99875,100,99975,100,99874,100,100009,100,99657,100,100021,100,99196,100,100030,100,99152,100,100032,100,99117,100,100046,100,99103,100,100066,100,99100,100
2019-06-28 09:46:30.000000000,99892,298,99880,298,99962,498,99876,298,99974,100,99875,100,99975,100,99874,100,100009,100,99657,100,100021,100,99196,100,100030,100,99152,100,100032,100,99117,100,100046,100,99103,100,100066,100,99100,100
2019-06-28 09:46:40.000000000,99892,496,99880,496,99962,300,99876,100,99974,100,99875,100,99975,100,99874,100,100009,100,99657,100,100021,100,99196,100,100030,100,99152,100,100032,100,99117,100,100046,100,99103,100,100066,100,99100,100
2019-06-28 09:46:50.000000000,99892,298,99880,298,99962,498,99876,298,99974,100,99875,100,99975,100,99874,100,100009,100,99657,100,100021,100,99196,100,100030,100,99152,100,100032,100,99117,100,100046,100,99103,100,100066,100,99100,100
2019-06-28 09:46:54.397661292,99892,298,99880,198,99962,498,99876,298,99974,100,99875,100,99975,100,99874,100,100009,100,99657,100,100021,100,99196,100,100030,100,99152,100,100032,100,99117,100,100046,100,99103,100,100066,100,99100,100
2019-06-28 09:46:55.732531837,99892,298,99880,198,99962,498,99876,298,99974,100,99875,100,99975,100,99874,100,100009,100,99657,100,100021,100,99196,100,100030,100,99152,100,100032,100,99117,100,100046,100,99103,100,100066,100,99100,100
2019-06-28 09:47:00.000000000,99892,235,99876,235,99962,431,99875,231,99974,231,99874,231,99975,100,99657,100,100009,100,99196,100,100021,100,99152,100,100030,100,99117,100,100032,100,99103,100,100046,100,99100,100,100066,100,99079,100
2019-06-28 09:47:10.000000000,99892,496,99876,496,99962,300,99875,100,99974,100,99874,100,99975,100,99657,100,100009,100,99196,100,100021,100,99152,100,100030,100,99117,100,100032,100,99103,100,100046,100,99100,100,100066,100,99079,100
2019-06-28 09:47:20.000000000,99892,235,99876,235,99962,431,99875,231,99974,231,99874,231,99975,100,99657,100,100009,100,99196,100,100021,100,99152,100,100030,100,99117,100,100032,100,99103,100,100046,100,99100,100,100066,100,99079,100
2019-06-28 09:47:20.325727722,99892,235,99876,235,99962,431,99875,231,99974,231,99874,231,99975,100,99657,100,100009,100,99411,100,100021,100,99196,100,100030,100,99152,100,100032,100,99117,100,100046,100,99103,100,100066,100,99100,100
2019-06-28 09:47:23.938955628,99889,100,99876,235,99892,235,99875,231,99962,331,99874,231,99974,231,99657,100,99975,100,99411,100,100009,100,99196,100,100021,100,99152,100,100030,100,99117,100,100032,100,99103,100,100046,100,99100,100
2019-06-28 09:47:25.130600281,99889,100,99876,135,99892,235,99875,231,99962,331,99874,231,99974,231,99657,100,99975,100,99411,100,100009,100,99196,100,100021,100,99152,100,100030,100,99117,100,100032,100,99103,100,100046,100,99100,100
2019-06-28 09:47:27.838362919,99889,100,99876,135,99892,235,99875,231,99962,331,99874,231,99974,231,99657,100,99975,100,99411,100,100009,100,99359,100,100021,100,99196,100,100030,100,99152,100,100032,100,99117,100,100046,100,99103,100
2019-06-28 09:47:29.455577321,99889,100,99876,35,99892,235,99875,231,99962,331,99874,231,99974,231,99657,100,99975,100,99411,100,100009,100,99359,100,100021,100,99196,100,100030,100,99152,100,100032,100,99117,100,100046,100,99103,100
2019-06-28 09:47:30.000000000,99889,235,99875,235,99892,231,99874,231,99962,331,99657,231,99974,100,99411,100,99975,100,99359,100,100009,100,99196,100,100021,100,99152,100,100030,100,99117,100,100032,100,99103,100,100046,100,99100,100
2019-06-28 09:47:40.000000000,99889,179,99875,179,99892,179,99874,179,99962,279,99657,179,99974,179,99411,179,99975,179,99359,179,100009,100,99196,100,100021,100,99152,100,100030,100,99117,100,100032,100,99103,100,100046,100,99100,100
2019-06-28 09:47:50.000000000,99889,496,99875,496,99892,100,99874,100,99962,200,99657,100,99974,100,99411,100,99975,100,99359,100,100009,100,99196,100,100021,100,99152,100,100030,100,99117,100,100032,100,99103,100,100046,100,99100,100
2019-06-28 09:48:00.000000000,99889,235,99875,235,99892,231,99874,231,99962,331,99657,231,99974,100,99411,100,99975,100,99359,100,100009,100,99196,100,100021,100,99152,100,100030,100,99117,100,100032,100,99103,100,100046,100,99100,100
2019-06-28 09:48:00.494227526,99889,235,99875,235,99892,231,99874,231,99941,100,99657,231,99962,331,99411,100,99974,100,99359,100,99975,100,99196,100,100009,100,99152,100,100021,100,99117,100,100030,100,99103,100,100032,100,99100,100
2019-06-28 09:48:07.598319760,99889,135,99875,235,99892,231,99874,231,99941,100,99657,231,99962,331,99411,100,99974,100,99359,100,99975,100,99196,100,100009,100,99152,100,100021,100,99117,100,100030,100,99103,100,100032,100,99100,100
2019-06-28 09:48:10.000000000,99892,199,99875,199,99941,199,99874,199,99962,299,99657,199,99974,199,99411,199,99975,100,99359,100,100009,100,99196,100,100021,100,99152,100,100030,100,99117,100,100032,100,99103,100,100046,100,99100,100
2019-06-28 09:48:20.000000000,99892,298,99875,298,99941,298,99874,298,99962,200,99657,100,99974,100,99411,100,99975,100,99359,100,100009,100,99196,100,100021,100,99152,100,100030,100,99117,100,100032,100,99103,100,100046,100,99100,100
2019-06-28 09:48:25.310297864,99892,198,99876,100,99941,298,99875,298,99962,200,99874,298,99974,100,99657,100,99975,100,99411,100,100009,100,99359,100,100021,100,99196,100,100030,100,99152,100,100032,100,99117,100,100046,100,99103,100
2019-06-28 09:48:30.000000000,99941,199,99876,199,99962,299,99875,199,99974,199,99874,199,99975,199,99657,199,100009,100,99411,100,100021,100,99359,100,100030,100,99196,100,100032,100,99152,100,100046,100,99117,100,100066,100,99103,100
2019-06-28 09:48:40.000000000,99941,298,99876,298,99962,398,99875,298,99974,100,99874,100,99975,100,99657,100,100009,100,99411,100,100021,100,99359,100,100030,100,99196,100,100032,100,99152,100,100046,100,99117,100,100066,100,99103,100
2019-06-28 09:48:47.450988455,99941,298,99876,198,99962,398,99875,298,99974,100,99874,100,99975,100,99657,100,100009,100,99411,100,100021,100,99359,100,100030,100,99196,100,100032,100,99152,100,100046,100,99117,100,100066,100,99103,100
2019-06-28 09:48:50.000000000,99941,179,99875,179,99962,279,99874,179,99974,179,99657,179,99975,179,99411,179,100009,179,99359,179,100021,100,99196,100,100030,100,99152,100,100032,100,99117,100,100046,100,99103,100,100066,100,99100,100
2019-06-28 09:49:00.000000000,99941,235,99875,235,99962,331,99874,231,99974,231,99657,231,99975,100,99411,100,100009,100,99359,100,100021,100,99196,100,100030,100,99152,100,100032,100,99117,100,100046,100,99103,100,100066,100,99100,100
2019-06-28 09:49:10.000000000,99941,235,99875,235,99962,331,99874,231,99974,231,99657,231,99975,100,99411,100,100009,100,99359,100,100021,100,99196,100,100030,100,99152,100,100032,100,99117,100,100046,100,99103,100,100066,100,99100,100
2019-06-28 09:49:20.000000000,99941,179,99875,179,99962,279,99874,179,99974,179,99657,179,99975,179,99411,179,100009,179,99359,179,100021,100,99196,100,100030,100,99152,100,100032,100,99117,100,100046,100,99103,100,100066,100,99100,100
2019-06-28 09:49:25.486989382,99888,100,99875,179,99941,179,99874,179,99962,179,99657,179,99974,179,99411,179,99975,179,99359,179,100009,179,99196,100,100021,100,99152,100,100030,100,99117,100,100032,100,99103,100,100046,100,99100,100
2019-06-28 09:49:30.000000000,99888,199,99875,199,99941,199,99874,199,99962,199,99657,199,99974,199,99411,199,99975,100,99359,100,100009,100,99196,100,100021,100,99152,100,100030,100,99117,100,100032,100,99103,100,100046,100,99100,100
2019-06-28 09:49:37.635564182,99888,199,99875,199,99941,199,99874,199,99962,199,99657,199,99974,199,99492,100,99975,100,99411,199,100009,100,99359,100,100021,100,99196,100,100030,100,99152,100,100032,100,99117,100,100046,100,99103,100
2019-06-28 09:49:40.000000000,99888,199,99875,199,99941,199,99874,199,99962,199,99657,199,99974,199,99492,199,99975,100,99411,100,100009,100,99359,100,100021,100,99196,100,100030,100,99152,100,100032,100,99117,100,100046,100,99103,100
2019-06-28 09:49:49.902571066,99888,199,99875,199,99941,199,99874,199,99962,199,99657,199,99974,199,99614,100,99975,100,99492,199,100009,100,99411,100,100021,100,99359,100,100030,100,99196,100,100032,100,99152,100,100046,100,99117,100
2019-06-28 09:49:50.000000000,99888,235,99875,235,99941,231,99874,231,99962,231,99657,231,99974,100,99614,100,99975,100,99492,100,100009,100,99411,100,100021,100,99359,100,100030,100,99196,100,100032,100,99152,100,100046,100,99117,100
2019-06-28 09:50:00.000000000,99888,179,99875,179,99941,179,99874,179,99962,179,99657,179,99974,179,99614,179,99975,179,99492,179,100009,100,99411,100,100021,100,99359,100,100030,100,99196,100,100032,100,99152,100,100046,100,99117,100
2019-06-28 09:50:10.000000000,99888,179,99875,179,99941,179,99874,179,99962,179,99657,179,99974,179,99614,179,99975,179,99492,179,100009,100,99411,100,100021,100,99359,100,100030,100,99196,100,100032,100,99152,100,100046,100,99117,100
2019-06-28 09:50:11.762737282,99888,179,99875,179,99941,79,99874,179,99962,179,99657,179,99974,179,99614,179,99975,179,99553,100,100009,100,99492,179,100021,100,99411,100,100030,100,99359,100,100032,100,99196,100,100046,100,99152,100
2019-06-28 09:50:20.000000000,99888,235,99875,235,99962,231,99874,231,99974,231,99657,231,99975,100,99614,100,100009,100,99553,100,100021,100,99492,100,100030,100,99411,100,100032,100,99359,100,100046,100,99196,100,100066,100,99152,100
2019-06-28 09:50:30.000000000,99888,496,99875,496,99962,100,99874,100,99974,100,99657,100,99975,100,99614,100,100009,100,99553,100,100021,100,99492,100,100030,100,99411,100,100032,100,99359,100,100046,100,99196,100,100066,100,99152,100
2019-06-28 09:50:40.000000000,99888,179,99875,179,99962,179,99874,179,99974,179,99657,179,99975,179,99614,179,100009,179,99553,179,100021,100,99492,100,100030,100,99411,100,100032,100,99359,100,100046,100,99196,100,100066,100,99152,100
2019-06-28 09:50:50.000000000,99888,179,99875,179,99962,179,99874,179,99974,179,99657,179,99975,179,99614,179,100009,179,99553,179,100021,100,99492,100,100030,100,99411,100,100032,100,99359,100,100046,100,99196,100,100066,100,99152,100
2019-06-28 09:51:00.000000000,99888,235,99875,235,99962,231,99874,231,99974,231,99657,231,99975,100,99614,100,100009,100,99553,100,100021,100,99492,100,100030,100,99411,100,100032,100,99359,100,100046,100,99196,100,100066,100,99152,100
2019-06-28 09:51:10.000000000,99888,199,99875,199,99962,199,99874,199,99974,199,99657,199,99975,199,99614,199,100009,100,99553,100,100021,100,99492,100,100030,100,99411,100,100032,100,99359,100,100046,100,99196,100,100066,100,99152,100
2019-06-28 09:51:20.000000000,99888,199,99875,199,99962,199,99874,199,99974,199,99657,199,99975,199,99614,199,100009,100,99553,100,100021,100,99492,100,100030,100,99411,100,100032,100,99359,100,100046,100,99196,100,100066,100,99152,100
2019-06-28 09:51:24.276899879,99888,199,99875,199,99962,199,99874,199,99974,199,99789,100,99975,199,99657,199,100009,100,99614,199,100021,100,99553,100,100032,100,99492,100,100046,100,99411,100,100066,100,99359,100,100090,100,99196,100
2019-06-28 09:51:26.158871043,99888,199,99875,199,99962,199,99874,199,99974,199,99868,100,99975,199,99789,100,100009,100,99657,199,100021,100,99614,199,100032,100,99553,100,100046,100,99492,100,100066,100,99411,100,100090,100,99359,100
2019-06-28 09:51:30.000000000,99888,235,99875,235,99962,231,99874,231,99974,231,99868,231,99975,100,99789,100,100009,100,99657,100,100021,100,99614,100,100032,100,99553,100,100046,100,99492,100,100066,100,99411,100,100090,100,99359,100
2019-06-28 09:51:40.000000000,99888,199,99875,199,99962,199,99874,199,99974,199,99868,199,99975,199,99789,199,100009,100,99657,100,100021,100,99614,100,100032,100,99553,100,100046,100,99492,100,100066,100,99411,100,100090,100,99359,100
2019-06-28 09:51:48.614122080,99888,199,99875,99,99962,199,99874,99,99974,199,99868,199,99975,199,99789,199,100009,100,99657,100,100021,100,99614,100,100032,100,99553,100,100046,100,99492,100,100066,100,99411,100,100090,100,99359,100
2019-06-28 09:51:50.000000000,99888,496,99868,496,99962,100,99789,100,99974,100,99657,100,99975,100,99614,100,100009,100,99553,100,100021,100,99492,100,100032,100,99411,100,100046,100,99359,100,100066,100,99196,100,100090,100,99117,100
2019-06-28 09:51:57.957282962,99888,496,99868,496,99921,100,99789,100,99962,100,99657,100,99974,100,99614,100,99975,100,99553,100,100009,100,99492,100,100021,100,99411,100,100032,100,99359,100,100046,100,99196,100,100066,100,99117,100
2019-06-28 09:52:00.000000000,99888,199,99868,199,99921,199,99789,199,99962,199,99657,199,99974,199,99614,199,99975,100,99553,100,100009,100,99492,100,100021,100,99411,100,100032,100,99359,100,100046,100,99196,100,100066,100,99117,100
2019-06-28 09:52:06.708162212,99888,199,99868,199,99921,99,99789,199,99962,199,99722,100,99974,199,99657,199,99975,100,99614,199,100009,100,99553,100,100021,100,99492,100,100032,100,99411,100,100046,100,99359,100,100066,100,99196,100
2019-06-28 09:52:10.000000000,99888,298,99868,298,99962,298,99789,298,99974,100,99722,100,99975,100,99657,100,100009,100,99614,100,100021,100,99553,100,100032,100,99492,100,100046,100,99411,100,100066,100,99359,100,100090,100,99196,100
2019-06-28 09:52:14.075841448,99888,298,99868,198,99962,298,99789,298,99974,100,99722,100,99975,100,99657,100,100009,100,99614,100,100021,100,99553,100,100032,100,99492,100,100046,100,99411,100,100066,100,99359,100,100090,100,99196,100
2019-06-28 09:52:20.000000000,99888,496,99789,496,99962,100,99722,100,99974,100,99657,100,99975,100,99614,100,100009,100,99553,100,100021,100,99492,100,100032,100,99411,100,100046,100,99359,100,100066,100,99196,100,100090,100,99117,100
2019-06-28 09:52:30.000000000,99888,496,99789,496,99962,100,99722,100,99974,100,99657,100,99975,100,99614,100,100009,100,99553,100,100021,100,99492,100,100032,100,99411,100,100046,100,99359,100,100066,100,99196,100,100090,100,99117,100
2019-06-28 09:52:33.937626225,99888,496,99871,100,99962,100,99789,496,99974,100,99722,100,99975,100,99657,100,100009,100,99614,100,100032,100,99553,100,100046,100,99492,100,100066,100,99411,100,100090,100,99359,100,100141,100,99196,100
2019-06-28 09:52:40.000000000,99888,179,99871,179,99962,179,99789,179,99974,179,99722,179,99975,179,99657,179,100009,179,99614,179,100032,100,99553,100,100046,100,99492,100,100066,100,99411,100,100090,100,99359,100,100141,100,99196,100
2019-06-28 09:52:50.000000000,99888,298,99871,298,99962,298,99789,298,99974,100,99722,100,99975,100,99657,100,100009,100,99614,100,100032,100,99553,100,100046,100,99492,100,100066,100,99411,100,100090,100,99359,100,100141,100,99196,100
2019-06-28 09:52:53.886760686,99888,298,99871,298,99962,298,99812,100,99974,100,99789,298,99975,100,99722,100,100009,100,99657,100,100032,100,99614,100,100046,100,99553,100,100066,100,99492,100,100090,100,99411,100,100141,100,99359,100
2019-06-28 09:53:00.000000000,99888,235,99871,235,99962,231,99812,231,99974,231,99789,231,99975,100,99722,100,100009,100,99657,100,100032,100,99614,100,100046,100,99553,100,100066,100,99492,100,100090,100,99411,100,100141,100,99359,100
2019-06-28 09:53:10.000000000,99888,179,99871,179,99962,179,99812,179,99974,179,99789,179,99975,179,99722,179,100009,179,99657,179,100032,100,99614,100,100046,100,99553,100,100066,100,99492,100,100090,100,99411,100,100141,100,99359,100
2019-06-28 09:53:19.309915601,99888,79,99871,179,99962,179,99812,179,99974,179,99789,179,99975,179,99722,179,100009,179,99657,179,100046,100,99614,100,100066,100,99553,100,100090,100,99492,100,100141,100,99411,100,100244,100,99359,100
2019-06-28 09:53:20.000000000,99962,199,99871,199,99974,199,99812,199,99975,199,99789,199,100009,199,99722,199,100046,100,99657,100,100066,100,99614,100,100090,100,99553,100,100141,100,99492,100,100244,100,99411,100,100249,100,99359,100
2019-06-28 09:53:30.000000000,99962,298,99871,298,99974,298,99812,298,99975,100,99789,100,100009,100,99722,100,100046,100,99657,100,100066,100,99614,100,100090,100,99553,100,100141,100,99492,100,100244,100,99411,100,100249,100,99359,100
2019-06-28 09:53:40.000000000,99962,496,99871,496,99974,100,99812,100,99975,100,99789,100,100009,100,99722,100,100046,100,99657,100,100066,100,99614,100,100090,100,99553,100,100141,100,99492,100,100244,100,99411,100,100249,100,99359,100
2019-06-28 09:53:50.000000000,99962,179,99871,179,99974,179,99812,179,99975,179,99789,179,100009,179,99722,179,100046,179,99657,179,100066,100,99614,100,100090,100,99553,100,100141,100,99492,100,100244,100,99411,100,100249,100,99359,100
2019-06-28 09:53:52.354521333,99962,179,99871,179,99974,179,99812,179,99975,179,99789,179,100009,179,99722,179,100046,179,99657,179,100066,100,99553,100,100090,100,99492,100,100141,100,99411,100,100244,100,99359,100,100249,100,99196,100
2019-06-28 09:53:52.640485181,99962,79,99871,179,99974,179,99812,179,99975,179,99789,179,100009,179,99722,179,100046,179,99657,179,100066,100,99553,100,100090,100,99492,100,100141,100,99411,100,100244,100,99359,100,100249,100,99196,100
2019-06-28 09:54:00.000000000,99974,298,99871,298,99975,298,99812,298,100009,100,99789,100,100046,100,99722,100,100066,100,99657,100,100090,100,99553,100,100141,100,99492,100,100244,100,99411,100,100249,100,99359,100,100426,100,99196,100
2019-06-28 09:54:10.000000000,99974,496,99871,496,99975,100,99812,100,100009,100,99789,100,100046,100,99722,100,100066,100,99657,100,100090,100,99553,100,100141,100,99492,100,100244,100,99411,100,100249,100,99359,100,100426,100,99196,100
2019-06-28 09:54:12.231489166,99974,496,99871,496,99975,100,99812,100,100009,100,99789,100,100046,100,99722,100,100066,100,99657,100,100090,100,99553,100,100141,100,99492,100,100244,100,99411,100,100249,100,99359,100,100406,100,99196,100
2019-06-28 09:54:17.181945651,99974,396,99871,496,99975,100,99812,100,100009,100,99789,100,100046,100,99722,100,100066,100,99657,100,100090,100,99553,100,100141,100,99492,100,100244,100,99411,100,100249,100,99359,100,100406,100,99196,100
2019-06-28 09:54:20.000000000,99975,199,99871,199,100009,199,99812,199,100046,199,99789,199,100066,199,99722,199,100090,100,99657,100,100141,100,99553,100,100244,100,99492,100,100249,100,99411,100,100406,100,99359,100,100426,100,99196,100
2019-06-28 09:54:28.112790984,99975,199,99962,100,100009,199,99871,199,100046,199,99812,199,100066,199,99789,199,100090,100,99722,199,100141,100,99657,100,100244,100,99553,100,100249,100,99492,100,100406,100,99411,100,100426,100,99359,100
2019-06-28 09:54:29.920595745,99975,199,99962,100,100009,199,99871,199,100046,199,99812,199,100066,199,99789,199,100090,100,99722,199,100141,100,99657,100,100244,100,99553,100,100249,100,99492,100,100406,100,99411,100,100426,100,99359,100
2019-06-28 09:54:30.000000000,99975,298,99962,298,100009,298,99871,298,100046,100,99812,100,100066,100,99789,100,100090,100,99722,100,100141,100,99657,100,100244,100,99553,100,100249,100,99492,100,100406,100,99411,100,100426,100,99359,100
2019-06-28 09:54:40.000000000,99975,298,99962,298,100009,298,99871,298,100046,100,99812,100,100066,100,99789,100,100090,100,99722,100,100141,100,99657,100,100244,100,99553,100,100249,100,99492,100,100406,100,99411,100,100426,100,99359,100
2019-06-28 09:54:50.000000000,99975,235,99962,235,100009,231,99871,231,100046,231,99812,231,100066,100,99789,100,100090,100,99722,100,100141,100,99657,100,100244,100,99553,100,100249,100,99492,100,100406,100,99411,100,100426,100,99359,100
2019-06-28 09:55:00.000000000,99975,199,99962,199,100009,199,99871,199,100046,199,99812,199,100066,199,99789,199,100090,100,99722,100,100141,100,99657,100,100244,100,99553,100,100249,100,99492,100,100406,100,99411,100,100426,100,99359,100
2019-06-28 09:55:03.852056686,99975,99,99962,199,100009,199,99871,199,100046,199,99812,199,100066,199,99789,199,100090,100,99722,100,100141,100,99657,100,100244,100,99553,100,100249,100,99492,100,100406,100,99411,100,100426,100,99359,100
2019-06-28 09:55:10.000000000,100009,179,99962,179,100046,179,99871,179,100066,179,99812,179,100090,179,99789,179,100141,179,99722,179,100244,100,99657,100,100249,100,99553,100,100406,100,99492,100,100426,100,99411,100,100539,100,99359,100
2019-06-28 09:55:18.223164355,100009,179,99962,179,100046,179,99871,179,100066,179,99812,179,100090,179,99789,179,100141,179,99722,179,100244,100,99657,100,100249,100,99553,100,100406,100,99492,100,100410,100,99411,100,100426,100,99359,100
2019-06-28 09:55:20.000000000,100009,496,99962,496,100046,100,99871,100,100066,100,99812,100,100090,100,99789,100,100141,100,99722,100,100244,100,99657,100,100249,100,99553,100,100406,100,99492,100,100410,100,99411,100,100426,100,99359,100
2019-06-28 09:55:30.000000000,100009,496,99962,496,100046,100,99871,100,100066,100,99812,100,100090,100,99789,100,100141,100,99722,100,100244,100,99657,100,100249,100,99553,100,100406,100,99492,100,100410,100,99411,100,100426,100,99359,100
2019-06-28 09:55:36.296808296,100009,396,99962,496,100046,100,99871,100,100066,100,99812,100,100090,100,99789,100,100141,100,99722,100,100244,100,99657,100,100249,100,99553,100,100406,100,99492,100,100410,100,99411,100,100426,100,99359,100
2019-06-28 09:55:40.000000000,100046,199,99962,199,100066,199,99871,199,100090,199,99812,199,100141,199,99789,199,100244,100,99722,100,100249,100,99657,100,100406,100,99553,100,100410,100,99492,100,100426,100,99411,100,100539,100,99359,100
2019-06-28 09:55:50.000000000,100046,298,99962,298,100066,298,99871,298,100090,100,99812,100,100141,100,99789,100,100244,100,99722,100,100249,100,99657,100,100406,100,99553,100,100410,100,99492,100,100426,100,99411,100,100539,100,99359,100
2019-06-28 09:56:00.000000000,100046,298,99962,298,100066,298,99871,298,100090,100,99812,100,100141,100,99789,100,100244,100,99722,100,100249,100,99657,100,100406,100,99553,100,100410,100,99492,100,100426,100,99411,100,100539,100,99359,100
2019-06-28 09:56:10.000000000,100046,298,99962,298,100066,298,99871,298,100090,100,99812,100,100141,100,99789,100,100244,100,99722,100,100249,100,99657,100,100406,100,99553,100,100410,100,99492,100,100426,100,99411,100,100539,100,99359,100
2019-06-28 09:56:20.000000000,100046,496,99962,496,100066,100,99871,100,100090,100,99812,100,100141,100,99789,100,100244,100,99722,100,100249,100,99657,100,100406,100,99553,100,100410,100,99492,100,100426,100,99411,100,100539,100,99359,100
2019-06-28 09:56:30.000000000,100046,298,99962,298,100066,298,99871,298,100090,100,99812,100,100141,100,99789,100,100244,100,99722,100,100249,100,99657,100,100406,100,99553,100,100410,100,99492,100,100426,100,99411,100,100539,100,99359,100
2019-06-28 09:56:30.805951976,100046,198,99962,298,100066,298,99871,298,100090,100,99812,100,100141,100,99789,100,100244,100,99722,100,100249,100,99657,100,100406,100,99553,100,100410,100,99492,100,100426,100,99411,100,100539,100,99359,100
2019-06-28 09:56:33.011212409,100046,198,99962,298,100066,298,99871,298,100090,100,99812,100,100141,100,99789,100,100244,100,99722,100,100249,100,99657,100,100406,100,99492,100,100410,100,99411,100,100426,100,99359,100,100539,100,99196,100
2019-06-28 09:56:40.000000000,100066,298,99962,298,100090,298,99871,298,100141,100,99812,100,100244,100,99789,100,100249,100,99722,100,100406,100,99657,100,100410,100,99492,100,100426,100,99411,100,100539,100,99359,100,100952,100,99196,100
2019-06-28 09:56:50.000000000,100066,199,99962,199,100090,199,99871,199,100141,199,99812,199,100244,199,99789,199,100249,100,99722,100,100406,100,99657,100,100410,100,99492,100,100426,100,99411,100,100539,100,99359,100,100952,100,99196,100
2019-06-28 09:56:56.592363809,100066,99,99962,199,100090,199,99871,199,100141,199,99812,199,100244,99,99789,199,100249,100,99722,100,100406,100,99657,100,100410,100,99492,100,100426,100,99411,100,100539,100,99359,100,100952,100,99196,100
2019-06-28 09:57:00.000000000,100090,235,99962,235,100141,231,99871,231,100249,231,99812,231,100406,100,99789,100,100410,100,99722,100,100426,100,99657,100,100539,100,99492,100,100952,100,99411,100,,,99359,100,,,99196,100
2019-06-28 09:57:07.724559498,100090,135,99962,235,100141,231,99871,231,100249,231,99812,231,100406,100,99789,100,100426,100,99722,100,100539,100,99657,100,100952,100,99492,100,,,99411,100,,,99359,100,,,99196,100
2019-06-28 09:57:10.000000000,100141,199,99962,199,100249,199,99871,199,100406,199,99812,199,100426,199,99789,199,100539,100,99722,100,100952,100,99657,100,,,99492,100,,,99411,100,,,99359,100,,,99196,100
2019-06-28 09:57:20.000000000,100141,179,99962,179,100249,179,99871,179,100406,179,99812,179,100426,179,99789,179,100539,179,99722,179,100952,100,99657,100,,,99492,100,,,99411,100,,,99359,100,,,99196,100
2019-06-28 09:57:24.949482926,100141,79,99962,179,100249,179,99871,179,100406,179,99812,179,100426,179,99789,179,100539,179,99722,179,100952,100,99657,100,,,99492,100,,,99411,100,,,99359,100,,,99196,100
2019-06-28 09:57:30.000000000,100249,496,99962,496,100406,100,99871,100,100426,100,99812,100,100539,100,99789,100,100952,100,99722,100,,,99657,100,,,99492,100,,,99411,100,,,99359,100,,,99196,100
2019-06-28 09:57:34.180432095,100249,496,99962,496,100406,100,99871,100,100426,100,99812,100,100539,100,99789,100,100748,100,99722,100,100952,100,99657,100,,,99411,100,,,99359,100,,,99196,100,,,99117,100
2019-06-28 09:57:40.000000000,100249,298,99962,298,100406,298,99871,298,100426,100,99812,100,100539,100,99789,100,100748,100,99722,100,100952,100,99657,100,,,99411,100,,,99359,100,,,99196,100,,,99117,100
2019-06-28 09:57:50.000000000,100249,496,99962,496,100406,100,99871,100,100426,100,99812,100,100539,100,99789,100,100748,100,99722,100,100952,100,99657,100,,,99411,100,,,99359,100,,,99196,100,,,99117,100
2019-06-28 09:57:50.454132724,100249,396,99962,496,100406,100,99871,100,100426,100,99812,100,100539,100,99789,100,100748,100,99722,100,100952,100,99411,100,,,99359,100,,,99196,100,,,99117,100,,,99103,100
2019-06-28 09:57:51.973115252,100249,396,99962,496,100406,100,99871,100,100426,100,99812,100,100536,100,99789,100,100539,100,99722,100,100748,100,99411,100,100952,100,99359,100,,,99196,100,,,99117,100,,,99103,100
2019-06-28 09:58:00.000000000,100406,179,99962,179,100426,179,99871,179,100536,179,99812,179,100539,179,99789,179,100748,179,99722,179,100952,100,99411,100,,,99359,100,,,99196,100,,,99117,100,,,99103,100
2019-06-28 09:58:10.000000000,100406,298,99962,298,100426,298,99871,298,100536,100,99812,100,100539,100,99789,100,100748,100,99722,100,100952,100,99411,100,,,99359,100,,,99196,100,,,99117,100,,,99103,100
2019-06-28 09:58:12.962539300,100248,100,99962,298,100406,298,99871,298,100426,298,99812,100,100536,100,99789,100,100539,100,99722,100,100748,100,99411,100,100952,100,99359,100,,,99196,100,,,99117,100,,,99103,100
2019-06-28 09:58:17.998008158,100406,298,99962,298,100426,298,99871,298,100536,100,99812,100,100539,100,99789,100,100748,100,99722,100,100952,100,99411,100,,,99359,100,,,99196,100,,,99117,100,,,99103,100
2019-06-28 09:58:20.000000000,100406,235,99962,235,100426,231,99871,231,100536,231,99812,231,100539,100,99789,100,100748,100,99722,100,100952,100,99411,100,,,99359,100,,,99196,100,,,99117,100,,,99103,100
2019-06-28 09:58:22.515082458,100406,235,99962,235,100426,231,99871,231,100468,100,99812,231,100536,231,99789,100,100539,100,99722,100,100748,100,99411,100,100952,100,99359,100,,,99196,100,,,99117,100,,,99103,100
2019-06-28 09:58:30.000000000,100406,496,99962,496,100426,100,99871,100,100468,100,99812,100,100536,100,99789,100,100539,100,99722,100,100748,100,99411,100,100952,100,99359,100,,,99196,100,,,99117,100,,,99103,100
2019-06-28 09:58:40.000000000,100406,496,99962,496,100426,100,99871,100,100468,100,99812,100,100536,100,99789,100,100539,100,99722,100,100748,100,99411,100,100952,100,99359,100,,,99196,100,,,99117,100,,,99103,100
2019-06-28 09:58:50.000000000,100406,199,99962,199,100426,199,99871,199,100468,199,99812,199,100536,199,99789,199,100539,100,99722,100,100748,100,99411,100,100952,100,99359,100,,,99196,100,,,99117,100,,,99103,100
2019-06-28 09:59:00.000000000,100406,496,99962,496,100426,100,99871,100,100468,100,99812,100,100536,100,99789,100,100539,100,99722,100,100748,100,99411,100,100952,100,99359,100,,,99196,100,,,99117,100,,,99103,100
2019-06-28 09:59:10.000000000,100406,179,99962,179,100426,179,99871,179,100468,179,99812,179,100536,179,99789,179,100539,179,99722,179,100748,100,99411,100,100952,100,99359,100,,,99196,100,,,99117,100,,,99103,100
2019-06-28 09:59:20.000000000,100406,496,99962,496,100426,100,99871,100,100468,100,99812,100,100536,100,99789,100,100539,100,99722,100,100748,100,99411,100,100952,100,99359,100,,,99196,100,,,99117,100,,,99103,100
2019-06-28 09:59:30.000000000,100406,496,99962,496,100426,100,99871,100,100468,100,99812,100,100536,100,99789,100,100539,100,99722,100,100748,100,99411,100,100952,100,99359,100,,,99196,100,,,99117,100,,,99103,100
2019-06-28 09:59:35.651717568,100406,496,99962,496,100426,100,99871,100,100468,100,99812,100,100536,100,99789,100,100539,100,99722,100,100748,100,99411,100,100757,100,99359,100,100952,100,99196,100,,,99117,100,,,99103,100
2019-06-28 09:59:40.000000000,100406,199,99962,199,100426,199,99871,199,100468,199,99812,199,100536,199,99789,199,100539,100,99722,100,100748,100,99411,100,100757,100,99359,100,100952,100,99196,100,,,99117,100,,,99103,100
2019-06-28 09:59:44.023203874,100406,99,99962,199,100426,199,99871,199,100468,199,99812,199,100536,199,99789,199,100539,100,99722,100,100748,100,99411,100,100757,100,99359,100,100952,100,99196,100,,,99117,100,,,99103,100
2019-06-28 09:59:46.481889926,100406,99,99962,199,100426,199,99871,199,100468,199,99812,199,100536,199,99789,199,100539,100,99722,100,100745,100,99411,100,100748,100,99359,100,100757,100,99196,100,100952,100,99117,100,,,99103,100
2019-06-28 09:59:50.000000000,100426,298,99962,298,100468,298,99871,298,100536,100,99812,100,100539,100,99789,100,100745,100,99722,100,100748,100,99411,100,100757,100,99359,100,100952,100,99196,100,,,99117,100,,,99103,100
2019-06-28 10:00:00.000000000,100426,179,99962,179,100468,179,99871,179,100536,179,99812,179,100539,179,99789,179,100745,179,99722,179,100748,100,99411,100,100757,100,99359,100,100952,100,99196,100,,,99117,100,,,99103,100
2019-06-28 10:00:10.000000000,100426,179,99962,179,100468,179,99871,179,100536,179,99812,179,100539,179,99789,179,100745,179,99722,179,100748,100,99411,100,100757,100,99359,100,100952,100,99196,100,,,99117,100,,,99103,100
2019-06-28 10:00:20.000000000,100426,179,99962,179,100468,179,99871,179,100536,179,99812,179,100539,179,99789,179,100745,179,99722,179,100748,100,99411,100,100757,100,99359,100,100952,100,99196,100,,,99117,100,,,99103,100
2019-06-28 10:00:30.000000000,100426,179,99962,179,100468,179,99871,179,100536,179,99812,179,100539,179,99789,179,100745,179,99722,179,100748,100,99411,100,100757,100,99359,100,100952,100,99196,100,,,99117,100,,,99103,100
2019-06-28 10:00:40.000000000,100426,298,99962,298,100468,298,99871,298,100536,100,99812,100,100539,100,99789,100,100745,100,99722,100,100748,100,99411,100,100757,100,99359,100,100952,100,99196,100,,,99117,100,,,99103,100
2019-06-28 10:00:50.000000000,100426,298,99962,298,100468,298,99871,298,100536,100,99812,100,100539,100,99789,100,100745,100,99722,100,100748,100,99411,100,100757,100,99359,100,100952,100,99196,100,,,99117,100,,,99103,100
2019-06-28 10:00:56.953553034,100405,100,99962,298,100426,298,99871,298,100468,298,99812,100,100536,100,99789,100,100539,100,99722,100,100745,100,99411,100,100748,100,99359,100,100757,100,99196,100,100952,100,99117,100,,,99103,100
2019-06-28 10:01:00.000000000,100405,496,99962,496,100426,100,99871,100,100468,100,99812,100,100536,100,99789,100,100539,100,99722,100,100745,100,99411,100,100748,100,99359,100,100757,100,99196,100,100952,100,99117,100,,,99103,100
2019-06-28 10:01:10.000000000,100405,496,99962,496,100426,100,99871,100,100468,100,99812,100,100536,100,99789,100,100539,100,99722,100,100745,100,99411,100,100748,100,99359,100,100757,100,99196,100,100952,100,99117,100,,,99103,100
2019-06-28 10:01:20.000000000,100405,179,99962,179,100426,179,99871,179,100468,179,99812,179,100536,179,99789,179,100539,179,99722,179,100745,100,99411,100,100748,100,99359,100,100757,100,99196,100,100952,100,99117,100,,,99103,100
2019-06-28 10:01:30.000000000,100405,199,99962,199,100426,199,99871,199,100468,199,99812,199,100536,199,99789,199,100539,100,99722,100,100745,100,99411,100,100748,100,99359,100,100757,100,99196,100,100952,100,99117,100,,,99103,100
2019-06-28 10:01:30.937931845,100405,199,100248,100,100426,199,99962,199,100468,199,99871,199,100536,199,99812,199,100539,100,99789,199,100745,100,99722,100,100748,100,99411,100,100757,100,99359,100,100952,100,99196,100,,,99117,100
2019-06-28 10:01:36.350617053,100405,199,100248,200,100426,199,99962,199,100468,199,99871,199,100536,199,99812,199,100539,100,99789,199,100745,100,99722,100,100748,100,99411,100,100757,100,99359,100,100952,100,99196,100,,,99117,100
2019-06-28 10:01:40.000000000,100405,199,100248,299,100426,199,99962,199,100468,199,99871,199,100536,199,99812,199,100539,100,99789,100,100745,100,99722,100,100748,100,99411,100,100757,100,99359,100,100952,100,99196,100,,,99117,100
2019-06-28 10:01:50.000000000,100405,496,100248,596,100426,100,99962,100,100468,100,99871,100,100536,100,99812,100,100539,100,99789,100,100745,100,99722,100,100748,100,99411,100,100757,100,99359,100,100952,100,99196,100,,,99117,100
2019-06-28 10:02:00.000000000,100405,235,100248,335,100426,231,99962,231,100468,231,99871,231,100536,100,99812,100,100539,100,99789,100,100745,100,99722,100,100748,100,99411,100,100757,100,99359,100,100952,100,99196,100,,,99117,100
2019-06-28 10:02:10.000000000,100405,298,100248,398,100426,298,99962,298,100468,100,99871,100,100536,100,99812,100,100539,100,99789,100,100745,100,99722,100,100748,100,99411,100,100757,100,99359,100,100952,100,99196,100,,,99117,100
2019-06-28 10:02:20.000000000,100405,298,100248,398,100426,298,99962,298,100468,100,99871,100,100536,100,99812,100,100539,100,99789,100,100745,100,99722,100,100748,100,99411,100,100757,100,99359,100,100952,100,99196,100,,,99117,100
2019-06-28 10:02:30.000000000,100405,199,100248,299,100426,199,99962,199,100468,199,99871,199,100536,199,99812,199,100539,100,99789,100,100745,100,99722,100,100748,100,99411,100,100757,100,99359,100,100952,100,99196,100,,,99117,100
2019-06-28 10:02:40.000000000,100405,496,100248,596,100426,100,99962,100,100468,100,99871,100,100536,100,99812,100,100539,100,99789,100,100745,100,99722,100,100748,100,99411,100,100757,100,99359,100,100952,100,99196,100,,,99117,100
2019-06-28 10:02:44.817119201,100405,496,100248,596,100426,100,99962,100,100468,100,99871,100,100536,100,99812,100,100539,100,99789,100,100745,100,99722,100,100748,100,99411,100,100757,100,99359,100,100952,100,99196,100,101063,100,99117,100
2019-06-28 10:02:48.380681011,100405,496,100248,596,100426,100,99962,100,100468,100,99871,100,100536,100,99812,100,100539,100,99789,100,100745,100,99722,100,100748,100,99411,100,100757,100,99359,100,100952,100,99196,100,101063,100,99117,100
2019-06-28 10:02:50.000000000,100405,199,100248,299,100426,199,99962,199,100468,199,99871,199,100536,199,99812,199,100539,100,99789,100,100745,100,99722,100,100748,100,99411,100,100757,100,99359,100,100952,100,99196,100,101063,100,99117,100
2019-06-28 10:03:00.000000000,100405,496,100248,596,100426,100,99962,100,100468,100,99871,100,100536,100,99812,100,100539,100,99789,100,100745,100,99722,100,100748,100,99411,100,100757,100,99359,100,100952,100,99196,100,101063,100,99117,100
2019-06-28 10:03:10.000000000,100405,496,100248,596,100426,100,99962,100,100468,100,99871,100,100536,100,99812,100,100539,100,99789,100,100745,100,99722,100,100748,100,99411,100,100757,100,99359,100,100952,100,99196,100,101063,100,99117,100
2019-06-28 10:03:16.922988751,100405,396,100248,596,100426,100,99962,100,100468,100,99871,100,100536,100,99812,100,100539,100,99789,100,100745,100,99722,100,100748,100,99411,100,100757,100,99359,100,100952,100,99196,100,101063,100,99117,100
2019-06-28 10:03:19.830273376,100405,296,100248,596,100426,100,99962,100,100468,100,99871,100,100536,100,99812,100,100539,100,99789,100,100745,100,99722,100,100748,100,99411,100,100757,100,99359,100,100952,100,99196,100,101063,100,99117,100
2019-06-28 10:03:20.000000000,100426,235,100248,335,100468,231,99962,231,100536,231,99871,231,100539,100,99812,100,100745,100,99789,100,100748,100,99722,100,100757,100,99411,100,100952,100,99359,100,101063,100,99196,100,101295,100,99117,100
2019-06-28 10:03:20.683591881,100426,235,100405,100,100468,231,100248,335,100536,231,99962,231,100539,100,99871,231,100745,100,99812,100,100748,100,99789,100,100757,100,99722,100,100952,100,99411,100,101063,100,99359,100,101295,100,99196,100
2019-06-28 10:03:25.239515290,100426,235,100405,100,100468,231,100248,335,100536,231,99962,231,100539,100,99871,231,100745,100,99812,100,100748,100,99789,100,100757,100,99722,100,100952,100,99411,100,101054,100,99359,100,101063,100,99196,100
2019-06-28 10:03:29.287088902,100426,135,100405,100,100468,231,100248,335,100536,231,99962,231,100539,100,99871,231,100745,100,99812,100,100748,100,99789,100,100757,100,99722,100,100952,100,99411,100,101054,100,99359,100,101063,100,99196,100
2019-06-28 10:03:30.000000000,100468,179,100405,179,100536,179,100248,279,100539,179,99962,179,100745,179,99871,179,100748,179,99812,179,100757,100,99789,100,100952,100,99722,100,101054,100,99411,100,101063,100,99359,100,,,99196,100
2019-06-28 10:03:40.000000000,100468,298,100405,298,100536,298,100248,398,100539,100,99962,100,100745,100,99871,100,100748,100,99812,100,100757,100,99789,100,100952,100,99722,100,101054,100,99411,100,101063,100,99359,100,,,99196,100
2019-06-28 10:03:49.625543464,100468,198,100405,298,100536,298,100248,398,100539,100,99962,100,100745,100,99871,100,100748,100,99812,100,100757,100,99789,100,100952,100,99722,100,101054,100,99411,100,101063,100,99359,100,,,99196,100
2019-06-28 10:03:50.000000000,100536,235,100405,235,100539,231,100248,331,100745,231,99962,231,100748,100,99871,100,100757,100,99812,100,100952,100,99789,100,101054,100,99722,100,101063,100,99411,100,,,99359,100,,,99196,100
2019-06-28 10:03:58.039656997,100536,235,100405,235,100539,231,100248,331,100745,231,99962,231,100748,100,99871,100,100757,100,99812,100,100952,100,99789,100,101054,100,99722,100,101063,100,99411,100,101387,100,99359,100,,,99196,100
2019-06-28 10:04:00.000000000,100536,235,100405,235,100539,231,100248,331,100745,231,99962,231,100748,100,99871,100,100757,100,99812,100,100952,100,99789,100,101054,100,99722,100,101063,100,99411,100,101387,100,99359,100,,,99196,100
2019-06-28 10:04:10.000000000,100536,496,100405,496,100539,100,100248,200,100745,100,99962,100,100748,100,99871,100,100757,100,99812,100,100952,100,99789,100,101054,100,99722,100,101063,100,99411,100,101387,100,99359,100,,,99196,100
2019-06-28 10:04:20.000000000,100536,235,100405,235,100539,231,100248,331,100745,231,99962,231,100748,100,99871,100,100757,100,99812,100,100952,100,99789,100,101054,100,99722,100,101063,100,99411,100,101387,100,99359,100,,,99196,100
2019-06-28 10:04:23.257427415,100536,135,100405,235,100539,231,100248,331,100745,231,99962,231,100748,100,99871,100,100757,100,99812,100,100952,100,99789,100,101054,100,99722,100,101063,100,99411,100,101387,100,99359,100,,,99196,100
2019-06-28 10:04:29.660411233,100536,35,100405,235,100539,231,100248,331,100745,231,99962,231,100748,100,99871,100,100757,100,99812,100,100952,100,99789,100,101054,100,99722,100,101063,100,99411,100,101387,100,99359,100,,,99196,100
2019-06-28 10:04:30.000000000,100539,496,100405,496,100745,100,100248,200,100748,100,99962,100,100757,100,99871,100,100952,100,99812,100,101054,100,99789,100,101063,100,99722,100,101387,100,99411,100,,,99359,100,,,99196,100
2019-06-28 10:04:36.920863625,100539,396,100405,496,100745,100,100248,200,100748,100,99962,100,100757,100,99871,100,100952,100,99812,100,101054,100,99789,100,101063,100,99722,100,101387,100,99411,100,,,99359,100,,,99196,100
2019-06-28 10:04:37.737404485,100539,396,100536,100,100745,100,100405,496,100748,100,100248,200,100757,100,99871,100,100952,100,99812,100,101054,100,99789,100,101063,100,99722,100,101387,100,99411,100,,,99359,100,,,99196,100
2019-06-28 10:04:40.000000000,100745,235,100536,235,100748,231,100405,231,100757,231,100248,331,100952,100,99871,100,101054,100,99812,100,101063,100,99789,100,101387,100,99722,100,,,99411,100,,,99359,100,,,99196,100
2019-06-28 10:04:45.661386426,100745,235,100536,335,100748,231,100405,231,100757,231,100248,331,100952,100,99871,100,101054,100,99812,100,101063,100,99789,100,101387,100,99722,100,,,99411,100,,,99359,100,,,99196,100
2019-06-28 10:04:47.569372860,100745,135,100536,335,100748,231,100405,231,100757,231,100248,331,100952,100,99871,100,101054,100,99812,100,101063,100,99722,100,101387,100,99411,100,,,99359,100,,,99196,100,,,99117,100
2019-06-28 10:04:50.000000000,100748,235,100536,335,100757,231,100405,231,100952,231,100248,331,101054,100,99871,100,101063,100,99812,100,101387,100,99722,100,,,99411,100,,,99359,100,,,99196,100,,,99117,100
2019-06-28 10:04:54.513713528,100748,235,100539,100,100757,231,100536,335,100952,231,100405,231,101054,100,100248,331,101063,100,99871,100,101387,100,99812,100,,,99722,100,,,99411,100,,,99359,100,,,99196,100
2019-06-28 10:05:00.000000000,100748,179,100539,179,100757,179,100536,279,100952,179,100405,179,101054,179,100248,279,101063,179,99871,179,101387,100,99812,100,,,99722,100,,,99411,100,,,99359,100,,,99196,100
2019-06-28 10:05:10.000000000,100748,496,100539,496,100757,100,100536,200,100952,100,100405,100,101054,100,100248,200,101063,100,99871,100,101387,100,99812,100,,,99722,100,,,99411,100,,,99359,100,,,99196,100
2019-06-28 10:05:20.000000000,100748,496,100539,496,100757,100,100536,200,100952,100,100405,100,101054,100,100248,200,101063,100,99871,100,101387,100,99812,100,,,99722,100,,,99411,100,,,99359,100,,,99196,100
2019-06-28 10:05:30.000000000,100748,179,100539,179,100757,179,100536,279,100952,179,100405,179,101054,179,100248,279,101063,179,99871,179,101387,100,99812,100,,,99722,100,,,99411,100,,,99359,100,,,99196,100
2019-06-28 10:05:31.368314177,100748,179,100539,179,100757,179,100536,279,100907,100,100405,179,100952,179,100248,279,101054,179,99871,179,101063,179,99812,100,101387,100,99722,100,,,99411,100,,,99359,100,,,99196,100
2019-06-28 10:05:37.196312537,100748,179,100589,100,100757,179,100539,179,100907,100,100536,279,100952,179,100405,179,101054,179,100248,279,101063,179,99871,179,101387,100,99812,100,,,99722,100,,,99411,100,,,99359,100
2019-06-28 10:05:40.000000000,100748,179,100589,179,100757,179,100539,179,100907,179,100536,279,100952,179,100405,179,101054,179,100248,279,101063,100,99871,100,101387,100,99812,100,,,99722,100,,,99411,100,,,99359,100
2019-06-28 10:05:49.638794963,100748,179,100659,100,100757,179,100589,179,100907,179,100539,179,100952,179,100536,279,101054,179,100405,179,101063,100,100248,279,101387,100,99871,100,,,99812,100,,,99722,100,,,99411,100
2019-06-28 10:05:50.000000000,100748,179,100659,179,100757,179,100589,179,100907,179,100539,179,100952,179,100536,279,101054,179,100405,179,101063,100,100248,200,101387,100,99871,100,,,99812,100,,,99722,100,,,99411,100
2019-06-28 10:05:52.860344573,100748,179,100659,79,100757,179,100589,179,100907,179,100539,179,100952,179,100536,279,101054,179,100405,179,101063,100,100248,200,101387,100,99871,100,,,99812,100,,,99722,100,,,99411,100
2019-06-28 10:06:00.000000000,100748,199,100589,199,100757,199,100539,199,100907,199,100536,299,100952,199,100405,199,101054,100,100248,200,101063,100,99871,100,101387,100,99812,100,,,99722,100,,,99411,100,,,99359,100
2019-06-28 10:06:00.837581989,100748,199,100660,100,100757,199,100589,199,100907,199,100539,199,100952,199,100536,299,101054,100,100405,199,101063,100,100248,200,101387,100,99871,100,,,99812,100,,,99722,100,,,99411,100
2019-06-28 10:06:10.000000000,100748,496,100660,496,100757,100,100589,100,100907,100,100539,100,100952,100,100536,200,101054,100,100405,100,101063,100,100248,200,101387,100,99871,100,,,99812,100,,,99722,100,,,99411,100
2019-06-28 10:06:11.872655562,100748,496,100660,496,100757,100,100589,100,100907,100,100539,100,100941,100,100536,200,100952,100,100405,100,101054,100,100248,200,101063,100,99871,100,101387,100,99812,100,,,99722,100,,,99411,100
2019-06-28 10:06:17.683943751,100748,496,100660,496,100757,100,100589,100,100907,100,100539,100,100935,100,100536,200,100941,100,100405,100,100952,100,100248,200,101054,100,99871,100,101063,100,99812,100,101387,100,99722,100,,,99411,100
2019-06-28 10:06:20.000000000,100748,298,100660,298,100757,298,100589,298,100907,100,100539,100,100935,100,100536,200,100941,100,100405,100,100952,100,100248,200,101054,100,99871,100,101063,100,99812,100,101387,100,99722,100,,,99411,100
2019-06-28 10:06:25.397089035,100748,298,100660,398,100757,298,100589,298,100907,100,100539,100,100935,100,100536,200,100941,100,100405,100,100952,100,100248,200,101054,100,99871,100,101063,100,99812,100,101387,100,99722,100,,,99411,100
2019-06-28 10:06:30.000000000,100748,179,100660,279,100757,179,100589,179,100907,179,100539,179,100935,179,100536,279,100941,179,100405,179,100952,100,100248,200,101054,100,99871,100,101063,100,99812,100,101387,100,99722,100,,,99411,100
2019-06-28 10:06:33.335231256,100748,179,100660,279,100757,179,100589,179,100907,179,100539,179,100935,179,100536,279,100941,179,100482,100,100952,100,100405,179,101054,100,100248,200,101063,100,99871,100,101387,100,99812,100,,,99722,100
2019-06-28 10:06:40.000000000,100748,496,100660,596,100757,100,100589,100,100907,100,100539,100,100935,100,100536,200,100941,100,100482,100,100952,100,100405,100,101054,100,100248,200,101063,100,99871,100,101387,100,99812,100,,,99722,100
2019-06-28 10:06:43.368655724,100748,596,100660,596,100757,100,100589,100,100907,100,100539,100,100935,100,100536,200,100941,100,100405,100,100952,100,100248,200,101054,100,99871,100,101063,100,99812,100,101387,100,99722,100,,,99411,100
2019-06-28 10:06:49.825015061,100748,596,100660,496,100757,100,100589,100,100907,100,100539,100,100935,100,100536,200,100941,100,100405,100,100952,100,100248,200,101054,100,99871,100,101063,100,99812,100,101387,100,99722,100,,,99411,100
2019-06-28 10:06:50.000000000,100748,596,100660,496,100757,100,100589,100,100907,100,100539,100,100935,100,100536,200,100941,100,100405,100,100952,100,100248,200,101054,100,99871,100,101063,100,99812,100,101387,100,99722,100,,,99411,100
2019-06-28 10:06:51.915013218,100744,100,100660,496,100748,596,100589,100,100757,100,100539,100,100907,100,100536,200,100935,100,100405,100,100941,100,100248,200,100952,100,99871,100,101054,100,99812,100,101063,100,99722,100,101387,100,99411,100
2019-06-28 10:07:00.000000000,100744,496,100660,496,100748,200,100589,100,100757,100,100539,100,100907,100,100536,200,100935,100,100405,100,100941,100,100248,200,100952,100,99871,100,101054,100,99812,100,101063,100,99722,100,101387,100,99411,100
2019-06-28 10:07:10.000000000,100744,298,100660,298,100748,398,100589,298,100757,100,100539,100,100907,100,100536,200,100935,100,100405,100,100941,100,100248,200,100952,100,99871,100,101054,100,99812,100,101063,100,99722,100,101387,100,99411,100
2019-06-28 10:07:15.788572803,100744,298,100660,198,100748,398,100589,298,100757,100,100539,100,100907,100,100536,200,100935,100,100405,100,100941,100,100248,200,100952,100,99871,100,101054,100,99812,100,101063,100,99722,100,101387,100,99411,100
2019-06-28 10:07:20.000000000,100744,298,100589,298,100748,398,100539,298,100757,100,100536,200,100907,100,100405,100,100935,100,100248,200,100941,100,99871,100,100952,100,99812,100,101054,100,99722,100,101063,100,99411,100,101387,100,99359,100
2019-06-28 10:07:22.921161394,100744,298,100589,298,100748,398,100539,298,100757,100,100536,200,100907,100,100413,100,100935,100,100405,100,100941,100,100248,200,100952,100,99871,100,101054,100,99812,100,101063,100,99722,100,101387,100,99411,100
2019-06-28 10:07:24.615829025,100744,298,100589,298,100748,398,100539,298,100757,100,100536,200,100760,100,100413,100,100907,100,100405,100,100941,100,100248,200,100952,100,99871,100,101054,100,99812,100,101063,100,99722,100,101387,100,99411,100
2019-06-28 10:07:29.894562613,100744,298,100589,198,100748,398,100539,298,100757,100,100536,200,100760,100,100413,100,100907,100,100405,100,100941,100,100248,200,100952,100,99871,100,101054,100,99812,100,101387,100,99722,100,,,99411,100
2019-06-28 10:07:30.000000000,100744,199,100539,199,100748,299,100536,299,100757,199,100413,199,100760,199,100405,199,100907,100,100248,200,100941,100,99871,100,100952,100,99812,100,101054,100,99722,100,101387,100,99411,100,,,99359,100
2019-06-28 10:07:40.000000000,100744,179,100539,179,100748,279,100536,279,100757,179,100413,179,100760,179,100405,179,100907,179,100248,279,100941,100,99871,100,100952,100,99812,100,101054,100,99722,100,101387,100,99411,100,,,99359,100
2019-06-28 10:07:49.590364602,100542,100,100539,179,100744,179,100536,279,100748,279,100413,179,100757,179,100405,179,100760,179,100248,279,100907,179,99871,100,100941,100,99722,100,100952,100,99411,100,101054,100,99359,100,101387,100,99117,100
2019-06-28 10:07:49.880723629,100542,100,100539,179,100744,179,100536,279,100748,279,100413,179,100757,179,100405,179,100760,179,100342,100,100907,179,100248,279,100941,100,99871,100,100952,100,99722,100,101054,100,99411,100,101387,100,99359,100
2019-06-28 10:07:50.000000000,100542,199,100539,199,100744,199,100536,299,100748,299,100413,199,100757,199,100405,199,100760,100,100342,100,100907,100,100248,200,100941,100,99871,100,100952,100,99722,100,101054,100,99411,100,101387,100,99359,100
2019-06-28 10:07:56.053179310,100542,199,100539,199,100673,100,100536,299,100744,199,100413,199,100748,299,100405,199,100757,199,100342,100,100760,100,100248,200,100907,100,99871,100,100941,100,99411,100,100952,100,99359,100,101054,100,99117,100
2019-06-28 10:07:56.795261466,100542,99,100539,199,100673,100,100536,299,100744,199,100413,199,100748,299,100405,199,100757,199,100342,100,100760,100,100248,200,100907,100,99871,100,100941,100,99411,100,101054,100,99359,100,101387,100,99117,100
2019-06-28 10:07:57.041085397,100542,99,100539,99,100673,100,100536,299,100744,199,100413,199,100748,299,100405,199,100757,199,100342,100,100760,100,100248,200,100907,100,99871,100,100941,100,99411,100,101054,100,99359,100,101387,100,99117,100
2019-06-28 10:07:58.269707154,100539,1,100536,299,100542,99,100413,199,100673,100,100405,199,100744,199,100342,100,100748,299,100248,200,100757,199,99871,100,100760,100,99411,100,100907,100,99359,100,100941,100,99117,100,101054,100,99103,100
2019-06-28 10:08:00.000000000,100539,397,100536,596,100673,100,100413,100,100744,100,100405,100,100748,200,100342,100,100757,100,100248,200,100760,100,99871,100,100907,100,99411,100,100941,100,99359,100,101054,100,99117,100,101387,100,99103,100
2019-06-28 10:08:10.000000000,100539,397,100536,596,100673,100,100413,100,100744,100,100405,100,100748,200,100342,100,100757,100,100248,200,100760,100,99871,100,100907,100,99411,100,100941,100,99359,100,101054,100,99117,100,101387,100,99103,100
2019-06-28 10:08:14.014906022,100539,397,100536,596,100673,100,100413,100,100744,100,100342,100,100748,200,100248,200,100757,100,99871,100,100760,100,99411,100,100907,100,99359,100,100941,100,99117,100,101054,100,99103,100,101387,100,99100,100
2019-06-28 10:08:20.000000000,100539,136,100536,335,100673,231,100413,231,100744,231,100342,231,100748,200,100248,200,100757,100,99871,100,100760,100,99411,100,100907,100,99359,100,100941,100,99117,100,101054,100,99103,100,101387,100,99100,100
2019-06-28 10:08:27.900223825,100539,236,100536,335,100673,231,100413,231,100744,231,100342,231,100748,200,100248,200,100757,100,99871,100,100760,100,99411,100,100907,100,99359,100,100941,100,99117,100,101054,100,99103,100,101387,100,99100,100
2019-06-28 10:08:30.000000000,100539,299,100536,398,100673,298,100413,298,100744,100,100342,100,100748,200,100248,200,100757,100,99871,100,100760,100,99411,100,100907,100,99359,100,100941,100,99117,100,101054,100,99103,100,101387,100,99100,100
2019-06-28 10:08:30.547225256,100539,299,100536,398,100582,100,100413,298,100673,298,100342,100,100744,100,100248,200,100748,200,99871,100,100757,100,99411,100,100760,100,99359,100,100907,100,99117,100,100941,100,99103,100,101054,100,99100,100
2019-06-28 10:08:31.047050141,100539,299,100536,398,100582,100,100413,298,100673,298,100344,100,100744,100,100342,100,100748,200,100248,200,100757,100,99871,100,100760,100,99411,100,100907,100,99359,100,100941,100,99117,100,101054,100,99103,100
2019-06-28 10:08:33.413053630,100539,299,100536,398,100582,100,100413,298,100673,298,100344,100,100744,100,100342,100,100748,100,100248,200,100757,100,100219,100,100760,100,99871,100,100907,100,99411,100,100941,100,99359,100,101054,100,99117,100
2019-06-28 10:08:40.000000000,100539,200,100536,299,100582,199,100413,199,100673,199,100344,199,100744,199,100342,199,100748,100,100248,200,100757,100,100219,100,100760,100,99871,100,100907,100,99411,100,100941,100,99359,100,101054,100,99117,100
2019-06-28 10:08:45.531552403,100539,200,100536,299,100582,199,100413,199,100673,199,100344,199,100744,199,100342,199,100748,100,100304,100,100757,100,100248,200,100760,100,100219,100,100907,100,99871,100,100941,100,99411,100,101054,100,99359,100
2019-06-28 10:08:50.000000000,100539,236,100536,335,100582,231,100413,231,100673,231,100344,231,100744,100,100342,100,100748,100,100304,100,100757,100,100248,200,100760,100,100219,100,100907,100,99871,100,100941,100,99411,100,101054,100,99359,100
2019-06-28 10:08:50.005648674,100539,236,100536,335,100582,231,100413,231,100673,231,100344,231,100744,100,100342,100,100748,100,100304,100,100757,100,100248,200,100760,100,100247,100,100907,100,100219,100,101054,100,99871,100,101387,100,99411,100
2019-06-28 10:08:58.994822996,100539,236,100536,335,100582,231,100413,231,100673,131,100344,231,100744,100,100342,100,100748,100,100304,100,100757,100,100248,200,100760,100,100247,100,100907,100,100219,100,101054,100,100020,100,101387,100,99871,100
2019-06-28 10:09:00.000000000,100539,180,100536,279,100582,179,100413,179,100744,179,100344,179,100748,179,100342,179,100757,179,100304,179,100760,100,100248,200,100907,100,100247,100,101054,100,100219,100,101387,100,100020,100,,,99871,100
2019-06-28 10:09:10.000000000,100539,236,100536,335,100582,231,100413,231,100744,231,100344,231,100748,100,100342,100,100757,100,100304,100,100760,100,100248,200,100907,100,100247,100,101054,100,100219,100,101387,100,100020,100,,,99871,100
2019-06-28 10:09:18.845668981,100539,236,100536,335,100582,231,100413,231,100744,231,100344,231,100748,100,100342,100,100757,100,100304,100,100760,100,100248,100,100907,100,100247,100,101054,100,100219,100,101387,100,100020,100,,,99871,100
2019-06-28 10:09:20.000000000,100539,497,100536,596,100582,100,100413,100,100744,100,100344,100,100748,100,100342,100,100757,100,100304,100,100760,100,100248,100,100907,100,100247,100,101054,100,100219,100,101387,100,100020,100,,,99871,100
2019-06-28 10:09:30.000000000,100539,299,100536,398,100582,298,100413,298,100744,100,100344,100,100748,100,100342,100,100757,100,100304,100,100760,100,100248,100,100907,100,100247,100,101054,100,100219,100,101387,100,100020,100,,,99871,100
