,ask_price_1,ask_size_1,bid_price_1,bid_size_1,ask_price_2,ask_size_2,bid_price_2,bid_size_2,ask_price_3,ask_size_3,bid_price_3,bid_size_3,ask_price_4,ask_size_4,bid_price_4,bid_size_4,ask_price_5,ask_size_5,bid_price_5,bid_size_5,ask_price_6,ask_size_6,bid_price_6,bid_size_6,ask_price_7,ask_size_7,bid_price_7,bid_size_7,ask_price_8,ask_size_8,bid_price_8,bid_size_8,ask_price_9,ask_size_9,bid_price_9,bid_size_9,ask_price_10,ask_size_10,bid_price_10,bid_size_10
2019-06-28 09:30:00.000000005,,,99984,100,,,,,,,,,,,,,,,,,,,,,,,,,,,,,,,,,,,,
2019-06-28 09:30:00.000000008,100043,100,,,100090,100,,,,,,,,,,,,,,,,,,,,,,,,,,,,,,,,,,
2019-06-28 09:30:00.000000010,100043,100,,,100090,100,,,100102,100,,,,,,,,,,,,,,,,,,,,,,,,,,,,,,
2019-06-28 09:30:00.000000011,100010,100,,,100043,100,,,100090,100,,,100102,100,,,,,,,,,,,,,,,,,,,,,,,,,,
2019-06-28 09:30:00.000000012,100010,100,99922,100,100043,100,,,100090,100,,,100102,100,,,,,,,,,,,,,,,,,,,,,,,,,,
2019-06-28 09:30:00.000000015,100010,100,99962,100,100043,100,99951,100,100072,100,99922,100,100090,100,,,100102,100,,,,,,,,,,,,,,,,,,,,,,
2019-06-28 09:30:00.000000016,100010,100,99951,100,100043,100,99922,100,100072,100,,,100090,100,,,100102,100,,,,,,,,,,,,,,,,,,,,,,
2019-06-28 09:30:00.000000017,100010,100,99951,100,100043,100,99922,100,100072,100,99817,100,100090,100,,,100102,100,,,,,,,,,,,,,,,,,,,,,,
2019-06-28 09:30:00.000000018,100010,100,99951,100,100043,100,99922,100,100072,100,99817,100,100090,100,,,100102,100,,,100160,100,,,,,,,,,,,,,,,,,,
2019-06-28 09:30:00.000000019,100043,100,99951,100,100072,100,99922,100,100090,100,99817,100,100102,100,,,100160,100,,,,,,,,,,,,,,,,,,,,,,
2019-06-28 09:30:00.000000020,100030,100,99962,100,100043,100,99951,100,100072,100,99922,100,100090,100,99817,100,100102,100,,,100160,100,,,100231,100,,,,,,,,,,,,,,
2019-06-28 09:30:00.000000022,100030,100,99962,200,100043,100,99951,100,100072,100,99922,100,100090,100,99817,100,100102,100,,,100160,100,,,100231,100,,,,,,,,,,,,,,
2019-06-28 09:30:00.000000025,99995,100,99962,200,100030,100,99951,100,100043,100,99922,100,100072,100,99817,100,100073,100,,,100090,100,,,100102,100,,,100160,100,,,100231,100,,,,,,
2019-06-28 09:30:00.000000028,99995,100,99962,200,100030,100,99951,100,100043,100,99922,100,100072,100,99917,100,100073,100,99847,100,100090,100,99817,100,100102,100,,,100160,100,,,100231,100,,,,,,
2019-06-28 09:30:00.000000030,99995,100,99962,200,100010,100,99951,100,100030,100,99922,100,100043,100,99917,100,100072,100,99847,100,100073,100,99817,100,100090,100,,,100102,100,,,100160,100,,,100231,100,,
2019-06-28 09:30:00.000000033,99995,100,99983,100,100010,200,99962,200,100030,100,99951,100,100043,100,99922,100,100072,100,99917,100,100073,100,99847,100,100090,100,99817,100,100102,100,,,100160,100,,,100231,100,,
2019-06-28 09:30:00.000000034,100010,200,99995,100,100030,100,99983,100,100043,100,99962,200,100072,100,99951,100,100073,100,99922,100,100090,100,99917,100,100102,100,99847,100,100160,100,99817,100,100231,100,,,,,,
2019-06-28 09:30:00.000000036,100010,200,99995,100,100030,100,99983,100,100043,100,99962,200,100072,100,99951,100,100073,100,99922,100,100090,100,99917,100,100102,100,99847,100,100157,100,99817,100,100160,100,,,100231,100,,
2019-06-28 09:30:00.000000039,100010,200,99995,100,100030,100,99983,100,100043,100,99962,200,100072,100,99951,100,100073,100,99922,100,100090,100,99917,100,100102,100,99847,100,100143,100,99817,100,100157,100,,,100159,100,,
2019-06-28 09:30:00.000000046,100010,200,99995,100,100030,100,99983,100,100043,100,99962,200,100072,100,99951,100,100073,100,99922,100,100087,100,99917,100,100090,100,99847,100,100102,100,99817,100,100143,100,,,100157,100,,
2019-06-28 09:30:00.000000048,100010,200,99983,100,100030,100,99962,200,100043,100,99951,100,100072,100,99922,100,100073,100,99917,100,100087,100,99847,100,100090,100,99817,100,100102,100,,,100143,100,,,100157,100,,
2019-06-28 09:30:00.000000049,100010,200,99983,100,100030,100,99962,200,100043,100,99951,100,100064,100,99922,100,100072,100,99917,100,100073,100,99847,100,100087,100,99817,100,100090,100,,,100102,100,,,100114,100,,
2019-06-28 09:30:00.000000051,99995,100,99983,100,100010,200,99962,200,100030,100,99951,100,100043,100,99922,100,100064,100,99917,100,100072,100,99847,100,100073,100,99817,100,100087,100,99749,100,100090,100,,,100102,100,,
2019-06-28 09:30:00.000000055,99995,100,99983,100,100010,200,99962,200,100030,100,99951,100,100043,100,99922,100,100064,100,99917,100,100072,100,99916,100,100073,100,99847,100,100087,100,99817,100,100090,100,99749,100,100102,100,,
2019-06-28 09:30:00.000000057,99995,100,99983,100,100010,200,99962,200,100030,100,99951,100,100043,100,99922,100,100064,100,99917,100,100072,100,99916,100,100073,100,99897,100,100087,100,99847,100,100090,100,99817,100,100102,100,99749,100
2019-06-28 09:30:00.000000058,99995,100,99983,100,100010,200,99962,200,100030,100,99951,100,100043,100,99922,100,100064,100,99917,100,100072,100,99916,100,100073,100,99897,100,100084,100,99847,100,100087,100,99817,100,100090,100,99749,100
2019-06-28 09:30:00.000000063,100010,200,99983,100,100030,100,99964,100,100043,100,99962,200,100064,100,99951,100,100072,100,99922,100,100073,100,99917,100,100084,100,99916,100,100087,100,99897,100,100090,100,99847,100,100102,100,99817,100
2019-06-28 09:30:00.000000064,100010,200,99983,200,100030,100,99964,100,100043,100,99962,200,100064,100,99951,100,100072,100,99922,100,100073,100,99917,100,100084,100,99916,100,100087,100,99897,100,100090,100,99847,100,100102,100,99817,100
2019-06-28 09:30:00.000000065,100010,200,99995,100,100030,100,99983,200,100043,100,99964,100,100064,100,99962,200,100072,100,99951,100,100073,100,99922,100,100084,100,99917,100,100087,100,99916,100,100090,100,99897,100,100102,100,99847,100
2019-06-28 09:30:00.000000067,100010,200,99995,100,100030,100,99983,200,100043,100,99964,100,100064,100,99962,200,100065,100,99951,100,100072,100,99922,100,100073,100,99917,100,100084,100,99916,100,100087,100,99897,100,100090,100,99847,100
2019-06-28 09:30:00.000000068,100010,200,99995,200,100030,100,99983,200,100043,100,99964,100,100064,100,99962,200,100065,100,99951,100,100072,100,99922,100,100073,100,99917,100,100084,100,99916,100,100087,100,99897,100,100090,100,99847,100
2019-06-28 09:30:00.000000070,100010,200,99995,100,100022,100,99983,200,100030,100,99964,100,100043,100,99962,200,100064,100,99951,100,100065,100,99922,100,100072,100,99917,100,100073,100,99916,100,100084,100,99897,100,100087,100,99847,100
2019-06-28 09:30:00.000000071,100010,200,99995,100,100022,100,99983,200,100030,100,99964,100,100043,100,99962,200,100064,100,99951,100,100065,100,99922,100,100072,100,99917,100,100073,100,99916,100,100084,100,99897,100,100087,100,99847,100
2019-06-28 09:30:00.000000077,100010,200,99995,100,100022,100,99983,200,100030,100,99964,100,100043,100,99962,200,100064,100,99951,100,100065,100,99922,100,100072,100,99917,100,100073,100,99916,100,100084,100,99897,100,100087,100,99869,100
2019-06-28 09:30:00.000000079,100010,200,99995,100,100022,100,99983,200,100030,100,99964,100,100043,100,99962,200,100064,100,99951,100,100065,100,99943,100,100072,100,99922,100,100073,100,99917,100,100084,100,99916,100,100087,100,99897,100
2019-06-28 09:30:00.000000081,100010,200,99995,100,100022,100,99983,200,100030,100,99964,100,100043,100,99962,200,100064,100,99951,100,100065,100,99943,100,100072,100,99922,100,100073,100,99917,100,100084,100,99916,100,100087,100,99897,100
2019-06-28 09:30:00.000000083,100010,200,99983,200,100022,100,99964,100,100030,100,99962,200,100043,100,99951,100,100064,100,99943,100,100065,100,99922,100,100072,100,99917,100,100073,100,99916,100,100084,100,99897,100,100087,100,99869,100
2019-06-28 09:30:00.000000084,100010,200,99983,100,100022,100,99964,100,100030,100,99962,200,100043,100,99951,100,100064,100,99943,100,100065,100,99922,100,100072,100,99917,100,100073,100,99916,100,100084,100,99897,100,100087,100,99869,100
2019-06-28 09:30:00.000000085,100010,200,99983,100,100022,100,99964,100,100030,100,99962,200,100043,100,99951,100,100064,100,99943,100,100065,100,99922,100,100072,100,99917,100,100073,100,99916,100,100084,100,99897,100,100087,100,99869,100
2019-06-28 09:30:00.000000086,100010,200,99983,100,100022,100,99964,100,100030,100,99962,200,100043,100,99951,100,100046,100,99943,100,100064,100,99922,100,100065,100,99917,100,100072,100,99916,100,100073,100,99897,100,100084,100,99869,100
2019-06-28 09:30:00.000000091,100010,200,99983,100,100022,100,99964,100,100030,100,99962,200,100043,100,99951,100,100046,100,99943,100,100064,100,99922,100,100065,100,99917,100,100072,100,99916,100,100073,100,99897,100,100084,100,99869,100
2019-06-28 09:30:00.000000093,100010,200,100009,100,100022,100,99983,100,100030,100,99964,100,100043,100,99962,200,100046,100,99951,100,100064,100,99943,100,100065,100,99922,100,100072,100,99917,100,100073,100,99916,100,100084,100,99897,100
2019-06-28 09:30:00.000000094,100010,200,100009,100,100022,100,99983,100,100030,100,99964,100,100043,100,99962,200,100046,100,99951,100,100064,100,99943,100,100065,100,99934,100,100072,100,99922,100,100073,100,99917,100,100084,100,99916,100
2019-06-28 09:30:00.000000095,100010,200,99983,100,100022,100,99964,100,100030,100,99962,200,100043,100,99951,100,100046,100,99943,100,100064,100,99934,100,100065,100,99922,100,100072,100,99917,100,100073,100,99916,100,100084,100,99897,100
2019-06-28 09:30:00.000000096,100010,100,99983,100,100022,100,99964,100,100030,100,99962,200,100043,100,99951,100,100046,100,99943,100,100064,100,99934,100,100065,100,99922,100,100072,100,99917,100,100073,100,99916,100,100084,100,99897,100
2019-06-28 09:30:00.000000099,100010,200,99983,100,100022,100,99964,100,100030,100,99962,200,100043,100,99951,100,100046,100,99943,100,100064,100,99934,100,100065,100,99922,100,100072,100,99917,100,100073,100,99916,100,100084,100,99897,100
2019-06-28 09:30:10.000000000,100010,296,99983,196,100022,196,99964,196,100030,196,99962,296,100043,196,99951,196,100046,100,99943,100,100064,100,99934,100,100065,100,99922,100,100072,100,99917,100,100073,100,99916,100,100084,100,99897,100
2019-06-28 09:30:12.578100180,100010,296,99983,196,100022,196,99964,196,100030,196,99962,296,100043,196,99951,196,100046,100,99943,100,100064,100,99934,100,100065,100,99922,100,100072,100,99917,100,100073,100,99916,100,100084,100,99897,100
2019-06-28 09:30:13.811734730,100010,296,99983,196,100022,196,99964,196,100030,196,99962,296,100043,196,99951,196,100046,100,99943,100,100064,100,99934,100,100065,100,99922,100,100072,100,99917,100,100073,100,99916,200,100084,100,99897,100
2019-06-28 09:30:20.000000000,100010,330,99983,230,100022,226,99964,226,100030,226,99962,326,100043,100,99951,100,100046,100,99943,100,100064,100,99934,100,100065,100,99922,100,100072,100,99917,100,100073,100,99916,200,100084,100,99897,100
2019-06-28 09:30:26.058427557,100010,330,99983,230,100022,226,99964,226,100030,226,99962,326,100043,100,99951,100,100046,100,99943,100,100064,100,99934,100,100065,100,99922,100,100072,100,99917,100,100073,100,99916,200,100084,100,99897,100
2019-06-28 09:30:30.000000000,100010,392,99983,292,100022,292,99964,292,100030,100,99962,200,100043,100,99951,100,100046,100,99943,100,100064,100,99934,100,100065,100,99922,100,100072,100,99917,100,100073,100,99916,200,100084,100,99897,100
2019-06-28 09:30:40.000000000,100010,583,99983,483,100022,100,99964,100,100030,100,99962,200,100043,100,99951,100,100046,100,99943,100,100064,100,99934,100,100065,100,99922,100,100072,100,99917,100,100073,100,99916,200,100084,100,99897,100
2019-06-28 09:30:50.000000000,100010,277,99983,177,100022,177,99964,177,100030,177,99962,277,100043,177,99951,177,100046,177,99943,177,100064,100,99934,100,100065,100,99922,100,100072,100,99917,100,100073,100,99916,200,100084,100,99897,100
2019-06-28 09:30:51.124462505,100010,277,99983,177,100022,177,99964,177,100030,177,99962,277,100043,177,99951,177,100046,177,99943,177,100064,100,99934,100,100065,100,99922,100,100072,100,99917,100,100073,100,99916,200,100084,100,99897,100
2019-06-28 09:30:52.706201836,100010,277,99983,177,100022,177,99964,177,100030,177,99962,277,100043,177,99951,177,100046,177,99943,177,100064,100,99934,100,100065,100,99922,100,100072,100,99917,100,100073,100,99916,200,100084,100,99897,100
2019-06-28 09:31:00.000000000,100010,296,99983,196,100022,196,99964,196,100030,196,99962,296,100043,196,99951,196,100046,100,99943,100,100064,100,99934,100,100065,100,99922,100,100072,100,99917,100,100073,100,99916,200,100084,100,99897,100
2019-06-28 09:31:00.901848501,100010,296,100009,100,100022,196,99983,196,100030,196,99964,196,100043,196,99962,296,100046,100,99951,196,100064,100,99943,100,100065,100,99934,100,100072,100,99917,100,100073,100,99916,200,100084,100,99897,100
2019-06-28 09:31:10.000000000,100010,392,100009,292,100022,292,99983,292,100030,100,99964,100,100043,100,99962,200,100046,100,99951,100,100064,100,99943,100,100065,100,99934,100,100072,100,99917,100,100073,100,99916,200,100084,100,99897,100
2019-06-28 09:31:11.331579876,100010,392,100009,292,100022,292,99983,292,100030,100,99964,100,100043,100,99962,200,100046,100,99951,100,100064,100,99943,100,100065,100,99934,100,100072,100,99917,100,100073,100,99916,200,100084,100,99897,100
2019-06-28 09:31:20.000000000,100010,392,100009,292,100022,292,99983,292,100030,100,99964,100,100043,100,99962,200,100046,100,99951,100,100064,100,99943,100,100065,100,99934,100,100072,100,99917,100,100073,100,99916,200,100084,100,99897,100
2019-06-28 09:31:27.667194691,100010,392,100009,292,100022,192,99983,292,100030,100,99964,100,100043,100,99962,200,100046,100,99951,100,100064,100,99943,100,100065,100,99934,100,100072,100,99917,100,100073,100,99916,200,100084,100,99897,100
2019-06-28 09:31:30.000000000,100010,296,100009,196,100030,196,99983,196,100043,196,99964,196,100046,196,99962,296,100064,100,99951,100,100065,100,99943,100,100072,100,99934,100,100073,100,99917,100,100084,100,99916,200,100087,100,99897,100
2019-06-28 09:31:40.000000000,100010,330,100009,230,100030,226,99983,226,100043,226,99964,226,100046,100,99962,200,100064,100,99951,100,100065,100,99943,100,100072,100,99934,100,100073,100,99917,100,100084,100,99916,200,100087,100,99897,100
2019-06-28 09:31:50.000000000,100010,296,100009,196,100030,196,99983,196,100043,196,99964,196,100046,196,99962,296,100064,100,99951,100,100065,100,99943,100,100072,100,99934,100,100073,100,99917,100,100084,100,99916,200,100087,100,99897,100
2019-06-28 09:32:00.000000000,100010,330,100009,230,100030,226,99983,226,100043,226,99964,226,100046,100,99962,200,100064,100,99951,100,100065,100,99943,100,100072,100,99934,100,100073,100,99917,100,100084,100,99916,200,100087,100,99897,100
2019-06-28 09:32:08.337531801,100010,330,100009,330,100030,226,99983,226,100043,226,99964,226,100046,100,99962,200,100064,100,99951,100,100065,100,99943,100,100072,100,99934,100,100073,100,99917,100,100084,100,99916,200,100087,100,99897,100
2019-06-28 09:32:09.511942962,100010,230,100009,330,100030,226,99983,226,100043,226,99964,226,100046,100,99962,200,100065,100,99951,100,100072,100,99943,100,100073,100,99934,100,100084,100,99917,100,100087,100,99916,200,100090,200,99897,100
2019-06-28 09:32:10.000000000,100010,483,100009,583,100030,100,99983,100,100043,100,99964,100,100046,100,99962,200,100065,100,99951,100,100072,100,99943,100,100073,100,99934,100,100084,100,99917,100,100087,100,99916,200,100090,200,99897,100
2019-06-28 09:32:10.123765494,100010,383,100009,583,100043,100,99983,100,100046,100,99964,100,100065,100,99962,200,100072,100,99951,100,100073,100,99943,100,100084,100,99934,100,100087,100,99917,100,100090,200,99916,200,100091,100,99897,100
2019-06-28 09:32:13.988653240,100010,383,100009,583,100043,100,99983,100,100046,100,99964,100,100065,100,99962,200,100073,100,99951,100,100084,100,99943,100,100087,100,99934,100,100090,200,99917,100,100091,100,99916,200,100102,100,99897,100
2019-06-28 09:32:20.000000000,100043,292,100009,392,100046,292,99983,292,100065,100,99964,100,100073,100,99962,200,100084,100,99951,100,100087,100,99943,100,100090,200,99934,100,100091,100,99917,100,100102,100,99916,200,100113,100,99897,100
2019-06-28 09:32:30.000000000,100043,230,100009,330,100046,226,99983,226,100065,226,99964,226,100073,100,99962,200,100084,100,99951,100,100087,100,99943,100,100090,200,99934,100,100091,100,99917,100,100102,100,99916,200,100113,100,99897,100
2019-06-28 09:32:31.318356999,100043,230,100009,330,100046,226,99983,226,100065,226,99964,226,100073,100,99962,200,100084,100,99951,100,100087,100,99943,100,100090,200,99934,100,100091,100,99917,100,100102,100,99916,200,100113,100,99897,100
2019-06-28 09:32:40.000000000,100043,483,100009,583,100046,100,99983,100,100065,100,99964,100,100073,100,99962,200,100084,100,99951,100,100087,100,99943,100,100090,200,99934,100,100091,100,99917,100,100102,100,99916,200,100113,100,99897,100
2019-06-28 09:32:47.946661934,100043,383,100009,583,100046,100,99983,100,100065,100,99964,100,100073,100,99962,200,100084,100,99951,100,100087,100,99943,100,100090,200,99934,100,100091,100,99917,100,100102,100,99916,200,100113,100,99897,100
2019-06-28 09:32:50.000000000,100046,177,100009,277,100065,177,99983,177,100073,177,99964,177,100084,177,99962,277,100087,177,99951,177,100090,200,99943,100,100091,100,99934,100,100102,100,99917,100,100113,100,99916,200,100114,100,99897,100
2019-06-28 09:32:51.054385380,100046,177,100009,177,100065,177,99983,177,100073,177,99964,177,100084,177,99962,277,100087,177,99951,177,100090,200,99943,100,100091,100,99934,100,100102,100,99917,100,100113,100,99916,200,100114,100,99897,100
2019-06-28 09:32:52.534069886,100046,177,100009,177,100065,177,99983,177,100073,177,99964,177,100084,177,99962,277,100087,177,99951,177,100090,200,99943,100,100091,100,99934,100,100102,100,99917,100,100113,100,99916,200,100114,100,99897,100
2019-06-28 09:33:00.000000000,100046,177,100009,177,100065,177,99983,177,100073,177,99964,177,100084,177,99962,277,100087,177,99951,177,100090,200,99943,100,100091,100,99934,100,100102,100,99917,100,100113,100,99916,200,100114,100,99897,100
2019-06-28 09:33:10.000000000,100046,196,100009,196,100065,196,99983,196,100073,196,99964,196,100084,196,99962,296,100087,100,99951,100,100090,200,99943,100,100091,100,99934,100,100102,100,99917,100,100113,100,99916,200,100114,100,99897,100
2019-06-28 09:33:18.131159616,100046,196,100009,196,100065,196,99983,196,100073,196,99964,196,100084,196,99962,296,100087,100,99951,100,100090,200,99943,100,100091,100,99934,100,100102,100,99917,100,100113,100,99916,200,100114,100,99897,100
2019-06-28 09:33:20.000000000,100046,196,100009,196,100065,196,99983,196,100073,196,99964,196,100084,196,99962,296,100087,100,99951,100,100090,200,99943,100,100091,100,99934,100,100102,100,99917,100,100113,100,99916,200,100114,100,99897,100
2019-06-28 09:33:21.322594931,100046,96,100009,196,100065,196,99983,196,100073,196,99964,196,100084,196,99962,296,100087,100,99951,100,100090,200,99943,100,100091,100,99934,100,100102,100,99917,100,100113,100,99916,200,100114,100,99897,100
2019-06-28 09:33:23.016387381,100046,96,100009,196,100065,196,99983,196,100073,196,99964,196,100084,196,99962,196,100087,100,99951,100,100090,200,99943,100,100091,100,99934,100,100102,100,99917,100,100113,100,99916,200,100114,100,99897,100
2019-06-28 09:33:30.000000000,100065,483,100009,483,100073,100,99983,100,100084,100,99964,100,100087,100,99962,100,100090,200,99951,100,100091,100,99943,100,100102,100,99934,100,100113,100,99917,100,100114,100,99916,200,100126,100,99897,100
2019-06-28 09:33:40.000000000,100065,196,100009,196,100073,196,99983,196,100084,196,99964,196,100087,196,99962,196,100090,200,99951,100,100091,100,99943,100,100102,100,99934,100,100113,100,99917,100,100114,100,99916,200,100126,100,99897,100
2019-06-28 09:33:50.000000000,100065,196,100009,196,100073,196,99983,196,100084,196,99964,196,100087,196,99962,196,100090,200,99951,100,100091,100,99943,100,100102,100,99934,100,100113,100,99917,100,100114,100,99916,200,100126,100,99897,100
2019-06-28 09:34:00.000000000,100065,292,100009,292,100073,292,99983,292,100084,100,99964,100,100087,100,99962,100,100090,200,99951,100,100091,100,99943,100,100102,100,99934,100,100113,100,99917,100,100114,100,99916,200,100126,100,99897,100
2019-06-28 09:34:10.000000000,100065,177,100009,177,100073,177,99983,177,100084,177,99964,177,100087,177,99962,177,100090,277,99951,177,100091,100,99943,100,100102,100,99934,100,100113,100,99917,100,100114,100,99916,200,100126,100,99897,100
2019-06-28 09:34:14.722998098,100065,77,100009,177,100073,177,99983,177,100084,177,99964,177,100087,177,99962,177,100090,277,99951,177,100091,100,99943,100,100102,100,99934,100,100113,100,99917,100,100114,100,99916,200,100126,100,99897,100
2019-06-28 09:34:18.139844781,100073,177,100065,23,100084,177,100009,177,100087,177,99983,177,100090,277,99964,177,100091,100,99962,177,100102,100,99951,177,100113,100,99943,100,100114,100,99917,100,100126,100,99916,200,100141,100,99897,100
2019-06-28 09:34:20.000000000,100073,196,100065,119,100084,196,100009,196,100087,196,99983,196,100090,296,99964,196,100091,100,99962,100,100102,100,99951,100,100113,100,99943,100,100114,100,99917,100,100126,100,99916,200,100141,100,99897,100
2019-06-28 09:34:30.000000000,100073,196,100065,119,100084,196,100009,196,100087,196,99983,196,100090,296,99964,196,100091,100,99962,100,100102,100,99951,100,100113,100,99943,100,100114,100,99917,100,100126,100,99916,200,100141,100,99897,100
2019-06-28 09:34:30.197914173,100073,196,100065,219,100084,196,100009,96,100087,196,99983,196,100090,296,99964,196,100091,100,99962,100,100102,100,99951,100,100113,100,99943,100,100114,100,99917,100,100126,100,99916,200,100141,100,99897,100
2019-06-28 09:34:40.000000000,100073,177,100065,200,100084,177,99983,177,100087,177,99964,177,100090,277,99962,177,100091,177,99951,177,100102,100,99943,100,100113,100,99917,100,100114,100,99916,200,100126,100,99897,100,100141,100,99869,100
2019-06-28 09:34:43.239202570,100073,177,100065,300,100084,177,99983,177,100087,177,99964,177,100090,277,99962,177,100091,177,99951,177,100102,100,99943,100,100113,100,99917,100,100114,100,99916,200,100126,100,99897,100,100141,100,99869,100
2019-06-28 09:34:50.000000000,100073,230,100065,353,100084,226,99983,226,100087,226,99964,226,100090,200,99962,100,100091,100,99951,100,100102,100,99943,100,100113,100,99917,100,100114,100,99916,200,100126,100,99897,100,100141,100,99869,100
2019-06-28 09:35:00.000000000,100073,196,100065,319,100084,196,99983,196,100087,196,99964,196,100090,296,99962,196,100091,100,99951,100,100102,100,99943,100,100113,100,99917,100,100114,100,99916,200,100126,100,99897,100,100141,100,99869,100
2019-06-28 09:35:01.896830202,100073,96,100065,319,100084,196,99983,196,100087,196,99964,196,100090,196,99962,196,100091,100,99951,100,100102,100,99943,100,100113,100,99917,100,100114,100,99916,200,100126,100,99897,100,100141,100,99869,100
2019-06-28 09:35:05.721997592,100073,96,100066,100,100084,196,100065,319,100087,196,99983,196,100090,196,99964,196,100091,100,99962,196,100102,100,99951,100,100113,100,99943,100,100114,100,99917,100,100126,100,99916,200,100141,100,99897,100
2019-06-28 09:35:10.000000000,100084,483,100066,483,100087,100,100065,223,100090,100,99983,100,100091,100,99964,100,100102,100,99962,100,100113,100,99951,100,100114,100,99943,100,100126,100,99917,100,100141,100,99916,200,100157,100,99897,100
2019-06-28 09:35:20.000000000,100084,292,100066,292,100087,292,100065,415,100090,100,99983,100,100091,100,99964,100,100102,100,99962,100,100113,100,99951,100,100114,100,99943,100,100126,100,99917,100,100141,100,99916,200,100157,100,99897,100
2019-06-28 09:35:20.782355391,100084,292,100066,292,100087,292,100065,415,100090,100,99983,100,100091,100,99964,100,100102,100,99962,100,100113,100,99951,100,100126,100,99943,100,100141,100,99917,100,100157,100,99916,200,100159,100,99897,100
2019-06-28 09:35:22.553551878,100084,192,100066,292,100087,292,100065,415,100090,100,99983,100,100102,100,99964,100,100113,100,99962,100,100126,100,99951,100,100141,100,99943,100,100157,100,99917,100,100159,100,99916,200,100160,100,99897,100
2019-06-28 09:35:27.299001621,100084,192,100066,292,100087,292,100065,415,100090,100,99983,100,100102,100,99964,100,100113,100,99962,100,100126,100,99951,100,100141,100,99943,100,100157,100,99917,100,100159,100,99916,200,100160,100,99897,100
2019-06-28 09:35:30.000000000,100087,196,100066,196,100090,196,100065,319,100102,196,99983,196,100113,196,99964,196,100126,100,99962,100,100141,100,99951,100,100157,100,99943,100,100159,100,99917,100,100160,100,99916,200,100181,100,99897,100
2019-06-28 09:35:40.000000000,100087,230,100066,230,100090,226,100065,349,100102,226,99983,226,100113,100,99964,100,100126,100,99962,100,100141,100,99951,100,100157,100,99943,100,100159,100,99917,100,100160,100,99916,200,100181,100,99897,100
2019-06-28 09:35:40.620132245,100087,230,100073,100,100090,226,100066,230,100102,226,100065,349,100113,100,99983,226,100126,100,99964,100,100141,100,99962,100,100157,100,99951,100,100159,100,99943,100,100160,100,99917,100,100181,100,99916,200
2019-06-28 09:35:50.000000000,100087,230,100073,230,100090,226,100066,226,100102,226,100065,349,100113,100,99983,100,100126,100,99964,100,100141,100,99962,100,100157,100,99951,100,100159,100,99943,100,100160,100,99917,100,100181,100,99916,200
2019-06-28 09:35:53.185086787,100087,130,100073,230,100090,226,100066,226,100102,226,100065,349,100113,100,99983,100,100126,100,99964,100,100141,100,99962,100,100157,100,99951,100,100159,100,99943,100,100160,100,99917,100,100181,100,99916,200
2019-06-28 09:35:53.962978484,100087,130,100084,100,100090,226,100073,230,100102,226,100066,226,100113,100,100065,349,100126,100,99983,100,100141,100,99964,100,100157,100,99962,100,100159,100,99951,100,100160,100,99943,100,100181,100,99917,100
2019-06-28 09:36:00.000000000,100090,483,100084,483,100102,100,100073,100,100113,100,100066,100,100126,100,100065,223,100141,100,99983,100,100157,100,99964,100,100159,100,99962,100,100160,100,99951,100,100181,100,99943,100,100231,100,99917,100
2019-06-28 09:36:08.365673366,100090,383,100084,483,100102,100,100073,100,100113,100,100066,100,100126,100,100065,200,100141,100,99983,100,100157,100,99964,100,100159,100,99962,100,100160,100,99951,100,100181,100,99943,100,100231,100,99917,100
2019-06-28 09:36:10.000000000,100102,230,100084,230,100113,226,100073,226,100126,226,100066,226,100141,100,100065,200,100157,100,99983,100,100159,100,99964,100,100160,100,99962,100,100181,100,99951,100,100231,100,99943,100,100265,100,99917,100
2019-06-28 09:36:20.000000000,100102,292,100084,292,100113,292,100073,292,100126,100,100066,100,100141,100,100065,200,100157,100,99983,100,100159,100,99964,100,100160,100,99962,100,100181,100,99951,100,100231,100,99943,100,100265,100,99917,100
2019-06-28 09:36:23.406899807,100102,292,100084,292,100113,292,100073,292,100126,100,100066,100,100141,100,100065,200,100157,100,99983,100,100159,100,99964,100,100160,100,99962,100,100181,100,99951,100,100231,100,99943,100,100265,100,99917,100
2019-06-28 09:36:28.314110976,100102,292,100087,100,100113,292,100084,292,100126,100,100073,292,100141,100,100066,100,100157,100,100065,200,100159,100,99983,100,100160,100,99964,100,100181,100,99962,100,100231,100,99951,100,100265,100,99943,100
2019-06-28 09:36:30.000000000,100102,230,100087,230,100113,226,100084,226,100126,226,100073,226,100141,100,100066,100,100157,100,100065,200,100159,100,99983,100,100160,100,99964,100,100181,100,99962,100,100231,100,99951,100,100265,100,99943,100
2019-06-28 09:36:34.015775987,100102,230,100087,230,100113,226,100084,226,100126,226,100073,226,100141,100,100066,100,100157,100,100065,200,100159,100,99983,100,100160,100,99964,100,100181,100,99962,100,100231,100,99951,100,100265,100,99943,100
2019-06-28 09:36:40.000000000,100102,177,100087,177,100113,177,100084,177,100126,177,100073,177,100141,177,100066,177,100157,177,100065,277,100159,100,99983,100,100160,100,99964,100,100181,100,99962,100,100231,100,99951,100,100265,100,99943,100
2019-06-28 09:36:50.000000000,100102,483,100087,483,100113,100,100084,100,100126,100,100073,100,100141,100,100066,100,100157,100,100065,200,100159,100,99983,100,100160,100,99964,100,100181,100,99962,100,100231,100,99951,100,100265,100,99943,100
2019-06-28 09:36:57.391065864,100102,383,100087,483,100113,100,100084,100,100126,100,100073,100,100141,100,100066,100,100157,100,100065,200,100159,100,99983,100,100160,100,99964,100,100181,100,99962,100,100231,100,99951,100,100265,100,99943,100
2019-06-28 09:36:58.791294835,100102,383,100087,483,100113,100,100084,100,100126,100,100073,100,100141,100,100066,100,100157,100,100065,200,100159,100,99983,100,100160,100,99964,100,100181,100,99962,100,100231,100,99951,100,100265,100,99943,100
2019-06-28 09:37:00.000000000,100113,292,100087,292,100126,292,100084,292,100141,100,100073,100,100157,100,100066,100,100159,100,100065,200,100160,100,99983,100,100181,100,99964,100,100231,100,99962,100,100265,100,99951,100,100475,100,99943,100
2019-06-28 09:37:10.000000000,100113,230,100087,230,100126,226,100084,226,100141,226,100073,226,100157,100,100066,100,100159,100,100065,200,100160,100,99983,100,100181,100,99964,100,100231,100,99962,100,100265,100,99951,100,100475,100,99943,100
2019-06-28 09:37:20.000000000,100113,292,100087,292,100126,292,100084,292,100141,100,100073,100,100157,100,100066,100,100159,100,100065,200,100160,100,99983,100,100181,100,99964,100,100231,100,99962,100,100265,100,99951,100,100475,100,99943,100
2019-06-28 09:37:27.934513992,100113,192,100087,292,100126,292,100084,292,100141,100,100073,100,100157,100,100066,100,100159,100,100065,200,100160,100,99983,100,100181,100,99964,100,100231,100,99962,100,100475,100,99951,100,100644,100,99943,100
2019-06-28 09:37:30.000000000,100126,196,100087,196,100141,196,100084,196,100157,196,100073,196,100159,196,100066,196,100160,100,100065,200,100181,100,99983,100,100231,100,99964,100,100475,100,99962,100,100644,100,99951,100,100718,100,99943,100
2019-06-28 09:37:30.305022493,100126,196,100102,100,100141,196,100087,196,100157,196,100084,196,100159,196,100073,196,100160,100,100066,196,100181,100,100065,200,100231,100,99983,100,100475,100,99964,100,100644,100,99962,100,100718,100,99951,100
2019-06-28 09:37:40.000000000,100126,292,100102,292,100141,292,100087,292,100157,100,100084,100,100159,100,100073,100,100160,100,100066,100,100181,100,100065,200,100231,100,99983,100,100475,100,99964,100,100644,100,99962,100,100718,100,99951,100
2019-06-28 09:37:44.991931116,100126,192,100102,292,100141,292,100087,292,100157,100,100084,100,100159,100,100073,100,100160,100,100066,100,100181,100,100065,200,100231,100,99983,100,100475,100,99964,100,100644,100,99962,100,100718,100,99951,100
2019-06-28 09:37:50.000000000,100141,196,100102,196,100157,196,100087,196,100159,196,100084,196,100160,196,100073,196,100181,100,100066,100,100231,100,100065,200,100475,100,99983,100,100644,100,99964,100,100718,100,99962,100,100729,100,99951,100
2019-06-28 09:38:00.000000000,100141,230,100102,230,100157,226,100087,226,100159,226,100084,226,100160,100,100073,100,100181,100,100066,100,100231,100,100065,200,100475,100,99983,100,100644,100,99964,100,100718,100,99962,100,100729,100,99951,100
2019-06-28 09:38:10.000000000,100141,196,100102,196,100157,196,100087,196,100159,196,100084,196,100160,196,100073,196,100181,100,100066,100,100231,100,100065,200,100475,100,99983,100,100644,100,99964,100,100718,100,99962,100,100729,100,99951,100
2019-06-28 09:38:20.000000000,100141,483,100102,483,100157,100,100087,100,100159,100,100084,100,100160,100,100073,100,100181,100,100066,100,100231,100,100065,200,100475,100,99983,100,100644,100,99964,100,100718,100,99962,100,100729,100,99951,100
2019-06-28 09:38:30.000000000,100141,196,100102,196,100157,196,100087,196,100159,196,100084,196,100160,196,100073,196,100181,100,100066,100,100231,100,100065,200,100475,100,99983,100,100644,100,99964,100,100718,100,99962,100,100729,100,99951,100
2019-06-28 09:38:35.384036123,100141,196,100102,196,100157,196,100087,196,100159,196,100084,196,100160,196,100073,196,100181,100,100066,100,100231,100,100065,200,100475,100,99983,100,100644,100,99964,100,100718,100,99962,100,100729,100,99951,100
2019-06-28 09:38:40.000000000,100141,483,100102,483,100157,100,100087,100,100159,100,100084,100,100160,100,100073,100,100181,100,100066,100,100231,100,100065,200,100475,100,99983,100,100644,100,99964,100,100718,100,99962,100,100729,100,99951,100
2019-06-28 09:38:50.000000000,100141,230,100102,230,100157,226,100087,226,100159,226,100084,226,100160,100,100073,100,100181,100,100066,100,100231,100,100065,200,100475,100,99983,100,100644,100,99964,100,100718,100,99962,100,100729,100,99951,100
2019-06-28 09:39:00.000000000,100141,292,100102,292,100157,292,100087,292,100159,100,100084,100,100160,100,100073,100,100181,100,100066,100,100231,100,100065,200,100475,100,99983,100,100644,100,99964,100,100718,100,99962,100,100729,100,99951,100
2019-06-28 09:39:09.122160360,100141,292,100102,292,100157,292,100087,292,100159,100,100084,100,100160,100,100073,100,100181,100,100066,100,100231,100,100065,200,100475,100,99983,100,100644,100,99964,100,100718,100,99962,100,100729,100,99951,100
2019-06-28 09:39:10.000000000,100141,292,100102,292,100157,292,100087,292,100159,100,100084,100,100160,100,100073,100,100181,100,100066,100,100231,100,100065,200,100475,100,99983,100,100644,100,99964,100,100718,100,99962,100,100729,100,99951,100
2019-06-28 09:39:12.452268914,100141,192,100102,292,100157,292,100087,292,100160,100,100084,100,100181,100,100073,100,100231,100,100066,100,100475,100,100065,200,100644,100,99983,100,100718,100,99964,100,100729,100,99962,100,100743,100,99951,100
2019-06-28 09:39:13.227066936,100141,92,100102,292,100157,292,100087,292,100160,100,100084,100,100181,100,100073,100,100231,100,100066,100,100475,100,100065,200,100644,100,99983,100,100718,100,99964,100,100743,100,99962,100,100915,100,99951,100
2019-06-28 09:39:20.000000000,100157,196,100102,196,100160,196,100087,196,100181,196,100084,196,100231,196,100073,196,100475,100,100066,100,100644,100,100065,200,100718,100,99983,100,100743,100,99964,100,100915,100,99962,100,100920,100,99951,100
2019-06-28 09:39:30.000000000,100157,196,100102,196,100160,196,100087,196,100181,196,100084,196,100231,196,100073,196,100475,100,100066,100,100644,100,100065,200,100718,100,99983,100,100743,100,99964,100,100915,100,99962,100,100920,100,99951,100
2019-06-28 09:39:40.000000000,100157,483,100102,483,100160,100,100087,100,100181,100,100084,100,100231,100,100073,100,100475,100,100066,100,100644,100,100065,200,100718,100,99983,100,100743,100,99964,100,100915,100,99962,100,100920,100,99951,100
2019-06-28 09:39:50.000000000,100157,483,100102,483,100160,100,100087,100,100181,100,100084,100,100231,100,100073,100,100475,100,100066,100,100644,100,100065,200,100718,100,99983,100,100743,100,99964,100,100915,100,99962,100,100920,100,99951,100
2019-06-28 09:40:00.000000000,100157,483,100102,483,100160,100,100087,100,100181,100,100084,100,100231,100,100073,100,100475,100,100066,100,100644,100,100065,200,100718,100,99983,100,100743,100,99964,100,100915,100,99962,100,100920,100,99951,100
2019-06-28 09:40:02.158394606,100157,483,100141,100,100160,100,100102,483,100181,100,100087,100,100231,100,100084,100,100475,100,100073,100,100644,100,100066,100,100718,100,100065,200,100743,100,99983,100,100915,100,99964,100,100920,100,99962,100
2019-06-28 09:40:06.846655483,100157,383,100141,100,100160,100,100102,483,100181,100,100087,100,100231,100,100084,100,100475,100,100073,100,100644,100,100066,100,100718,100,100065,200,100743,100,99983,100,100915,100,99964,100,100920,100,99962,100
2019-06-28 09:40:10.000000000,100160,483,100141,483,100181,100,100102,100,100231,100,100087,100,100475,100,100084,100,100644,100,100073,100,100718,100,100066,100,100743,100,100065,200,100915,100,99983,100,100920,100,99964,100,100932,100,99962,100
2019-06-28 09:40:20.000000000,100160,292,100141,292,100181,292,100102,292,100231,100,100087,100,100475,100,100084,100,100644,100,100073,100,100718,100,100066,100,100743,100,100065,200,100915,100,99983,100,100920,100,99964,100,100932,100,99962,100
2019-06-28 09:40:30.000000000,100160,177,100141,177,100181,177,100102,177,100231,177,100087,177,100475,177,100084,177,100644,177,100073,177,100718,100,100066,100,100743,100,100065,200,100915,100,99983,100,100920,100,99964,100,100932,100,99962,100
2019-06-28 09:40:40.000000000,100160,196,100141,196,100181,196,100102,196,100231,196,100087,196,100475,196,100084,196,100644,100,100073,100,100718,100,100066,100,100743,100,100065,200,100915,100,99983,100,100920,100,99964,100,100932,100,99962,100
2019-06-28 09:40:40.021026770,100160,196,100141,196,100181,196,100102,196,100231,196,100087,196,100475,196,100084,196,100644,100,100066,100,100718,100,100065,200,100743,100,99983,100,100915,100,99964,100,100920,100,99962,100,100932,100,99951,100
2019-06-28 09:40:50.000000000,100160,292,100141,292,100181,292,100102,292,100231,100,100087,100,100475,100,100084,100,100644,100,100066,100,100718,100,100065,200,100743,100,99983,100,100915,100,99964,100,100920,100,99962,100,100932,100,99951,100
2019-06-28 09:41:00.000000000,100160,230,100141,230,100181,226,100102,226,100231,226,100087,226,100475,100,100084,100,100644,100,100066,100,100718,100,100065,200,100743,100,99983,100,100915,100,99964,100,100920,100,99962,100,100932,100,99951,100
2019-06-28 09:41:10.000000000,100160,230,100141,230,100181,226,100102,226,100231,226,100087,226,100475,100,100084,100,100644,100,100066,100,100718,100,100065,200,100743,100,99983,100,100915,100,99964,100,100920,100,99962,100,100932,100,99951,100
2019-06-28 09:41:11.723476892,100160,130,100141,230,100181,226,100102,226,100231,226,100087,226,100475,100,100084,100,100644,100,100066,100,100718,100,100065,200,100743,100,99983,100,100915,100,99964,100,100920,100,99962,100,100932,100,99951,100
2019-06-28 09:41:20.000000000,100181,177,100141,177,100231,177,100102,177,100475,177,100087,177,100644,177,100084,177,100718,177,100066,177,100743,100,100065,200,100915,100,99983,100,100920,100,99964,100,100932,100,99962,100,101007,100,99951,100
2019-06-28 09:41:30.000000000,100181,483,100141,483,100231,100,100102,100,100475,100,100087,100,100644,100,100084,100,100718,100,100066,100,100743,100,100065,200,100915,100,99983,100,100920,100,99964,100,100932,100,99962,100,101007,100,99951,100
2019-06-28 09:41:34.854684206,100181,483,100141,483,100231,100,100102,100,100475,100,100087,100,100644,100,100084,100,100718,100,100066,100,100738,100,100065,200,100743,100,99983,100,100915,100,99964,100,100920,100,99962,100,100932,100,99951,100
2019-06-28 09:41:39.417028914,100181,383,100141,483,100231,100,100102,100,100475,100,100087,100,100644,100,100084,100,100718,100,100066,100,100743,100,100065,200,100915,100,99983,100,100920,100,99964,100,100932,100,99962,100,101007,100,99951,100
2019-06-28 09:41:40.000000000,100231,483,100141,483,100475,100,100102,100,100644,100,100087,100,100718,100,100084,100,100743,100,100066,100,100915,100,100065,200,100920,100,99983,100,100932,100,99964,100,101007,100,99962,100,101091,100,99951,100
2019-06-28 09:41:42.829707528,100231,383,100141,483,100475,100,100102,100,100644,100,100087,100,100718,100,100084,100,100743,100,100066,100,100915,100,100065,200,100920,100,99983,100,100932,100,99964,100,101007,100,99962,100,101091,100,99951,100
2019-06-28 09:41:50.000000000,100475,230,100141,230,100644,226,100102,226,100718,226,100087,226,100743,100,100084,100,100915,100,100066,100,100920,100,100065,200,100932,100,99983,100,101007,100,99964,100,101091,100,99962,100,101135,100,99951,100
2019-06-28 09:41:56.522415278,100475,130,100141,230,100644,226,100102,226,100718,226,100087,226,100743,100,100084,100,100915,100,100066,100,100920,100,100065,200,100932,100,99983,100,101007,100,99964,100,101091,100,99962,100,101135,100,99951,100
2019-06-28 09:42:00.000000000,100644,483,100141,483,100718,100,100102,100,100743,100,100087,100,100915,100,100084,100,100920,100,100066,100,100932,100,100065,200,101007,100,99983,100,101091,100,99964,100,101135,100,99962,100,,,99951,100
2019-06-28 09:42:10.000000000,100644,177,100141,177,100718,177,100102,177,100743,177,100087,177,100915,177,100084,177,100920,177,100066,177,100932,100,100065,200,101007,100,99983,100,101091,100,99964,100,101135,100,99962,100,,,99951,100
2019-06-28 09:42:20.000000000,100644,483,100141,483,100718,100,100102,100,100743,100,100087,100,100915,100,100084,100,100920,100,100066,100,100932,100,100065,200,101007,100,99983,100,101091,100,99964,100,101135,100,99962,100,,,99951,100
2019-06-28 09:42:30.000000000,100644,177,100141,177,100718,177,100102,177,100743,177,100087,177,100915,177,100084,177,100920,177,100066,177,100932,100,100065,200,101007,100,99983,100,101091,100,99964,100,101135,100,99962,100,,,99951,100
2019-06-28 09:42:38.791492760,100644,77,100141,177,100718,177,100102,177,100743,177,100087,177,100915,177,100084,177,100920,177,100066,177,100932,100,100065,200,101007,100,99983,100,101091,100,99964,100,101135,100,99962,100,,,99951,100
2019-06-28 09:42:40.000000000,100718,196,100141,196,100743,196,100102,196,100915,196,100087,196,100920,196,100084,196,100932,100,100066,100,101007,100,100065,200,101091,100,99983,100,101135,100,99964,100,,,99962,100,,,99951,100
2019-06-28 09:42:50.000000000,100718,177,100141,177,100743,177,100102,177,100915,177,100087,177,100920,177,100084,177,100932,177,100066,177,101007,100,100065,200,101091,100,99983,100,101135,100,99964,100,,,99962,100,,,99951,100
2019-06-28 09:42:58.358473205,100718,77,100141,177,100743,177,100102,177,100915,177,100087,177,100920,177,100084,177,100932,177,100066,177,101007,100,100065,200,101091,100,99983,100,101135,100,99962,100,,,99951,100,,,99943,100
2019-06-28 09:43:00.000000000,100743,230,100141,230,100915,226,100102,226,100920,226,100087,226,100932,100,100084,100,101007,100,100066,100,101091,100,100065,200,101135,100,99983,100,,,99962,100,,,99951,100,,,99943,100
2019-06-28 09:43:10.000000000,100743,196,100141,196,100915,196,100102,196,100920,196,100087,196,100932,196,100084,196,101007,100,100066,100,101091,100,100065,200,101135,100,99983,100,,,99962,100,,,99951,100,,,99943,100
2019-06-28 09:43:20.000000000,100743,292,100141,292,100915,292,100102,292,100920,100,100087,100,100932,100,100084,100,101007,100,100066,100,101091,100,100065,200,101135,100,99983,100,,,99962,100,,,99951,100,,,99943,100
2019-06-28 09:43:29.718373971,100743,292,100141,292,100914,100,100102,292,100915,292,100087,100,100920,100,100084,100,100932,100,100066,100,101007,100,100065,200,101091,100,99983,100,101135,100,99962,100,,,99951,100,,,99943,100
2019-06-28 09:43:30.000000000,100743,230,100141,230,100914,226,100102,226,100915,226,100087,226,100920,100,100084,100,100932,100,100066,100,101007,100,100065,200,101091,100,99983,100,101135,100,99962,100,,,99951,100,,,99943,100
2019-06-28 09:43:32.190299852,100743,130,100141,230,100914,226,100102,226,100915,226,100087,226,100920,100,100084,100,100932,100,100066,100,101007,100,100065,200,101091,100,99983,100,101135,100,99962,100,,,99951,100,,,99943,100
2019-06-28 09:43:40.000000000,100914,196,100141,196,100915,196,100102,196,100920,196,100087,196,100932,196,100084,196,101007,100,100066,100,101091,100,100065,200,101135,100,99983,100,,,99962,100,,,99951,100,,,99943,100
2019-06-28 09:43:47.411260540,100914,196,100718,100,100915,196,100141,196,100920,196,100102,196,100932,196,100087,196,101007,100,100084,196,101091,100,100066,100,101135,100,100065,200,,,99983,100,,,99962,100,,,99951,100
2019-06-28 09:43:50.000000000,100914,292,100718,292,100915,292,100141,292,100920,100,100102,100,100932,100,100087,100,101007,100,100084,100,101091,100,100066,100,101135,100,100065,200,,,99983,100,,,99962,100,,,99951,100
2019-06-28 09:44:00.000000000,100914,230,100718,230,100915,226,100141,226,100920,226,100102,226,100932,100,100087,100,101007,100,100084,100,101091,100,100066,100,101135,100,100065,200,,,99983,100,,,99962,100,,,99951,100
2019-06-28 09:44:08.469565287,100865,100,100718,230,100914,230,100141,226,100915,226,100102,226,100920,226,100087,100,100932,100,100084,100,101007,100,100066,100,101091,100,100065,200,101135,100,99983,100,,,99962,100,,,99951,100
2019-06-28 09:44:08.633353265,100865,100,100755,100,100914,230,100718,230,100915,226,100141,226,100920,226,100102,226,100932,100,100087,100,101007,100,100084,100,101091,100,100066,100,,,100065,200,,,99983,100,,,99962,100
2019-06-28 09:44:10.000000000,100865,292,100755,292,100914,292,100718,292,100915,100,100141,100,100920,100,100102,100,100932,100,100087,100,101007,100,100084,100,101091,100,100066,100,,,100065,200,,,99983,100,,,99962,100
2019-06-28 09:44:10.906986603,100865,292,100755,292,100914,292,100718,292,100915,100,100141,100,100920,100,100102,100,100932,100,100087,100,101007,100,100084,100,101063,100,100066,100,101091,100,100065,200,,,99983,100,,,99962,100
2019-06-28 09:44:15.624951885,100865,292,100755,292,100914,292,100718,292,100915,100,100141,100,100920,100,100102,100,100932,100,100087,100,101007,100,100084,100,101063,100,100066,100,101091,100,100065,200,,,99983,100,,,99962,100
2019-06-28 09:44:20.000000000,100865,483,100755,483,100914,100,100718,100,100915,100,100141,100,100920,100,100102,100,100932,100,100087,100,101007,100,100084,100,101063,100,100066,100,101091,100,100065,200,,,99983,100,,,99962,100
2019-06-28 09:44:30.000000000,100865,292,100755,292,100914,292,100718,292,100915,100,100141,100,100920,100,100102,100,100932,100,100087,100,101007,100,100084,100,101063,100,100066,100,101091,100,100065,200,,,99983,100,,,99962,100
2019-06-28 09:44:39.172996024,100865,292,100755,192,100914,292,100718,292,100915,100,100141,100,100920,100,100102,100,100932,100,100087,100,101007,100,100084,100,101063,100,100066,100,101091,100,100065,200,,,99983,100,,,99962,100
2019-06-28 09:44:40.000000000,100865,230,100718,230,100914,226,100141,226,100915,226,100102,226,100920,100,100087,100,100932,100,100084,100,101007,100,100066,100,101063,100,100065,200,101091,100,99983,100,,,99962,100,,,99951,100
2019-06-28 09:44:44.490738324,100865,230,100718,230,100914,226,100141,226,100915,126,100102,226,100920,100,100087,100,100932,100,100084,100,101007,100,100066,100,101063,100,100065,200,101091,100,99983,100,,,99962,100,,,99951,100
2019-06-28 09:44:50.000000000,100865,230,100718,230,100914,226,100141,226,100920,226,100102,226,100932,100,100087,100,101007,100,100084,100,101063,100,100066,100,101091,100,100065,200,,,99983,100,,,99962,100,,,99951,100
2019-06-28 09:45:00.000000000,100865,483,100718,483,100914,100,100141,100,100920,100,100102,100,100932,100,100087,100,101007,100,100084,100,101063,100,100066,100,101091,100,100065,200,,,99983,100,,,99962,100,,,99951,100
2019-06-28 09:45:01.044684305,100865,483,100718,483,100914,100,100141,100,100920,100,100102,100,100932,100,100087,100,101063,100,100084,100,101091,100,100066,100,,,100065,200,,,99983,100,,,99962,100,,,99951,100
2019-06-28 09:45:10.000000000,100865,196,100718,196,100914,196,100141,196,100920,196,100102,196,100932,196,100087,196,101063,100,100084,100,101091,100,100066,100,,,100065,200,,,99983,100,,,99962,100,,,99951,100
2019-06-28 09:45:20.000000000,100865,292,100718,292,100914,292,100141,292,100920,100,100102,100,100932,100,100087,100,101063,100,100084,100,101091,100,100066,100,,,100065,200,,,99983,100,,,99962,100,,,99951,100
2019-06-28 09:45:20.198396696,100742,100,100718,292,100865,292,100141,292,100914,292,100102,100,100920,100,100087,100,100932,100,100084,100,101063,100,100066,100,101091,100,100065,100,,,99983,100,,,99962,100,,,99951,100
2019-06-28 09:45:30.000000000,100742,230,100718,230,100865,226,100141,226,100914,226,100102,226,100920,100,100087,100,100932,100,100084,100,101063,100,100066,100,101091,100,100065,100,,,99983,100,,,99962,100,,,99951,100
2019-06-28 09:45:31.474527905,100742,230,100718,230,100865,226,100141,226,100914,226,100124,100,100920,100,100102,226,100932,100,100087,100,101063,100,100084,100,101091,100,100066,100,,,100065,100,,,99983,100,,,99962,100
2019-06-28 09:45:39.121424190,100742,230,100718,230,100865,226,100185,100,100914,226,100141,226,100920,100,100124,100,100932,100,100102,226,101063,100,100087,100,101091,100,100084,100,,,100066,100,,,100065,100,,,99983,100
2019-06-28 09:45:40.000000000,100742,292,100718,292,100865,292,100185,292,100914,100,100141,100,100920,100,100124,100,100932,100,100102,100,101063,100,100087,100,101091,100,100084,100,,,100066,100,,,100065,100,,,99983,100
2019-06-28 09:45:40.361058665,100742,292,100718,192,100865,292,100185,292,100914,100,100141,100,100920,100,100124,100,100932,100,100102,100,101063,100,100087,100,101091,100,100084,100,,,100066,100,,,100065,100,,,99983,100
2019-06-28 09:45:50.000000000,100742,483,100185,483,100865,100,100141,100,100914,100,100124,100,100920,100,100102,100,100932,100,100087,100,101063,100,100084,100,101091,100,100066,100,,,100065,100,,,99983,100,,,99962,100
2019-06-28 09:46:00.000000000,100742,196,100185,196,100865,196,100141,196,100914,196,100124,196,100920,196,100102,196,100932,100,100087,100,101063,100,100084,100,101091,100,100066,100,,,100065,100,,,99983,100,,,99962,100
2019-06-28 09:46:10.000000000,100742,196,100185,196,100865,196,100141,196,100914,196,100124,196,100920,196,100102,196,100932,100,100087,100,101063,100,100084,100,101091,100,100066,100,,,100065,100,,,99983,100,,,99962,100
2019-06-28 09:46:20.000000000,100742,292,100185,292,100865,292,100141,292,100914,100,100124,100,100920,100,100102,100,100932,100,100087,100,101063,100,100084,100,101091,100,100066,100,,,100065,100,,,99983,100,,,99962,100
2019-06-28 09:46:30.000000000,100742,483,100185,483,100865,100,100141,100,100914,100,100124,100,100920,100,100102,100,100932,100,100087,100,101063,100,100084,100,101091,100,100066,100,,,100065,100,,,99983,100,,,99962,100
2019-06-28 09:46:40.000000000,100742,177,100185,177,100865,177,100141,177,100914,177,100124,177,100920,177,100102,177,100932,177,100087,177,101063,100,100084,100,101091,100,100066,100,,,100065,100,,,99983,100,,,99962,100
2019-06-28 09:46:50.000000000,100742,483,100185,483,100865,100,100141,100,100914,100,100124,100,100920,100,100102,100,100932,100,100087,100,101063,100,100084,100,101091,100,100066,100,,,100065,100,,,99983,100,,,99962,100
2019-06-28 09:46:55.667545057,100742,483,100185,383,100865,100,100141,100,100914,100,100124,100,100920,100,100102,100,100932,100,100087,100,101063,100,100084,100,101091,100,100066,100,,,100065,100,,,99962,100,,,99951,100
2019-06-28 09:47:00.000000000,100742,230,100141,230,100865,226,100124,226,100914,226,100102,226,100920,100,100087,100,100932,100,100084,100,101063,100,100066,100,101091,100,100065,100,,,99962,100,,,99951,100,,,99949,100
2019-06-28 09:47:03.681522144,100371,100,100141,230,100742,230,100124,226,100865,226,100102,226,100914,226,100087,100,100920,100,100084,100,100932,100,100066,100,101063,100,100065,100,,,99962,100,,,99951,100,,,99949,100
2019-06-28 09:47:10.000000000,100371,196,100141,196,100742,196,100124,196,100865,196,100102,196,100914,196,100087,196,100920,100,100084,100,100932,100,100066,100,101063,100,100065,100,,,99962,100,,,99951,100,,,99949,100
2019-06-28 09:47:13.101551292,100370,100,100141,196,100371,196,100124,196,100742,196,100102,196,100865,196,100087,196,100914,196,100084,100,100920,100,100066,100,100932,100,100065,100,101063,100,99962,100,,,99951,100,,,99949,100
2019-06-28 09:47:19.832279870,100370,100,100141,196,100371,196,100124,196,100718,100,100102,196,100742,196,100087,196,100865,196,100084,100,100914,196,100066,100,100920,100,100065,100,100932,100,99962,100,101063,100,99951,100,,,99949,100
2019-06-28 09:47:20.000000000,100370,177,100141,177,100371,177,100124,177,100718,177,100102,177,100742,177,100087,177,100865,177,100084,177,100914,100,100066,100,100920,100,100065,100,100932,100,99962,100,101063,100,99951,100,,,99949,100
2019-06-28 09:47:30.000000000,100370,292,100141,292,100371,292,100124,292,100718,100,100102,100,100742,100,100087,100,100865,100,100084,100,100914,100,100066,100,100920,100,100065,100,100932,100,99962,100,101063,100,99951,100,,,99949,100
2019-06-28 09:47:34.795964430,100370,292,100141,192,100371,292,100124,292,100718,100,100102,100,100742,100,100087,100,100865,100,100084,100,100914,100,100066,100,100920,100,100065,100,100932,100,99962,100,101063,100,99951,100,,,99949,100
2019-06-28 09:47:40.000000000,100370,230,100124,230,100371,226,100102,226,100718,226,100087,226,100742,100,100084,100,100865,100,100066,100,100914,100,100065,100,100920,100,99962,100,100932,100,99951,100,101063,100,99949,100,,,99943,100
2019-06-28 09:47:50.000000000,100370,230,100124,230,100371,226,100102,226,100718,226,100087,226,100742,100,100084,100,100865,100,100066,100,100914,100,100065,100,100920,100,99962,100,100932,100,99951,100,101063,100,99949,100,,,99943,100
2019-06-28 09:47:54.461781257,100185,100,100124,230,100370,230,100102,226,100371,226,100087,226,100718,226,100084,100,100865,100,100066,100,100914,100,100065,100,100920,100,99962,100,100932,100,99951,100,101063,100,99949,100,,,99943,100
2019-06-28 09:48:00.000000000,100185,292,100124,292,100370,292,100102,292,100371,100,100087,100,100718,100,100084,100,100865,100,100066,100,100914,100,100065,100,100920,100,99962,100,100932,100,99951,100,101063,100,99949,100,,,99943,100
2019-06-28 09:48:10.000000000,100185,196,100124,196,100370,196,100102,196,100371,196,100087,196,100718,196,100084,196,100865,100,100066,100,100914,100,100065,100,100920,100,99962,100,100932,100,99951,100,101063,100,99949,100,,,99943,100
2019-06-28 09:48:15.962571739,100185,196,100124,96,100370,196,100102,196,100371,196,100087,196,100718,196,100084,196,100865,100,100066,100,100914,100,100065,100,100920,100,99962,100,100932,100,99951,100,101063,100,99949,100,,,99943,100
2019-06-28 09:48:16.142039647,100141,100,100124,96,100185,196,100102,196,100370,196,100087,196,100371,196,100084,196,100718,196,100066,100,100865,100,100065,100,100914,100,99951,100,100920,100,99949,100,100932,100,99943,100,101063,100,99916,100
2019-06-28 09:48:20.000000000,100141,196,100102,196,100185,196,100087,196,100370,196,100084,196,100371,196,100066,196,100718,100,100065,100,100865,100,99951,100,100914,100,99949,100,100920,100,99943,100,100932,100,99916,100,101063,100,99897,100
2019-06-28 09:48:27.093003331,100141,196,100102,196,100185,196,100087,196,100370,196,100084,196,100371,196,100066,196,100718,100,100065,100,100865,100,99951,100,100914,100,99949,100,100920,100,99943,100,101063,100,99916,100,,,99897,100
2019-06-28 09:48:30.000000000,100141,196,100102,196,100185,196,100087,196,100370,196,100084,196,100371,196,100066,196,100718,100,100065,100,100865,100,99951,100,100914,100,99949,100,100920,100,99943,100,101063,100,99916,100,,,99897,100
2019-06-28 09:48:40.000000000,100141,483,100102,483,100185,100,100087,100,100370,100,100084,100,100371,100,100066,100,100718,100,100065,100,100865,100,99951,100,100914,100,99949,100,100920,100,99943,100,101063,100,99916,100,,,99897,100
2019-06-28 09:48:43.118699052,100141,483,100102,483,100185,100,100087,100,100370,100,100084,100,100371,100,100066,100,100718,100,100065,100,100865,100,99951,100,100914,100,99949,100,100920,100,99943,100,101063,100,99916,100,,,99897,100
2019-06-28 09:48:44.708272785,100141,383,100102,483,100185,100,100087,100,100370,100,100084,100,100371,100,100066,100,100718,100,100065,100,100865,100,99951,100,100914,100,99949,100,100920,100,99943,100,101063,100,99916,100,,,99897,100
2019-06-28 09:48:50.000000000,100185,230,100102,230,100370,226,100087,226,100371,226,100084,226,100718,100,100066,100,100865,100,100065,100,100914,100,99951,100,100920,100,99949,100,101063,100,99943,100,,,99916,100,,,99897,100
2019-06-28 09:49:00.000000000,100185,230,100102,230,100370,226,100087,226,100371,226,100084,226,100718,100,100066,100,100865,100,100065,100,100914,100,99951,100,100920,100,99949,100,101063,100,99943,100,,,99916,100,,,99897,100
2019-06-28 09:49:10.000000000,100185,196,100102,196,100370,196,100087,196,100371,196,100084,196,100718,196,100066,196,100865,100,100065,100,100914,100,99951,100,100920,100,99949,100,101063,100,99943,100,,,99916,100,,,99897,100
2019-06-28 09:49:20.000000000,100185,292,100102,292,100370,292,100087,292,100371,100,100084,100,100718,100,100066,100,100865,100,100065,100,100914,100,99951,100,100920,100,99949,100,101063,100,99943,100,,,99916,100,,,99897,100
2019-06-28 09:49:30.000000000,100185,230,100102,230,100370,226,100087,226,100371,226,100084,226,100718,100,100066,100,100865,100,100065,100,100914,100,99951,100,100920,100,99949,100,101063,100,99943,100,,,99916,100,,,99897,100
2019-06-28 09:49:34.946317177,100141,100,100102,230,100185,230,100087,226,100370,226,100084,226,100371,226,100066,100,100718,100,100065,100,100865,100,99951,100,100914,100,99949,100,100920,100,99943,100,101063,100,99916,100,,,99897,100
2019-06-28 09:49:36.206239631,100141,100,100102,130,100185,230,100087,226,100370,226,100084,226,100371,226,100066,100,100718,100,100065,100,100865,100,99951,100,100914,100,99949,100,100920,100,99943,100,101063,100,99916,100,,,99897,100
2019-06-28 09:49:40.000000000,100141,230,100087,230,100185,226,100084,226,100370,226,100066,226,100371,100,100065,100,100718,100,99951,100,100865,100,99949,100,100914,100,99943,100,100920,100,99916,100,101063,100,99897,100,,,99866,100
2019-06-28 09:49:45.589997995,100141,230,100087,130,100185,226,100084,226,100370,226,100066,226,100371,100,100065,100,100718,100,99951,100,100865,100,99949,100,100914,100,99943,100,100920,100,99916,100,101063,100,99897,100,,,99866,100
2019-06-28 09:49:50.000000000,100141,177,100084,177,100185,177,100066,177,100370,177,100065,177,100371,177,99951,177,100718,177,99949,177,100865,100,99943,100,100914,100,99916,100,100920,100,99897,100,101063,100,99866,100,,,99769,100
2019-06-28 09:50:00.000000000,100141,483,100084,483,100185,100,100066,100,100370,100,100065,100,100371,100,99951,100,100718,100,99949,100,100865,100,99943,100,100914,100,99916,100,100920,100,99897,100,101063,100,99866,100,,,99769,100
2019-06-28 09:50:08.901210598,100141,483,100084,483,100185,100,100066,100,100370,100,100065,100,100371,100,99951,100,100718,100,99949,100,100865,100,99943,100,100914,100,99916,100,100920,100,99897,100,101063,100,99866,100,,,99769,100
2019-06-28 09:50:10.000000000,100141,230,100084,230,100185,226,100066,226,100370,226,100065,226,100371,100,99951,100,100718,100,99949,100,100865,100,99943,100,100914,100,99916,100,100920,100,99897,100,101063,100,99866,100,,,99769,100
2019-06-28 09:50:20.000000000,100141,230,100084,230,100185,226,100066,226,100370,226,100065,226,100371,100,99951,100,100718,100,99949,100,100865,100,99943,100,100914,100,99916,100,100920,100,99897,100,101063,100,99866,100,,,99769,100
2019-06-28 09:50:30.000000000,100141,483,100084,483,100185,100,100066,100,100370,100,100065,100,100371,100,99951,100,100718,100,99949,100,100865,100,99943,100,100914,100,99916,100,100920,100,99897,100,101063,100,99866,100,,,99769,100
2019-06-28 09:50:40.000000000,100141,196,100084,196,100185,196,100066,196,100370,196,100065,196,100371,196,99951,196,100718,100,99949,100,100865,100,99943,100,100914,100,99916,100,100920,100,99897,100,101063,100,99866,100,,,99769,100
2019-06-28 09:50:44.993716419,100141,196,100084,96,100185,196,100066,196,100370,196,100065,196,100371,196,99951,196,100718,100,99949,100,100865,100,99943,100,100914,100,99916,100,100920,100,99897,100,101063,100,99866,100,,,99769,100
2019-06-28 09:50:47.458603920,100141,196,100084,96,100185,196,100066,196,100370,196,100065,196,100371,196,99951,196,100718,100,99949,100,100865,100,99943,100,100914,100,99916,100,100920,100,99897,100,101063,100,99866,100,,,99769,100
2019-06-28 09:50:50.000000000,100141,230,100066,230,100185,226,100065,226,100370,226,99951,226,100371,100,99949,100,100718,100,99943,100,100865,100,99916,100,100914,100,99897,100,100920,100,99866,100,101063,100,99769,100,,,99444,100
2019-06-28 09:51:00.000000000,100141,196,100066,196,100185,196,100065,196,100370,196,99951,196,100371,196,99949,196,100718,100,99943,100,100865,100,99916,100,100914,100,99897,100,100920,100,99866,100,101063,100,99769,100,,,99444,100
2019-06-28 09:51:06.528546918,100141,196,100066,196,100185,196,100065,196,100370,196,99951,196,100371,196,99949,196,100718,100,99943,100,100865,100,99916,100,100914,100,99897,100,100920,100,99866,100,101063,100,99769,100,,,99444,100
2019-06-28 09:51:10.000000000,100141,483,100066,483,100185,100,100065,100,100370,100,99951,100,100371,100,99949,100,100718,100,99943,100,100865,100,99916,100,100914,100,99897,100,100920,100,99866,100,101063,100,99769,100,,,99444,100
2019-06-28 09:51:20.000000000,100141,483,100066,483,100185,100,100065,100,100370,100,99951,100,100371,100,99949,100,100718,100,99943,100,100865,100,99916,100,100914,100,99897,100,100920,100,99866,100,101063,100,99769,100,,,99444,100
2019-06-28 09:51:23.950028644,100141,483,100066,483,100185,100,100065,100,100370,100,99951,100,100371,100,99949,100,100718,100,99943,100,100865,100,99916,100,100914,100,99897,100,100920,100,99866,100,101063,100,99769,100,,,99444,100
2019-06-28 09:51:30.000000000,100141,196,100066,196,100185,196,100065,196,100370,196,99951,196,100371,196,99949,196,100718,100,99943,100,100865,100,99916,100,100914,100,99897,100,100920,100,99866,100,101063,100,99769,100,,,99444,100
2019-06-28 09:51:40.000000000,100141,292,100066,292,100185,292,100065,292,100370,100,99951,100,100371,100,99949,100,100718,100,99943,100,100865,100,99916,100,100914,100,99897,100,100920,100,99866,100,101063,100,99769,100,,,99444,100
2019-06-28 09:51:50.000000000,100141,196,100066,196,100185,196,100065,196,100370,196,99951,196,100371,196,99949,196,100718,100,99943,100,100865,100,99916,100,100914,100,99897,100,100920,100,99866,100,101063,100,99769,100,,,99444,100
2019-06-28 09:52:00.000000000,100141,292,100066,292,100185,292,100065,292,100370,100,99951,100,100371,100,99949,100,100718,100,99943,100,100865,100,99916,100,100914,100,99897,100,100920,100,99866,100,101063,100,99769,100,,,99444,100
2019-06-28 09:52:00.995067685,100087,100,100066,292,100141,292,100065,292,100185,292,99951,100,100370,100,99949,100,100371,100,99943,100,100718,100,99916,100,100865,100,99897,100,100914,100,99866,100,100920,100,99769,100,101063,100,99444,100
2019-06-28 09:52:10.000000000,100087,177,100066,177,100141,177,100065,177,100185,177,99951,177,100370,177,99949,177,100371,177,99943,177,100718,100,99916,100,100865,100,99897,100,100914,100,99866,100,100920,100,99769,100,101063,100,99444,100
2019-06-28 09:52:14.667086291,100087,177,100066,177,100141,177,100065,177,100185,177,99951,177,100370,177,99949,177,100371,177,99943,177,100718,100,99916,100,100865,100,99897,100,100914,100,99866,100,100920,100,99769,100,101063,100,99444,100
2019-06-28 09:52:17.588486467,100087,177,100066,177,100141,177,100065,177,100185,177,99951,177,100370,177,99949,177,100371,177,99943,177,100718,100,99916,100,100865,100,99897,100,100914,100,99866,100,100920,100,99769,100,101063,100,99444,100
2019-06-28 09:52:20.000000000,100087,292,100066,292,100141,292,100065,292,100185,100,99951,100,100370,100,99949,100,100371,100,99943,100,100718,100,99916,100,100865,100,99897,100,100914,100,99866,100,100920,100,99769,100,101063,100,99444,100
2019-06-28 09:52:20.741253494,100087,292,100066,192,100141,292,100065,292,100185,100,99951,100,100370,100,99949,100,100371,100,99943,100,100718,100,99916,100,100865,100,99897,100,100914,100,99866,100,100920,100,99769,100,101063,100,99444,100
2019-06-28 09:52:25.072240972,100084,100,100066,192,100087,292,100065,292,100141,292,99951,100,100185,100,99949,100,100370,100,99943,100,100371,100,99916,100,100718,100,99897,100,100865,100,99866,100,100914,100,99769,100,100920,100,99444,100
2019-06-28 09:52:28.166456563,100084,100,100066,192,100087,292,100065,292,100141,292,99951,100,100185,100,99949,100,100370,100,99943,100,100371,100,99916,100,100718,100,99897,100,100865,100,99866,100,100914,100,99769,100,100920,100,99444,100
2019-06-28 09:52:30.000000000,100084,483,100065,483,100087,100,99951,100,100141,100,99949,100,100185,100,99943,100,100370,100,99916,100,100371,100,99897,100,100718,100,99866,100,100865,100,99769,100,100914,100,99444,100,100920,100,99427,100
2019-06-28 09:52:40.000000000,100084,177,100065,177,100087,177,99951,177,100141,177,99949,177,100185,177,99943,177,100370,177,99916,177,100371,100,99897,100,100718,100,99866,100,100865,100,99769,100,100914,100,99444,100,100920,100,99427,100
2019-06-28 09:52:50.000000000,100084,196,100065,196,100087,196,99951,196,100141,196,99949,196,100185,196,99943,196,100370,100,99916,100,100371,100,99897,100,100718,100,99866,100,100865,100,99769,100,100914,100,99444,100,100920,100,99427,100
2019-06-28 09:53:00.000000000,100084,177,100065,177,100087,177,99951,177,100141,177,99949,177,100185,177,99943,177,100370,177,99916,177,100371,100,99897,100,100718,100,99866,100,100865,100,99769,100,100914,100,99444,100,100920,100,99427,100
2019-06-28 09:53:10.000000000,100084,292,100065,292,100087,292,99951,292,100141,100,99949,100,100185,100,99943,100,100370,100,99916,100,100371,100,99897,100,100718,100,99866,100,100865,100,99769,100,100914,100,99444,100,100920,100,99427,100
2019-06-28 09:53:14.400899755,100084,392,100065,292,100087,292,99951,292,100141,100,99949,100,100185,100,99943,100,100370,100,99916,100,100371,100,99897,100,100718,100,99866,100,100865,100,99769,100,100914,100,99444,100,100920,100,99427,100
2019-06-28 09:53:20.000000000,100084,296,100065,196,100087,196,99951,196,100141,196,99949,196,100185,196,99943,196,100370,100,99916,100,100371,100,99897,100,100718,100,99866,100,100865,100,99769,100,100914,100,99444,100,100920,100,99427,100
2019-06-28 09:53:27.378658809,100084,396,100065,196,100087,196,99951,196,100141,196,99949,196,100185,196,99943,196,100370,100,99916,100,100371,100,99897,100,100718,100,99866,100,100865,100,99769,100,100914,100,99444,100,100920,100,99427,100
2019-06-28 09:53:30.000000000,100084,396,100065,196,100087,196,99951,196,100141,196,99949,196,100185,196,99943,196,100370,100,99916,100,100371,100,99897,100,100718,100,99866,100,100865,100,99769,100,100914,100,99444,100,100920,100,99427,100
2019-06-28 09:53:40.000000000,100084,492,100065,292,100087,292,99951,292,100141,100,99949,100,100185,100,99943,100,100370,100,99916,100,100371,100,99897,100,100718,100,99866,100,100865,100,99769,100,100914,100,99444,100,100920,100,99427,100
2019-06-28 09:53:50.000000000,100084,377,100065,177,100087,177,99951,177,100141,177,99949,177,100185,177,99943,177,100370,177,99916,177,100371,100,99897,100,100718,100,99866,100,100865,100,99769,100,100914,100,99444,100,100920,100,99427,100
2019-06-28 09:53:53.144632769,100084,277,100065,177,100087,77,99951,177,100141,177,99949,177,100185,177,99943,177,100370,177,99916,177,100371,100,99897,100,100718,100,99866,100,100865,100,99769,100,100914,100,99444,100,100920,100,99427,100
2019-06-28 09:54:00.000000000,100084,392,100065,292,100141,292,99951,292,100185,100,99949,100,100370,100,99943,100,100371,100,99916,100,100718,100,99897,100,100865,100,99866,100,100914,100,99769,100,100920,100,99444,100,101063,100,99427,100
2019-06-28 09:54:08.386184107,100084,292,100065,292,100141,292,99951,292,100185,100,99949,100,100370,100,99943,100,100371,100,99916,100,100718,100,99897,100,100865,100,99866,100,100914,100,99769,100,100920,100,99444,100,101063,100,99427,100
2019-06-28 09:54:10.000000000,100084,196,100065,196,100141,196,99951,196,100185,196,99949,196,100370,196,99943,196,100371,100,99916,100,100718,100,99897,100,100865,100,99866,100,100914,100,99769,100,100920,100,99444,100,101063,100,99427,100
2019-06-28 09:54:20.000000000,100084,230,100065,230,100141,226,99951,226,100185,226,99949,226,100370,100,99943,100,100371,100,99916,100,100718,100,99897,100,100865,100,99866,100,100914,100,99769,100,100920,100,99444,100,101063,100,99427,100
2019-06-28 09:54:30.000000000,100084,230,100065,230,100141,226,99951,226,100185,226,99949,226,100370,100,99943,100,100371,100,99916,100,100718,100,99897,100,100865,100,99866,100,100914,100,99769,100,100920,100,99444,100,101063,100,99427,100
2019-06-28 09:54:30.435306413,100084,230,100065,230,100141,226,99951,226,100185,226,99949,226,100370,100,99943,100,100371,100,99916,100,100718,100,99897,100,100865,100,99866,100,100914,100,99794,100,100920,100,99769,100,101063,100,99444,100
2019-06-28 09:54:30.920641465,100084,230,100065,230,100141,226,99951,226,100185,226,99949,226,100370,100,99943,100,100371,100,99916,100,100718,100,99897,100,100865,100,99866,100,100914,100,99794,100,100920,100,99784,100,101063,100,99769,100
2019-06-28 09:54:40.000000000,100084,177,100065,177,100141,177,99951,177,100185,177,99949,177,100370,177,99943,177,100371,177,99916,177,100718,100,99897,100,100865,100,99866,100,100914,100,99794,100,100920,100,99784,100,101063,100,99769,100
2019-06-28 09:54:50.000000000,100084,292,100065,292,100141,292,99951,292,100185,100,99949,100,100370,100,99943,100,100371,100,99916,100,100718,100,99897,100,100865,100,99866,100,100914,100,99794,100,100920,100,99784,100,101063,100,99769,100
2019-06-28 09:54:59.440837741,100084,292,100065,292,100141,292,99951,292,100185,100,99949,100,100370,100,99943,100,100371,100,99916,100,100401,100,99897,100,100718,100,99866,100,100865,100,99794,100,100914,100,99784,100,100920,100,99769,100
2019-06-28 09:55:00.000000000,100084,196,100065,196,100141,196,99951,196,100185,196,99949,196,100370,196,99943,196,100371,100,99916,100,100401,100,99897,100,100718,100,99866,100,100865,100,99794,100,100914,100,99784,100,100920,100,99769,100
2019-06-28 09:55:01.062862979,100084,196,100065,196,100141,196,99951,196,100185,196,99949,196,100370,196,99943,196,100371,100,99916,100,100391,100,99897,100,100401,100,99866,100,100718,100,99794,100,100865,100,99784,100,100914,100,99769,100
2019-06-28 09:55:02.538880637,100084,196,100065,196,100141,96,99951,196,100185,196,99949,196,100370,196,99943,196,100371,100,99916,100,100391,100,99897,100,100401,100,99866,100,100718,100,99794,100,100865,100,99784,100,100914,100,99769,100
2019-06-28 09:55:10.000000000,100084,230,100065,230,100185,226,99951,226,100370,226,99949,226,100371,100,99943,100,100391,100,99916,100,100401,100,99897,100,100718,100,99866,100,100865,100,99794,100,100914,100,99784,100,100920,100,99769,100
2019-06-28 09:55:11.248794840,100084,130,100065,230,100185,226,99951,226,100370,226,99949,226,100371,100,99943,100,100391,100,99916,100,100401,100,99897,100,100718,100,99866,100,100865,100,99794,100,100914,100,99784,100,100920,100,99769,100
2019-06-28 09:55:20.000000000,100185,483,100065,483,100370,100,99951,100,100371,100,99949,100,100391,100,99943,100,100401,100,99916,100,100718,100,99897,100,100865,100,99866,100,100914,100,99794,100,100920,100,99784,100,101063,100,99769,100
2019-06-28 09:55:27.236506746,100185,483,100065,483,100276,100,99951,100,100370,100,99949,100,100371,100,99943,100,100391,100,99916,100,100401,100,99897,100,100718,100,99866,100,100865,100,99794,100,100914,100,99784,100,100920,100,99769,100
2019-06-28 09:55:30.000000000,100185,292,100065,292,100276,292,99951,292,100370,100,99949,100,100371,100,99943,100,100391,100,99916,100,100401,100,99897,100,100718,100,99866,100,100865,100,99794,100,100914,100,99784,100,100920,100,99769,100
2019-06-28 09:55:40.000000000,100185,292,100065,292,100276,292,99951,292,100370,100,99949,100,100371,100,99943,100,100391,100,99916,100,100401,100,99897,100,100718,100,99866,100,100865,100,99794,100,100914,100,99784,100,100920,100,99769,100
2019-06-28 09:55:44.581222363,100185,192,100065,292,100276,292,99951,292,100370,100,99949,100,100371,100,99943,100,100391,100,99916,100,100401,100,99897,100,100718,100,99866,100,100865,100,99794,100,100914,100,99784,100,100920,100,99769,100
2019-06-28 09:55:50.000000000,100276,483,100065,483,100370,100,99951,100,100371,100,99949,100,100391,100,99943,100,100401,100,99916,100,100718,100,99897,100,100865,100,99866,100,100914,100,99794,100,100920,100,99784,100,101063,100,99769,100
2019-06-28 09:55:59.765933737,100276,483,100065,483,100370,100,99951,100,100371,100,99949,100,100391,100,99943,100,100401,100,99916,100,100428,100,99897,100,100718,100,99866,100,100865,100,99794,100,100914,100,99784,100,100920,100,99769,100
2019-06-28 09:56:00.000000000,100276,230,100065,230,100370,226,99951,226,100371,226,99949,226,100391,100,99943,100,100401,100,99916,100,100428,100,99897,100,100718,100,99866,100,100865,100,99794,100,100914,100,99784,100,100920,100,99769,100
2019-06-28 09:56:10.000000000,100276,196,100065,196,100370,196,99951,196,100371,196,99949,196,100391,196,99943,196,100401,100,99916,100,100428,100,99897,100,100718,100,99866,100,100865,100,99794,100,100914,100,99784,100,100920,100,99769,100
2019-06-28 09:56:12.726618398,100276,196,100084,100,100370,196,100065,196,100371,196,99951,196,100391,196,99949,196,100401,100,99943,196,100428,100,99916,100,100718,100,99897,100,100865,100,99866,100,100914,100,99794,100,100920,100,99784,100
2019-06-28 09:56:14.637550807,100276,96,100084,100,100370,196,100065,196,100371,196,99951,196,100391,196,99949,196,100401,100,99943,96,100428,100,99916,100,100718,100,99897,100,100865,100,99866,100,100914,100,99794,100,100920,100,99784,100
2019-06-28 09:56:20.000000000,100370,230,100084,230,100371,226,100065,226,100391,226,99951,226,100401,100,99949,100,100428,100,99916,100,100718,100,99897,100,100865,100,99866,100,100914,100,99794,100,100920,100,99784,100,101063,100,99769,100
2019-06-28 09:56:27.517454921,100370,130,100084,230,100371,226,100065,226,100391,226,99951,226,100428,100,99949,100,100718,100,99916,100,100865,100,99897,100,100914,100,99866,100,100920,100,99794,100,101063,100,99784,100,,,99769,100
2019-06-28 09:56:30.000000000,100371,196,100084,196,100391,196,100065,196,100428,196,99951,196,100718,196,99949,196,100865,100,99916,100,100914,100,99897,100,100920,100,99866,100,101063,100,99794,100,,,99784,100,,,99769,100
2019-06-28 09:56:31.439712386,100371,196,100084,196,100391,196,100065,196,100428,196,99951,196,100718,196,99949,196,100726,100,99916,100,100865,100,99897,100,100914,100,99866,100,100920,100,99794,100,101063,100,99784,100,,,99769,100
2019-06-28 09:56:40.000000000,100371,292,100084,292,100391,292,100065,292,100428,100,99951,100,100718,100,99949,100,100726,100,99916,100,100865,100,99897,100,100914,100,99866,100,100920,100,99794,100,101063,100,99784,100,,,99769,100
2019-06-28 09:56:50.000000000,100371,177,100084,177,100391,177,100065,177,100428,177,99951,177,100718,177,99949,177,100726,177,99916,177,100865,100,99897,100,100914,100,99866,100,100920,100,99794,100,101063,100,99784,100,,,99769,100
2019-06-28 09:56:51.186961150,100371,177,100084,177,100391,177,100065,177,100428,177,99951,177,100718,77,99949,177,100726,177,99916,177,100865,100,99897,100,100914,100,99866,100,100920,100,99794,100,101063,100,99784,100,,,99769,100
2019-06-28 09:56:54.940276100,100371,177,100276,100,100391,177,100084,177,100428,177,100065,77,100718,77,99951,177,100726,177,99949,177,100865,100,99916,177,100914,100,99897,100,100920,100,99866,100,101063,100,99794,100,,,99784,100
2019-06-28 09:57:00.000000000,100371,177,100276,177,100391,177,100084,177,100428,177,99951,177,100726,177,99949,177,100865,177,99916,177,100914,100,99897,100,100920,100,99866,100,101063,100,99794,100,,,99784,100,,,99769,100
2019-06-28 09:57:02.238668600,100369,100,100276,177,100371,177,100084,177,100391,177,99951,177,100428,177,99949,177,100726,177,99916,177,100865,177,99897,100,100914,100,99866,100,100920,100,99794,100,101063,100,99784,100,,,99769,100
2019-06-28 09:57:10.000000000,100369,196,100276,196,100371,196,100084,196,100391,196,99951,196,100428,196,99949,196,100726,100,99916,100,100865,100,99897,100,100914,100,99866,100,100920,100,99794,100,101063,100,99784,100,,,99769,100
2019-06-28 09:57:20.000000000,100369,292,100276,292,100371,292,100084,292,100391,100,99951,100,100428,100,99949,100,100726,100,99916,100,100865,100,99897,100,100914,100,99866,100,100920,100,99794,100,101063,100,99784,100,,,99769,100
2019-06-28 09:57:30.000000000,100369,196,100276,196,100371,196,100084,196,100391,196,99951,196,100428,196,99949,196,100726,100,99916,100,100865,100,99897,100,100914,100,99866,100,100920,100,99794,100,101063,100,99784,100,,,99769,100
2019-06-28 09:57:30.379888706,100369,196,100276,96,100371,196,100084,196,100391,196,99951,196,100428,196,99949,196,100726,100,99916,100,100865,100,99897,100,100914,100,99866,100,100920,100,99794,100,101063,100,99784,100,,,99769,100
2019-06-28 09:57:40.000000000,100369,177,100084,177,100371,177,99951,177,100391,177,99949,177,100428,177,99916,177,100726,177,99897,177,100865,100,99866,100,100914,100,99794,100,100920,100,99784,100,101063,100,99769,100,,,99444,100
2019-06-28 09:57:50.000000000,100369,230,100084,230,100371,226,99951,226,100391,226,99949,226,100428,100,99916,100,100726,100,99897,100,100865,100,99866,100,100914,100,99794,100,100920,100,99784,100,101063,100,99769,100,,,99444,100
2019-06-28 09:57:53.062299020,100369,230,100084,130,100371,226,99951,226,100391,226,99949,226,100428,100,99916,100,100726,100,99897,100,100865,100,99866,100,100914,100,99794,100,100920,100,99784,100,101063,100,99769,100,,,99444,100
2019-06-28 09:58:00.000000000,100369,230,99951,230,100371,226,99949,226,100391,226,99916,226,100428,100,99897,100,100726,100,99866,100,100865,100,99794,100,100914,100,99784,100,100920,100,99769,100,101063,100,99444,100,,,99406,100
2019-06-28 09:58:10.000000000,100369,483,99951,483,100371,100,99949,100,100391,100,99916,100,100428,100,99897,100,100726,100,99866,100,100865,100,99794,100,100914,100,99784,100,100920,100,99769,100,101063,100,99444,100,,,99406,100
2019-06-28 09:58:12.934200004,100369,483,99951,383,100371,100,99949,100,100391,100,99916,100,100428,100,99897,100,100726,100,99866,100,100865,100,99794,100,100914,100,99784,100,100920,100,99769,100,101063,100,99444,100,,,99406,100
2019-06-28 09:58:19.752705878,100369,483,99951,383,100371,100,99949,100,100391,100,99916,100,100428,100,99897,100,100726,100,99866,100,100865,100,99794,100,100914,100,99784,100,100920,100,99769,100,101063,100,99444,100,,,99406,100
2019-06-28 09:58:20.000000000,100369,483,99949,483,100371,100,99916,100,100391,100,99897,100,100428,100,99866,100,100726,100,99794,100,100865,100,99784,100,100914,100,99769,100,100920,100,99444,100,101063,100,99406,100,,,99391,100
2019-06-28 09:58:30.000000000,100369,292,99949,292,100371,292,99916,292,100391,100,99897,100,100428,100,99866,100,100726,100,99794,100,100865,100,99784,100,100914,100,99769,100,100920,100,99444,100,101063,100,99406,100,,,99391,100
2019-06-28 09:58:39.843936829,100369,292,99949,192,100371,292,99916,292,100391,100,99897,100,100428,100,99866,100,100726,100,99794,100,100865,100,99784,100,100914,100,99444,100,100920,100,99406,100,101063,100,99391,100,,,99347,100
2019-06-28 09:58:40.000000000,100369,196,99916,196,100371,196,99897,196,100391,196,99866,196,100428,196,99794,196,100726,100,99784,100,100865,100,99444,100,100914,100,99406,100,100920,100,99391,100,101063,100,99347,100,,,99196,100
2019-06-28 09:58:50.000000000,100369,292,99916,292,100371,292,99897,292,100391,100,99866,100,100428,100,99794,100,100726,100,99784,100,100865,100,99444,100,100914,100,99406,100,100920,100,99391,100,101063,100,99347,100,,,99196,100
2019-06-28 09:58:58.781652261,100369,292,99916,192,100371,292,99897,292,100391,100,99866,100,100428,100,99794,100,100726,100,99784,100,100865,100,99444,100,100914,100,99406,100,100920,100,99391,100,101063,100,99347,100,,,99196,100
2019-06-28 09:59:00.000000000,100369,292,99897,292,100371,292,99866,292,100391,100,99794,100,100428,100,99784,100,100726,100,99444,100,100865,100,99406,100,100914,100,99391,100,100920,100,99347,100,101063,100,99196,100,,,99147,100
2019-06-28 09:59:10.000000000,100369,483,99897,483,100371,100,99866,100,100391,100,99794,100,100428,100,99784,100,100726,100,99444,100,100865,100,99406,100,100914,100,99391,100,100920,100,99347,100,101063,100,99196,100,,,99147,100
2019-06-28 09:59:20.000000000,100369,177,99897,177,100371,177,99866,177,100391,177,99794,177,100428,177,99784,177,100726,177,99444,177,100865,100,99406,100,100914,100,99391,100,100920,100,99347,100,101063,100,99196,100,,,99147,100
2019-06-28 09:59:30.000000000,100369,177,99897,177,100371,177,99866,177,100391,177,99794,177,100428,177,99784,177,100726,177,99444,177,100865,100,99406,100,100914,100,99391,100,100920,100,99347,100,101063,100,99196,100,,,99147,100
2019-06-28 09:59:40.000000000,100369,196,99897,196,100371,196,99866,196,100391,196,99794,196,100428,196,99784,196,100726,100,99444,100,100865,100,99406,100,100914,100,99391,100,100920,100,99347,100,101063,100,99196,100,,,99147,100
2019-06-28 09:59:42.478829515,100369,196,99897,96,100371,196,99866,196,100391,196,99794,196,100428,196,99784,196,100726,100,99444,100,100865,100,99406,100,100914,100,99391,100,100920,100,99347,100,101063,100,99196,100,,,99147,100
2019-06-28 09:59:50.000000000,100369,292,99866,292,100371,292,99794,292,100391,100,99784,100,100428,100,99444,100,100726,100,99406,100,100865,100,99391,100,100914,100,99347,100,100920,100,99196,100,101063,100,99147,100,,,99083,100
2019-06-28 10:00:00.000000000,100369,230,99866,230,100371,226,99794,226,100391,226,99784,226,100428,100,99444,100,100726,100,99406,100,100865,100,99391,100,100914,100,99347,100,100920,100,99196,100,101063,100,99147,100,,,99083,100
2019-06-28 10:00:10.000000000,100369,177,99866,177,100371,177,99794,177,100391,177,99784,177,100428,177,99444,177,100726,177,99406,177,100865,100,99391,100,100914,100,99347,100,100920,100,99196,100,101063,100,99147,100,,,99083,100
2019-06-28 10:00:20.000000000,100369,196,99866,196,100371,196,99794,196,100391,196,99784,196,100428,196,99444,196,100726,100,99406,100,100865,100,99391,100,100914,100,99347,100,100920,100,99196,100,101063,100,99147,100,,,99083,100
2019-06-28 10:00:30.000000000,100369,177,99866,177,100371,177,99794,177,100391,177,99784,177,100428,177,99444,177,100726,177,99406,177,100865,100,99391,100,100914,100,99347,100,100920,100,99196,100,101063,100,99147,100,,,99083,100
2019-06-28 10:00:35.623890371,99916,100,99866,177,100369,177,99794,177,100371,177,99784,177,100391,177,99444,177,100428,177,99406,177,100726,177,99391,100,100865,100,99347,100,100914,100,99196,100,100920,100,99147,100,101063,100,99083,100
2019-06-28 10:00:39.522277267,99916,100,99866,77,100369,177,99794,177,100371,177,99784,177,100391,177,99444,177,100428,177,99406,177,100726,177,99391,100,100865,100,99347,100,100914,100,99196,100,100920,100,99147,100,101063,100,99083,100
2019-06-28 10:00:40.000000000,99916,230,99794,230,100369,226,99784,226,100371,226,99444,226,100391,100,99406,100,100428,100,99391,100,100726,100,99347,100,100865,100,99196,100,100914,100,99147,100,100920,100,99083,100,101063,100,,
2019-06-28 10:00:47.093340819,99897,100,99794,230,99916,230,99784,226,100369,226,99444,226,100371,226,99406,100,100391,100,99391,100,100428,100,99347,100,100726,100,99196,100,100865,100,99147,100,100914,100,99083,100,100920,100,,
2019-06-28 10:00:50.000000000,99897,483,99794,483,99916,100,99784,100,100369,100,99444,100,100371,100,99406,100,100391,100,99391,100,100428,100,99347,100,100726,100,99196,100,100865,100,99147,100,100914,100,99083,100,100920,100,,
2019-06-28 10:01:00.000000000,99897,292,99794,292,99916,292,99784,292,100369,100,99444,100,100371,100,99406,100,100391,100,99391,100,100428,100,99347,100,100726,100,99196,100,100865,100,99147,100,100914,100,99083,100,100920,100,,
2019-06-28 10:01:10.000000000,99897,177,99794,177,99916,177,99784,177,100369,177,99444,177,100371,177,99406,177,100391,177,99391,177,100428,100,99347,100,100726,100,99196,100,100865,100,99147,100,100914,100,99083,100,100920,100,,
2019-06-28 10:01:16.948489860,99897,177,99794,177,99916,177,99784,177,100093,100,99444,177,100369,177,99406,177,100371,177,99391,177,100391,177,99347,100,100428,100,99196,100,100726,100,99147,100,100865,100,99083,100,100914,100,,
2019-06-28 10:01:20.000000000,99897,292,99794,292,99916,292,99784,292,100093,100,99444,100,100369,100,99406,100,100371,100,99391,100,100391,100,99347,100,100428,100,99196,100,100726,100,99147,100,100865,100,99083,100,100914,100,,
2019-06-28 10:01:25.540889044,99897,192,99794,292,99916,292,99784,292,100093,100,99444,100,100369,100,99406,100,100371,100,99391,100,100391,100,99347,100,100428,100,99196,100,100726,100,99147,100,100865,100,99083,100,100914,100,,
2019-06-28 10:01:30.000000000,99916,483,99794,483,100093,100,99784,100,100369,100,99444,100,100371,100,99406,100,100391,100,99391,100,100428,100,99347,100,100726,100,99196,100,100865,100,99147,100,100914,100,99083,100,100920,100,,
2019-06-28 10:01:40.000000000,99916,196,99794,196,100093,196,99784,196,100369,196,99444,196,100371,196,99406,196,100391,100,99391,100,100428,100,99347,100,100726,100,99196,100,100865,100,99147,100,100914,100,99083,100,100920,100,,
2019-06-28 10:01:50.000000000,99916,483,99794,483,100093,100,99784,100,100369,100,99444,100,100371,100,99406,100,100391,100,99391,100,100428,100,99347,100,100726,100,99196,100,100865,100,99147,100,100914,100,99083,100,100920,100,,
2019-06-28 10:02:00.000000000,99916,230,99794,230,100093,226,99784,226,100369,226,99444,226,100371,100,99406,100,100391,100,99391,100,100428,100,99347,100,100726,100,99196,100,100865,100,99147,100,100914,100,99083,100,100920,100,,
2019-06-28 10:02:10.000000000,99916,292,99794,292,100093,292,99784,292,100369,100,99444,100,100371,100,99406,100,100391,100,99391,100,100428,100,99347,100,100726,100,99196,100,100865,100,99147,100,100914,100,99083,100,100920,100,,
2019-06-28 10:02:18.936079200,99820,100,99794,292,99916,292,99784,292,100093,292,99444,100,100369,100,99406,100,100371,100,99391,100,100391,100,99347,100,100726,100,99196,100,100865,100,99147,100,100914,100,99083,100,100920,100,,
2019-06-28 10:02:20.000000000,99820,196,99794,196,99916,196,99784,196,100093,196,99444,196,100369,196,99406,196,100371,100,99391,100,100391,100,99347,100,100726,100,99196,100,100865,100,99147,100,100914,100,99083,100,100920,100,,
2019-06-28 10:02:30.000000000,99820,177,99794,177,99916,177,99784,177,100093,177,99444,177,100369,177,99406,177,100371,177,99391,177,100391,100,99347,100,100726,100,99196,100,100865,100,99147,100,100914,100,99083,100,100920,100,,
2019-06-28 10:02:30.335394298,99820,177,99794,177,99916,77,99784,177,100093,177,99444,177,100369,177,99406,177,100371,177,99391,177,100391,100,99347,100,100726,100,99196,100,100865,100,99147,100,100914,100,99083,100,100920,100,,
2019-06-28 10:02:30.860238243,99820,177,99794,77,99916,77,99784,177,100093,177,99444,177,100369,177,99406,177,100371,177,99391,177,100391,100,99347,100,100726,100,99196,100,100865,100,99147,100,100914,100,99083,100,100920,100,,
2019-06-28 10:02:40.000000000,99820,483,99784,483,100093,100,99444,100,100369,100,99406,100,100371,100,99391,100,100391,100,99347,100,100726,100,99196,100,100865,100,99147,100,100914,100,99083,100,100920,100,,,101063,100,,
2019-06-28 10:02:50.000000000,99820,177,99784,177,100093,177,99444,177,100369,177,99406,177,100371,177,99391,177,100391,177,99347,177,100726,100,99196,100,100865,100,99147,100,100914,100,99083,100,100920,100,,,101063,100,,
2019-06-28 10:02:59.016409169,99820,177,99784,177,100093,177,99444,177,100369,77,99406,177,100371,177,99391,177,100391,177,99347,177,100726,100,99196,100,100865,100,99147,100,100914,100,99083,100,100920,100,,,101063,100,,
2019-06-28 10:03:00.000000000,99820,230,99784,230,100093,226,99444,226,100371,226,99406,226,100391,100,99391,100,100726,100,99347,100,100865,100,99196,100,100914,100,99147,100,100920,100,99083,100,101063,100,,,,,,
2019-06-28 10:03:00.505370974,99820,230,99784,230,100093,226,99486,100,100371,226,99444,226,100391,100,99406,226,100726,100,99391,100,100865,100,99347,100,100914,100,99196,100,100920,100,99147,100,101063,100,99083,100,,,,
2019-06-28 10:03:01.630121427,99820,230,99784,230,100093,226,99513,100,100371,226,99486,100,100391,100,99444,226,100726,100,99406,226,100865,100,99391,100,100914,100,99347,100,100920,100,99196,100,101063,100,99147,100,,,99083,100
2019-06-28 10:03:10.000000000,99820,196,99784,196,100093,196,99513,196,100371,196,99486,196,100391,196,99444,196,100726,100,99406,100,100865,100,99391,100,100914,100,99347,100,100920,100,99196,100,101063,100,99147,100,,,99083,100
2019-06-28 10:03:20.000000000,99820,177,99784,177,100093,177,99513,177,100371,177,99486,177,100391,177,99444,177,100726,177,99406,177,100865,100,99391,100,100914,100,99347,100,100920,100,99196,100,101063,100,99147,100,,,99083,100
2019-06-28 10:03:30.000000000,99820,230,99784,230,100093,226,99513,226,100371,226,99486,226,100391,100,99444,100,100726,100,99406,100,100865,100,99391,100,100914,100,99347,100,100920,100,99196,100,101063,100,99147,100,,,99083,100
2019-06-28 10:03:40.000000000,99820,292,99784,292,100093,292,99513,292,100371,100,99486,100,100391,100,99444,100,100726,100,99406,100,100865,100,99391,100,100914,100,99347,100,100920,100,99196,100,101063,100,99147,100,,,99083,100
2019-06-28 10:03:41.159613430,99820,292,99784,192,100093,292,99513,292,100371,100,99486,100,100391,100,99444,100,100726,100,99406,100,100865,100,99391,100,100914,100,99347,100,100920,100,99196,100,101063,100,99083,100,,,,
2019-06-28 10:03:50.000000000,99820,292,99513,292,100093,292,99486,292,100371,100,99444,100,100391,100,99406,100,100726,100,99391,100,100865,100,99347,100,100914,100,99196,100,100920,100,99083,100,101063,100,,,,,,
2019-06-28 10:03:58.303274404,99820,292,99513,292,100093,292,99486,292,100371,100,99444,100,100391,100,99406,100,100726,100,99391,100,100865,100,99347,100,100914,100,99196,100,100920,100,99108,100,101063,100,99083,100,,,,
2019-06-28 10:04:00.000000000,99820,196,99513,196,100093,196,99486,196,100371,196,99444,196,100391,196,99406,196,100726,100,99391,100,100865,100,99347,100,100914,100,99196,100,100920,100,99108,100,101063,100,99083,100,,,,
2019-06-28 10:04:01.308014975,99820,196,99513,96,100093,196,99486,196,100371,196,99444,196,100391,196,99406,196,100726,100,99391,100,100865,100,99347,100,100914,100,99196,100,100920,100,99108,100,101063,100,99083,100,,,,
2019-06-28 10:04:06.578673087,99820,196,99513,96,100093,196,99486,196,100371,196,99444,196,100391,196,99406,196,100726,100,99391,100,100865,100,99347,100,100914,100,99258,100,100920,100,99196,100,101063,100,99108,100,,,99083,100
2019-06-28 10:04:07.036127830,99820,196,99513,96,100093,196,99486,196,100371,196,99444,196,100391,196,99406,96,100726,100,99391,100,100865,100,99347,100,100914,100,99258,100,100920,100,99196,100,101063,100,99120,100,,,99108,100
2019-06-28 10:04:10.000000000,99820,177,99486,177,100093,177,99444,177,100371,177,99391,177,100391,177,99347,177,100726,177,99258,177,100865,100,99196,100,100914,100,99120,100,100920,100,99108,100,101063,100,99083,100,,,,
2019-06-28 10:04:20.000000000,99820,230,99486,230,100093,226,99444,226,100371,226,99391,226,100391,100,99347,100,100726,100,99258,100,100865,100,99196,100,100914,100,99120,100,100920,100,99108,100,101063,100,99083,100,,,,
2019-06-28 10:04:28.046551313,99820,230,99486,230,100093,226,99444,226,100371,226,99391,226,100391,100,99347,100,100726,100,99258,100,100865,100,99196,100,100914,100,99120,100,100920,100,99108,100,101063,100,99083,100,,,98926,100
2019-06-28 10:04:30.000000000,99820,230,99486,230,100093,226,99444,226,100371,226,99391,226,100391,100,99347,100,100726,100,99258,100,100865,100,99196,100,100914,100,99120,100,100920,100,99108,100,101063,100,99083,100,,,98926,100
2019-06-28 10:04:40.000000000,99820,292,99486,292,100093,292,99444,292,100371,100,99391,100,100391,100,99347,100,100726,100,99258,100,100865,100,99196,100,100914,100,99120,100,100920,100,99108,100,101063,100,99083,100,,,98926,100
2019-06-28 10:04:50.000000000,99820,177,99486,177,100093,177,99444,177,100371,177,99391,177,100391,177,99347,177,100726,177,99258,177,100865,100,99196,100,100914,100,99120,100,100920,100,99108,100,101063,100,99083,100,,,98926,100
2019-06-28 10:05:00.000000000,99820,292,99486,292,100093,292,99444,292,100371,100,99391,100,100391,100,99347,100,100726,100,99258,100,100865,100,99196,100,100914,100,99120,100,100920,100,99108,100,101063,100,99083,100,,,98926,100
2019-06-28 10:05:10.000000000,99820,177,99486,177,100093,177,99444,177,100371,177,99391,177,100391,177,99347,177,100726,177,99258,177,100865,100,99196,100,100914,100,99120,100,100920,100,99108,100,101063,100,99083,100,,,98926,100
2019-06-28 10:05:20.000000000,99820,292,99486,292,100093,292,99444,292,100371,100,99391,100,100391,100,99347,100,100726,100,99258,100,100865,100,99196,100,100914,100,99120,100,100920,100,99108,100,101063,100,99083,100,,,98926,100
2019-06-28 10:05:30.000000000,99820,196,99486,196,100093,196,99444,196,100371,196,99391,196,100391,196,99347,196,100726,100,99258,100,100865,100,99196,100,100914,100,99120,100,100920,100,99108,100,101063,100,99083,100,,,98926,100
2019-06-28 10:05:40.000000000,99820,196,99486,196,100093,196,99444,196,100371,196,99391,196,100391,196,99347,196,100726,100,99258,100,100865,100,99196,100,100914,100,99120,100,100920,100,99108,100,101063,100,99083,100,,,98926,100
2019-06-28 10:05:46.161775891,99820,196,99514,100,100093,196,99486,196,100371,196,99444,196,100391,196,99391,196,100726,100,99347,196,100865,100,99258,100,100914,100,99196,100,100920,100,99120,100,101063,100,99108,100,,,99083,100
2019-06-28 10:05:48.244347512,99784,100,99514,100,99820,196,99486,196,100093,196,99444,196,100371,196,99391,196,100391,196,99347,196,100726,100,99258,100,100865,100,99196,100,100914,100,99120,100,100920,100,99108,100,101063,100,99083,100
2019-06-28 10:05:50.000000000,99784,292,99514,292,99820,292,99486,292,100093,100,99444,100,100371,100,99391,100,100391,100,99347,100,100726,100,99258,100,100865,100,99196,100,100914,100,99120,100,100920,100,99108,100,101063,100,99083,100
2019-06-28 10:06:00.000000000,99784,483,99514,483,99820,100,99486,100,100093,100,99444,100,100371,100,99391,100,100391,100,99347,100,100726,100,99258,100,100865,100,99196,100,100914,100,99120,100,100920,100,99108,100,101063,100,99083,100
2019-06-28 10:06:10.000000000,99784,230,99514,230,99820,226,99486,226,100093,226,99444,226,100371,100,99391,100,100391,100,99347,100,100726,100,99258,100,100865,100,99196,100,100914,100,99120,100,100920,100,99108,100,101063,100,99083,100
2019-06-28 10:06:18.871318214,99742,100,99514,230,99784,230,99486,226,99820,226,99444,226,100093,226,99391,100,100371,100,99347,100,100391,100,99258,100,100726,100,99196,100,100865,100,99120,100,100914,100,99108,100,100920,100,99083,100
2019-06-28 10:06:20.000000000,99742,196,99514,196,99784,196,99486,196,99820,196,99444,196,100093,196,99391,196,100371,100,99347,100,100391,100,99258,100,100726,100,99196,100,100865,100,99120,100,100914,100,99108,100,100920,100,99083,100
2019-06-28 10:06:20.993077870,99742,196,99514,196,99784,196,99486,196,99820,196,99444,196,99822,100,99391,196,100093,196,99347,100,100371,100,99258,100,100391,100,99196,100,100726,100,99120,100,100865,100,99108,100,100914,100,99083,100
2019-06-28 10:06:30.000000000,99742,292,99514,292,99784,292,99486,292,99820,100,99444,100,99822,100,99391,100,100093,100,99347,100,100371,100,99258,100,100391,100,99196,100,100726,100,99120,100,100865,100,99108,100,100914,100,99083,100
2019-06-28 10:06:40.000000000,99742,196,99514,196,99784,196,99486,196,99820,196,99444,196,99822,196,99391,196,100093,100,99347,100,100371,100,99258,100,100391,100,99196,100,100726,100,99120,100,100865,100,99108,100,100914,100,99083,100
2019-06-28 10:06:50.000000000,99742,292,99514,292,99784,292,99486,292,99820,100,99444,100,99822,100,99391,100,100093,100,99347,100,100371,100,99258,100,100391,100,99196,100,100726,100,99120,100,100865,100,99108,100,100914,100,99083,100
2019-06-28 10:07:00.000000000,99742,292,99514,292,99784,292,99486,292,99820,100,99444,100,99822,100,99391,100,100093,100,99347,100,100371,100,99258,100,100391,100,99196,100,100726,100,99120,100,100865,100,99108,100,100914,100,99083,100
2019-06-28 10:07:10.000000000,99742,230,99514,230,99784,226,99486,226,99820,226,99444,226,99822,100,99391,100,100093,100,99347,100,100371,100,99258,100,100391,100,99196,100,100726,100,99120,100,100865,100,99108,100,100914,100,99083,100
2019-06-28 10:07:20.000000000,99742,483,99514,483,99784,100,99486,100,99820,100,99444,100,99822,100,99391,100,100093,100,99347,100,100371,100,99258,100,100391,100,99196,100,100726,100,99120,100,100865,100,99108,100,100914,100,99083,100
2019-06-28 10:07:30.000000000,99742,292,99514,292,99784,292,99486,292,99820,100,99444,100,99822,100,99391,100,100093,100,99347,100,100371,100,99258,100,100391,100,99196,100,100726,100,99120,100,100865,100,99108,100,100914,100,99083,100
2019-06-28 10:07:40.000000000,99742,230,99514,230,99784,226,99486,226,99820,226,99444,226,99822,100,99391,100,100093,100,99347,100,100371,100,99258,100,100391,100,99196,100,100726,100,99120,100,100865,100,99108,100,100914,100,99083,100
2019-06-28 10:07:50.000000000,99742,230,99514,230,99784,226,99486,226,99820,226,99444,226,99822,100,99391,100,100093,100,99347,100,100371,100,99258,100,100391,100,99196,100,100726,100,99120,100,100865,100,99108,100,100914,100,99083,100
2019-06-28 10:08:00.000000000,99742,196,99514,196,99784,196,99486,196,99820,196,99444,196,99822,196,99391,196,100093,100,99347,100,100371,100,99258,100,100391,100,99196,100,100726,100,99120,100,100865,100,99108,100,100914,100,99083,100
2019-06-28 10:08:02.594954079,99742,196,99514,96,99784,196,99486,196,99820,196,99444,196,99822,196,99391,196,100093,100,99347,100,100371,100,99258,100,100391,100,99196,100,100726,100,99120,100,100865,100,99108,100,100914,100,99083,100
2019-06-28 10:08:06.750891032,99742,196,99514,96,99784,196,99486,196,99820,196,99444,196,99822,196,99391,196,100093,100,99347,100,100371,100,99258,100,100391,100,99120,100,100726,100,99108,100,100865,100,99087,100,100914,100,99083,100
2019-06-28 10:08:06.795479864,99514,4,99486,196,99742,196,99444,196,99784,196,99391,196,99820,196,99347,100,99822,196,99258,100,100093,100,99120,100,100371,100,99108,100,100391,100,99087,100,100726,100,99083,100,100865,100,98926,100
2019-06-28 10:08:10.000000000,99514,196,99486,292,99742,292,99444,292,99784,100,99391,100,99820,100,99347,100,99822,100,99258,100,100093,100,99120,100,100371,100,99108,100,100391,100,99087,100,100726,100,99083,100,100865,100,98926,100
2019-06-28 10:08:20.000000000,99514,81,99486,177,99742,177,99444,177,99784,177,99391,177,99820,177,99347,177,99822,177,99258,177,100093,100,99120,100,100371,100,99108,100,100391,100,99087,100,100726,100,99083,100,100865,100,98926,100
2019-06-28 10:08:30.000000000,99514,134,99486,230,99742,226,99444,226,99784,226,99391,226,99820,100,99347,100,99822,100,99258,100,100093,100,99120,100,100371,100,99108,100,100391,100,99087,100,100726,100,99083,100,100865,100,98926,100
2019-06-28 10:08:32.205921646,99514,234,99486,230,99742,226,99444,226,99784,226,99391,226,99820,100,99347,100,99822,100,99258,100,100093,100,99120,100,100371,100,99108,100,100391,100,99087,100,100726,100,99083,100,100865,100,98926,100
2019-06-28 10:08:40.000000000,99514,181,99486,177,99742,177,99444,177,99784,177,99391,177,99820,177,99347,177,99822,177,99258,177,100093,100,99120,100,100371,100,99108,100,100391,100,99087,100,100726,100,99083,100,100865,100,98926,100
2019-06-28 10:08:50.000000000,99514,234,99486,230,99742,226,99444,226,99784,226,99391,226,99820,100,99347,100,99822,100,99258,100,100093,100,99120,100,100371,100,99108,100,100391,100,99087,100,100726,100,99083,100,100865,100,98926,100
2019-06-28 10:09:00.000000000,99514,200,99486,196,99742,196,99444,196,99784,196,99391,196,99820,196,99347,196,99822,100,99258,100,100093,100,99120,100,100371,100,99108,100,100391,100,99087,100,100726,100,99083,100,100865,100,98926,100
2019-06-28 10:09:10.000000000,99514,296,99486,292,99742,292,99444,292,99784,100,99391,100,99820,100,99347,100,99822,100,99258,100,100093,100,99120,100,100371,100,99108,100,100391,100,99087,100,100726,100,99083,100,100865,100,98926,100
2019-06-28 10:09:17.719944952,99514,296,99486,192,99742,292,99444,292,99784,100,99391,100,99820,100,99347,100,99822,100,99258,100,100093,100,99120,100,100371,100,99108,100,100391,100,99087,100,100726,100,99083,100,100865,100,98926,100
2019-06-28 10:09:18.841978916,99514,296,99486,192,99742,292,99444,292,99784,100,99391,100,99820,100,99347,100,99822,100,99258,100,100093,100,99120,100,100371,100,99108,100,100391,100,99087,100,100726,100,99083,100,100865,100,99027,100
