,ask_price_1,ask_size_1,bid_price_1,bid_size_1,ask_price_2,ask_size_2,bid_price_2,bid_size_2,ask_price_3,ask_size_3,bid_price_3,bid_size_3,ask_price_4,ask_size_4,bid_price_4,bid_size_4,ask_price_5,ask_size_5,bid_price_5,bid_size_5,ask_price_6,ask_size_6,bid_price_6,bid_size_6,ask_price_7,ask_size_7,bid_price_7,bid_size_7,ask_price_8,ask_size_8,bid_price_8,bid_size_8,ask_price_9,ask_size_9,bid_price_9,bid_size_9,ask_price_10,ask_size_10,bid_price_10,bid_size_10
2019-06-28 09:30:00.000000002,100054,100,,,,,,,,,,,,,,,,,,,,,,,,,,,,,,,,,,,,,,
2019-06-28 09:30:00.000000005,100027,100,,,100054,100,,,100195,100,,,,,,,,,,,,,,,,,,,,,,,,,,,,,,
2019-06-28 09:30:00.000000008,100027,100,,,100054,100,,,100075,100,,,100195,100,,,,,,,,,,,,,,,,,,,,,,,,,,
2019-06-28 09:30:00.000000009,100027,100,,,100054,100,,,100075,100,,,100117,100,,,100195,100,,,,,,,,,,,,,,,,,,,,,,
2019-06-28 09:30:00.000000012,100027,100,99816,100,100054,100,,,100075,100,,,100117,100,,,100195,100,,,,,,,,,,,,,,,,,,,,,,
2019-06-28 09:30:00.000000014,99954,100,99816,100,100027,100,,,100054,100,,,100075,100,,,100117,100,,,100195,100,,,,,,,,,,,,,,,,,,
2019-06-28 09:30:00.000000020,99954,100,99816,100,99962,100,,,100027,100,,,100054,100,,,100075,200,,,100117,100,,,100195,100,,,,,,,,,,,,,,
2019-06-28 09:30:00.000000021,99954,100,99941,100,99962,100,99816,100,100027,100,,,100054,100,,,100075,200,,,100117,100,,,100195,100,,,,,,,,,,,,,,
2019-06-28 09:30:00.000000022,99962,100,99941,100,100027,100,99816,100,100054,100,,,100075,200,,,100117,100,,,100195,100,,,,,,,,,,,,,,,,,,
2019-06-28 09:30:00.000000023,99962,100,99941,100,100027,100,99896,100,100054,100,99883,100,100075,200,99816,100,100117,100,,,100195,100,,,,,,,,,,,,,,,,,,
2019-06-28 09:30:00.000000024,99962,100,99947,100,100005,100,99941,100,100027,100,99896,100,100054,100,99883,100,100075,200,99816,100,100117,100,,,100195,100,,,,,,,,,,,,,,
2019-06-28 09:30:00.000000025,99962,100,99947,100,100005,100,99941,100,100027,100,99896,100,100054,100,99883,100,100075,200,99816,100,100082,100,,,100117,100,,,100195,100,,,,,,,,,,
2019-06-28 09:30:00.000000029,99962,100,99947,100,100005,100,99941,100,100027,100,99896,100,100028,100,99883,100,100050,100,99816,100,100054,100,,,100075,200,,,100082,100,,,100117,100,,,100195,100,,
2019-06-28 09:30:00.000000030,99962,100,99947,100,100005,100,99941,100,100027,100,99935,100,100028,100,99896,100,100050,100,99883,100,100054,100,99816,100,100075,200,,,100082,100,,,100117,100,,,100195,100,,
2019-06-28 09:30:00.000000031,99962,100,99947,100,100005,100,99941,100,100016,100,99935,100,100027,100,99896,100,100028,100,99883,100,100032,100,99816,100,100050,100,,,100054,100,,,100075,200,,,100082,100,,
2019-06-28 09:30:00.000000033,99962,100,99947,100,100005,100,99941,100,100016,100,99935,100,100027,100,99896,100,100028,100,99883,100,100032,100,99836,100,100050,100,99816,100,100054,100,,,100075,200,,,100082,100,,
2019-06-28 09:30:00.000000035,99962,100,99947,100,100005,100,99941,100,100016,100,99935,100,100027,100,99896,100,100028,100,99883,100,100032,100,99836,100,100050,100,99816,100,100054,100,,,100075,200,,,100082,100,,
2019-06-28 09:30:00.000000036,100005,100,99947,100,100016,100,99941,100,100027,100,99935,100,100028,100,99896,100,100032,100,99883,100,100050,100,99836,100,100054,100,99816,100,100075,200,,,100082,100,,,100117,100,,
2019-06-28 09:30:00.000000037,100005,100,99947,100,100016,100,99941,100,100027,100,99935,100,100028,100,99896,100,100032,100,99883,100,100050,100,99836,100,100054,100,99816,100,100075,300,,,100082,100,,,100117,100,,
2019-06-28 09:30:00.000000043,100016,100,99947,100,100027,100,99941,100,100028,100,99935,100,100032,100,99896,100,100050,100,99883,100,100054,100,99836,100,100075,300,99816,100,100082,100,,,100117,100,,,100150,100,,
2019-06-28 09:30:00.000000044,100016,100,99947,100,100027,100,99941,100,100028,100,99935,100,100032,100,99896,100,100050,100,99883,100,100054,100,99836,100,100075,300,99816,100,100082,100,,,100117,100,,,100130,100,,
2019-06-28 09:30:00.000000045,100016,100,99976,100,100027,100,99947,100,100028,100,99941,100,100032,100,99935,100,100050,100,99896,100,100054,100,99883,100,100075,300,99836,100,100082,100,99816,100,100117,100,,,100130,100,,
2019-06-28 09:30:00.000000046,100027,100,99976,100,100028,100,99947,100,100032,100,99941,100,100050,100,99935,100,100054,100,99896,100,100075,300,99883,100,100082,100,99836,100,100117,100,99816,100,100130,100,,,100132,100,,
2019-06-28 09:30:00.000000048,100027,100,99976,100,100028,100,99947,100,100032,100,99941,100,100044,100,99935,100,100050,100,99896,100,100054,100,99883,100,100075,300,99836,100,100082,100,99816,100,100117,100,,,100130,100,,
2019-06-28 09:30:00.000000050,100019,100,99947,100,100027,100,99941,100,100028,100,99935,100,100032,100,99896,100,100044,100,99883,100,100050,100,99836,100,100054,100,99816,100,100075,300,,,100082,100,,,100117,100,,
2019-06-28 09:30:00.000000052,100019,100,99985,100,100027,100,99947,100,100028,100,99941,100,100032,100,99935,100,100044,100,99896,100,100050,100,99883,100,100054,100,99836,100,100075,300,99816,100,100082,100,,,100117,100,,
2019-06-28 09:30:00.000000053,100016,100,99985,100,100019,100,99953,100,100027,100,99947,100,100028,100,99941,100,100032,100,99935,100,100044,100,99896,100,100050,100,99883,100,100054,100,99836,100,100075,300,99816,100,100082,100,,
2019-06-28 09:30:00.000000055,100016,200,99985,100,100019,100,99953,100,100027,100,99947,100,100028,100,99941,100,100032,100,99935,100,100044,100,99896,100,100050,100,99883,100,100054,100,99836,100,100075,300,99816,100,100082,100,,
2019-06-28 09:30:00.000000056,100016,200,99953,100,100019,100,99947,100,100027,100,99941,100,100028,100,99935,100,100032,100,99896,100,100044,100,99883,100,100050,100,99836,100,100054,100,99816,100,100075,300,,,100082,100,,
2019-06-28 09:30:00.000000058,99985,100,99953,100,100016,200,99947,100,100019,100,99941,100,100027,100,99935,100,100028,100,99896,100,100032,100,99883,100,100044,100,99836,100,100050,100,99816,100,100054,100,,,100075,300,,
2019-06-28 09:30:00.000000061,99985,100,99953,100,100016,200,99947,100,100019,100,99941,100,100027,100,99935,100,100028,100,99896,100,100032,100,99883,100,100044,100,99836,100,100050,100,99816,100,100054,100,99802,100,100075,300,,
2019-06-28 09:30:00.000000063,100016,200,99953,100,100019,100,99947,100,100027,100,99941,100,100028,100,99935,100,100032,100,99904,100,100044,100,99896,100,100050,100,99883,100,100054,100,99836,100,100075,300,99816,100,100082,100,99802,100
2019-06-28 09:30:00.000000064,100016,200,99985,100,100019,100,99953,100,100027,100,99947,100,100028,100,99941,100,100032,100,99935,100,100044,100,99904,100,100050,100,99896,100,100054,100,99883,100,100075,300,99836,100,100082,100,99816,100
2019-06-28 09:30:00.000000066,100016,200,99985,100,100019,100,99953,100,100027,100,99947,100,100028,100,99941,100,100032,100,99935,100,100044,100,99904,100,100050,100,99896,100,100054,100,99883,100,100075,300,99836,100,100082,100,99817,100
2019-06-28 09:30:00.000000067,100016,200,99953,100,100019,100,99947,100,100027,100,99941,100,100028,100,99935,100,100032,100,99904,100,100044,100,99896,100,100050,100,99883,100,100054,100,99836,100,100075,300,99817,100,100082,100,99816,100
2019-06-28 09:30:00.000000068,100016,200,99953,100,100019,100,99947,100,100027,100,99941,100,100028,100,99935,100,100032,100,99904,100,100044,100,99899,100,100050,100,99896,100,100054,100,99883,100,100075,300,99836,100,100082,100,99817,100
2019-06-28 09:30:00.000000069,100016,200,99953,100,100019,100,99947,100,100027,100,99941,100,100028,100,99935,100,100032,100,99904,100,100037,100,99899,100,100044,100,99896,100,100050,100,99883,100,100054,100,99836,100,100075,300,99817,100
2019-06-28 09:30:00.000000071,100016,200,99953,100,100019,100,99947,100,100027,100,99941,100,100028,100,99938,100,100032,100,99935,100,100037,100,99904,100,100044,100,99899,100,100050,100,99896,100,100054,100,99883,100,100075,300,99836,100
2019-06-28 09:30:00.000000073,100004,100,99953,100,100016,200,99947,100,100019,100,99941,100,100027,100,99938,100,100028,100,99935,100,100032,100,99904,100,100037,100,99899,100,100044,100,99896,100,100050,100,99883,100,100054,100,99836,100
2019-06-28 09:30:00.000000074,100004,100,99953,100,100016,200,99947,100,100019,100,99941,100,100027,100,99938,100,100028,100,99935,100,100032,100,99904,100,100037,100,99899,100,100044,100,99896,100,100050,100,99883,100,100054,100,99881,100
2019-06-28 09:30:00.000000078,100016,200,99953,100,100019,100,99947,100,100027,100,99941,100,100028,100,99938,100,100032,100,99935,100,100033,100,99904,100,100037,100,99899,100,100044,100,99896,100,100050,100,99883,100,100054,100,99881,100
2019-06-28 09:30:00.000000079,100016,200,99947,100,100019,100,99941,100,100027,100,99938,100,100028,100,99935,100,100032,100,99904,100,100033,100,99899,100,100037,100,99896,100,100044,100,99883,100,100050,100,99881,100,100054,100,99836,100
2019-06-28 09:30:00.000000080,100016,200,99947,100,100019,100,99941,100,100025,100,99938,100,100027,100,99935,100,100028,100,99904,100,100032,100,99899,100,100033,100,99896,100,100037,100,99883,100,100044,100,99881,100,100050,100,99836,100
2019-06-28 09:30:00.000000085,100016,200,99953,100,100019,100,99947,100,100025,100,99941,100,100027,100,99938,100,100028,100,99935,100,100032,100,99904,100,100033,100,99899,100,100037,100,99896,100,100044,100,99883,100,100050,100,99881,100
2019-06-28 09:30:00.000000087,100016,200,100008,100,100019,100,99953,100,100025,100,99947,100,100027,100,99941,100,100028,100,99938,100,100032,100,99935,100,100033,100,99904,100,100037,100,99899,100,100044,100,99896,100,100050,100,99883,100
2019-06-28 09:30:00.000000090,100016,200,100008,100,100019,100,99953,200,100025,100,99947,100,100027,100,99941,100,100028,100,99938,100,100032,100,99935,100,100033,100,99904,100,100037,100,99899,100,100044,100,99896,100,100050,100,99883,100
2019-06-28 09:30:00.000000091,100016,200,99957,100,100019,100,99953,200,100025,100,99947,100,100027,100,99941,100,100028,100,99938,100,100032,100,99935,100,100033,100,99904,100,100037,100,99899,100,100044,100,99896,100,100050,100,99883,100
2019-06-28 09:30:00.000000092,100016,200,99957,100,100019,100,99953,200,100025,100,99947,100,100027,100,99941,100,100028,100,99938,100,100032,100,99935,100,100033,100,99904,100,100037,100,99899,100,100044,100,99896,100,100050,100,99883,100
2019-06-28 09:30:00.000000095,100016,200,99957,100,100019,100,99953,200,100025,100,99947,100,100027,100,99941,100,100028,100,99938,100,100032,100,99935,100,100033,100,99904,100,100037,100,99899,100,100044,100,99896,100,100050,100,99883,100
2019-06-28 09:30:00.000000097,100016,200,99953,200,100019,100,99947,100,100025,100,99941,100,100027,100,99938,100,100028,100,99935,100,100032,100,99904,100,100033,100,99899,100,100037,100,99896,100,100044,100,99883,100,100050,100,99881,100
2019-06-28 09:30:04.876730919,99978,100,99953,200,100016,200,99947,100,100019,100,99941,100,100025,100,99938,100,100027,100,99935,100,100028,100,99904,100,100032,100,99899,100,100033,100,99896,100,100037,100,99883,100,100044,100,99881,100
2019-06-28 09:30:10.000000000,99978,387,99953,487,100016,200,99947,100,100019,100,99941,100,100025,100,99938,100,100027,100,99935,100,100028,100,99904,100,100032,100,99899,100,100033,100,99896,100,100037,100,99883,100,100044,100,99881,100
2019-06-28 09:30:19.570992787,99978,387,99953,487,99980,100,99947,100,100016,200,99941,100,100019,100,99938,100,100025,100,99935,100,100027,100,99904,100,100028,100,99899,100,100032,100,99896,100,100037,100,99883,100,100044,100,99881,100
2019-06-28 09:30:20.000000000,99978,198,99953,298,99980,195,99947,195,100016,295,99941,195,100019,100,99938,100,100025,100,99935,100,100027,100,99904,100,100028,100,99899,100,100032,100,99896,100,100037,100,99883,100,100044,100,99881,100
2019-06-28 09:30:22.412447481,99978,198,99953,298,99980,195,99947,195,100016,295,99941,195,100019,100,99938,100,100021,100,99935,100,100025,100,99904,100,100027,100,99899,100,100028,100,99896,100,100032,100,99883,100,100037,100,99881,100
2019-06-28 09:30:25.049289697,99978,198,99953,298,99980,195,99947,195,100016,295,99941,195,100019,100,99938,100,100021,100,99935,100,100025,100,99904,100,100027,100,99899,100,100028,100,99896,100,100032,100,99883,100,100037,100,99881,100
2019-06-28 09:30:27.507684564,99978,198,99953,298,99980,195,99947,195,100016,295,99941,195,100019,100,99938,100,100021,100,99935,100,100025,100,99923,100,100027,100,99904,100,100028,100,99899,100,100032,100,99896,100,100037,100,99883,100
2019-06-28 09:30:29.640694878,99978,198,99953,298,99980,195,99947,195,100016,295,99941,195,100019,100,99938,100,100021,100,99935,100,100025,100,99923,100,100027,100,99904,100,100028,100,99899,100,100032,100,99896,100,100037,100,99883,100
2019-06-28 09:30:30.000000000,99978,198,99953,298,99980,195,99947,195,100016,295,99941,195,100019,100,99938,100,100021,100,99935,100,100025,100,99923,100,100027,100,99904,100,100028,100,99899,100,100032,100,99896,100,100037,100,99883,100
2019-06-28 09:30:35.769182110,99978,198,99953,298,99980,195,99947,195,100016,295,99941,195,100019,100,99938,100,100021,100,99935,100,100025,100,99923,100,100027,100,99904,100,100028,100,99899,100,100032,100,99896,100,100037,100,99883,100
2019-06-28 09:30:40.000000000,99978,157,99953,257,99980,157,99947,157,100016,257,99941,157,100019,157,99938,157,100021,157,99935,157,100025,100,99923,100,100027,100,99904,100,100028,100,99899,100,100032,100,99896,100,100037,100,99883,100
2019-06-28 09:30:42.537900829,99978,157,99953,157,99980,157,99947,157,100016,257,99941,157,100019,157,99938,157,100021,157,99935,157,100025,100,99923,100,100027,100,99904,100,100028,100,99899,100,100032,100,99896,100,100037,100,99883,100
2019-06-28 09:30:50.000000000,99978,198,99953,198,99980,195,99947,195,100016,295,99941,195,100019,100,99938,100,100021,100,99935,100,100025,100,99923,100,100027,100,99904,100,100028,100,99899,100,100032,100,99896,100,100037,100,99883,100
2019-06-28 09:31:00.000000000,99978,198,99953,198,99980,195,99947,195,100016,295,99941,195,100019,100,99938,100,100021,100,99935,100,100025,100,99923,100,100027,100,99904,100,100028,100,99899,100,100032,100,99896,100,100037,100,99883,100
2019-06-28 09:31:06.568216743,99978,198,99953,198,99980,195,99947,195,100016,295,99941,195,100019,100,99938,100,100021,100,99935,100,100025,100,99923,100,100027,100,99904,100,100028,100,99899,100,100032,100,99896,100,100037,100,99883,100
2019-06-28 09:31:10.000000000,99978,157,99953,157,99980,157,99947,157,100016,257,99941,157,100019,157,99938,157,100021,157,99935,157,100025,100,99923,100,100027,100,99904,100,100028,100,99899,100,100032,100,99896,100,100037,100,99883,100
2019-06-28 09:31:11.755957434,99978,157,99953,157,99980,157,99947,157,100016,257,99941,157,100019,157,99938,157,100021,157,99935,157,100025,100,99923,100,100027,100,99904,100,100028,100,99899,100,100032,100,99896,100,100037,100,99883,100
2019-06-28 09:31:13.481356554,99978,157,99953,157,99980,157,99947,157,100016,257,99941,157,100019,157,99938,157,100021,157,99935,157,100025,100,99923,100,100028,100,99904,100,100032,100,99899,100,100037,100,99896,100,100044,100,99883,100
2019-06-28 09:31:13.602479724,99978,157,99953,57,99980,157,99947,157,100016,257,99941,157,100019,157,99938,157,100021,157,99935,157,100025,100,99923,100,100028,100,99904,100,100032,100,99899,100,100037,100,99896,100,100044,100,99883,100
2019-06-28 09:31:18.850762143,99978,157,99953,57,99980,157,99947,157,100016,257,99941,157,100019,157,99938,157,100021,157,99935,157,100025,100,99923,100,100028,100,99904,100,100032,100,99899,100,100037,100,99896,100,100044,100,99883,100
2019-06-28 09:31:20.000000000,99978,244,99947,244,99980,244,99941,244,100016,200,99938,100,100019,100,99935,100,100021,100,99923,100,100025,100,99904,100,100028,100,99899,100,100032,100,99896,100,100037,100,99883,100,100044,100,99881,100
2019-06-28 09:31:30.000000000,99978,198,99947,198,99980,195,99941,195,100016,295,99938,195,100019,100,99935,100,100021,100,99923,100,100025,100,99904,100,100028,100,99899,100,100032,100,99896,100,100037,100,99883,100,100044,100,99881,100
2019-06-28 09:31:32.401673469,99978,198,99947,198,99980,195,99941,195,100016,295,99938,195,100019,100,99935,100,100021,100,99923,100,100025,100,99904,200,100028,100,99899,100,100032,100,99896,100,100037,100,99883,100,100044,100,99881,100
2019-06-28 09:31:32.619425310,99978,98,99947,198,99980,195,99941,195,100016,295,99938,195,100019,100,99935,100,100025,100,99923,100,100028,100,99904,200,100032,100,99899,100,100037,100,99896,100,100044,100,99883,100,100050,100,99881,100
2019-06-28 09:31:40.000000000,99980,172,99947,172,100016,272,99941,172,100019,172,99938,172,100025,172,99935,172,100028,100,99923,100,100032,100,99904,200,100037,100,99899,100,100044,100,99896,100,100050,100,99883,100,100054,100,99881,100
2019-06-28 09:31:50.000000000,99980,172,99947,172,100016,272,99941,172,100019,172,99938,172,100025,172,99935,172,100028,100,99923,100,100032,100,99904,200,100037,100,99899,100,100044,100,99896,100,100050,100,99883,100,100054,100,99881,100
2019-06-28 09:32:00.000000000,99980,244,99947,244,100016,344,99941,244,100019,100,99938,100,100025,100,99935,100,100028,100,99923,100,100032,100,99904,200,100037,100,99899,100,100044,100,99896,100,100050,100,99883,100,100054,100,99881,100
2019-06-28 09:32:10.000000000,99980,198,99947,198,100016,295,99941,195,100019,195,99938,195,100025,100,99935,100,100028,100,99923,100,100032,100,99904,200,100037,100,99899,100,100044,100,99896,100,100050,100,99883,100,100054,100,99881,100
2019-06-28 09:32:13.203494977,99980,198,99947,198,100016,295,99941,195,100019,195,99938,195,100025,100,99935,100,100028,100,99923,100,100032,100,99904,200,100037,100,99899,100,100044,100,99896,100,100050,100,99883,100,100054,100,99881,100
2019-06-28 09:32:20.000000000,99980,387,99947,387,100016,200,99941,100,100019,100,99938,100,100025,100,99935,100,100028,100,99923,100,100032,100,99904,200,100037,100,99899,100,100044,100,99896,100,100050,100,99883,100,100054,100,99881,100
2019-06-28 09:32:22.695881344,99970,100,99947,387,99980,387,99941,100,100016,200,99938,100,100019,100,99935,100,100025,100,99904,200,100028,100,99899,100,100032,100,99896,100,100037,100,99883,100,100044,100,99881,100,100050,100,99851,100
2019-06-28 09:32:23.299140644,99970,100,99947,387,99972,100,99941,100,99980,387,99938,100,100016,200,99935,100,100019,100,99904,200,100025,100,99899,100,100028,100,99896,100,100032,100,99883,100,100037,100,99881,100,100044,100,99851,100
2019-06-28 09:32:27.621513297,99970,100,99947,387,99972,100,99941,100,99980,387,99938,100,100016,200,99935,100,100019,100,99904,200,100025,100,99899,100,100028,100,99896,100,100032,100,99883,100,100037,100,99881,100,100044,100,99851,100
2019-06-28 09:32:28.968573276,99970,100,99947,387,99972,100,99941,100,99980,387,99938,100,100016,200,99935,100,100019,100,99904,100,100025,100,99899,100,100028,100,99896,100,100032,100,99883,100,100037,100,99881,100,100044,100,99851,100
2019-06-28 09:32:30.000000000,99970,198,99947,198,99972,195,99941,195,99980,195,99938,195,100016,200,99935,100,100019,100,99904,100,100025,100,99899,100,100028,100,99896,100,100032,100,99883,100,100037,100,99881,100,100044,100,99851,100
2019-06-28 09:32:40.000000000,99970,157,99947,157,99972,157,99941,157,99980,157,99938,157,100016,257,99935,157,100019,157,99904,157,100025,100,99899,100,100028,100,99896,100,100032,100,99883,100,100037,100,99881,100,100044,100,99851,100
2019-06-28 09:32:50.000000000,99970,172,99947,172,99972,172,99941,172,99980,172,99938,172,100016,272,99935,172,100019,100,99904,100,100025,100,99899,100,100028,100,99896,100,100032,100,99883,100,100037,100,99881,100,100044,100,99851,100
2019-06-28 09:32:53.262380284,99970,172,99947,172,99972,172,99941,172,99980,72,99938,172,100016,272,99935,172,100019,100,99904,100,100025,100,99899,100,100028,100,99896,100,100032,100,99883,100,100037,100,99881,100,100044,100,99851,100
2019-06-28 09:33:00.000000000,99970,157,99947,157,99972,157,99941,157,100016,257,99938,157,100019,157,99935,157,100025,157,99904,157,100028,100,99899,100,100032,100,99896,100,100037,100,99883,100,100044,100,99881,100,100050,100,99851,100
2019-06-28 09:33:10.000000000,99970,387,99947,387,99972,100,99941,100,100016,200,99938,100,100019,100,99935,100,100025,100,99904,100,100028,100,99899,100,100032,100,99896,100,100037,100,99883,100,100044,100,99881,100,100050,100,99851,100
2019-06-28 09:33:20.000000000,99970,172,99947,172,99972,172,99941,172,100016,272,99938,172,100019,172,99935,172,100025,100,99904,100,100028,100,99899,100,100032,100,99896,100,100037,100,99883,100,100044,100,99881,100,100050,100,99851,100
2019-06-28 09:33:21.231528047,99970,172,99947,172,99972,172,99941,172,100016,272,99938,172,100019,172,99935,172,100025,100,99899,100,100028,100,99896,100,100032,100,99883,100,100037,100,99881,100,100044,100,99851,100,100050,100,99836,100
2019-06-28 09:33:23.147261443,99970,172,99947,172,99972,172,99941,172,100016,272,99938,172,100019,172,99935,172,100025,100,99899,100,100028,100,99896,100,100032,100,99883,100,100037,100,99881,100,100044,100,99851,100,100050,100,99836,100
2019-06-28 09:33:30.000000000,99970,198,99947,198,99972,195,99941,195,100016,295,99938,195,100019,100,99935,100,100025,100,99899,100,100028,100,99896,100,100032,100,99883,100,100037,100,99881,100,100044,100,99851,100,100050,100,99836,100
2019-06-28 09:33:39.157628254,99972,195,99970,2,100016,295,99947,198,100019,100,99941,195,100025,100,99938,195,100028,100,99935,100,100032,100,99899,100,100037,100,99896,100,100044,100,99883,100,100050,100,99881,100,100054,100,99851,100
2019-06-28 09:33:39.782789684,99970,98,99947,198,99972,195,99941,195,100016,295,99938,195,100019,100,99935,100,100025,100,99899,100,100028,100,99896,100,100032,100,99883,100,100037,100,99881,100,100044,100,99851,100,100050,100,99836,100
2019-06-28 09:33:40.000000000,99970,385,99947,387,99972,100,99941,100,100016,200,99938,100,100019,100,99935,100,100025,100,99899,100,100028,100,99896,100,100032,100,99883,100,100037,100,99881,100,100044,100,99851,100,100050,100,99836,100
2019-06-28 09:33:48.083063484,99970,385,99947,387,99972,100,99941,100,100016,200,99938,100,100019,100,99935,100,100025,100,99899,100,100028,100,99896,100,100032,100,99883,100,100037,100,99881,100,100044,100,99851,100,100050,100,99836,100
2019-06-28 09:33:49.397254526,99970,385,99947,387,99972,100,99941,100,100016,200,99938,100,100019,100,99935,100,100025,100,99899,100,100028,100,99896,100,100032,100,99883,100,100037,100,99881,100,100044,100,99851,100,100050,100,99836,100
2019-06-28 09:33:50.000000000,99970,385,99947,387,99972,100,99941,100,100016,200,99938,100,100019,100,99935,100,100025,100,99899,100,100028,100,99896,100,100032,100,99883,100,100037,100,99881,100,100044,100,99851,100,100050,100,99836,100
2019-06-28 09:33:50.676264077,99970,285,99947,387,99972,100,99941,100,100016,200,99938,100,100019,100,99935,100,100025,100,99899,100,100028,100,99896,100,100032,100,99883,100,100037,100,99881,100,100044,100,99851,100,100050,100,99836,100
2019-06-28 09:33:59.346014157,99970,285,99947,387,99972,100,99941,100,100016,200,99938,100,100019,100,99935,100,100025,100,99899,100,100028,100,99896,100,100032,100,99883,100,100037,100,99881,100,100044,100,99851,100,100050,100,99836,100
2019-06-28 09:34:00.000000000,99972,387,99947,387,100016,200,99941,100,100019,100,99938,100,100025,100,99935,100,100028,100,99899,100,100032,100,99896,100,100037,100,99883,100,100044,100,99881,100,100050,100,99851,100,100054,100,99836,100
2019-06-28 09:34:03.982735805,99972,387,99970,100,100016,200,99947,387,100019,100,99941,100,100025,100,99938,100,100028,100,99935,100,100032,100,99899,100,100037,100,99896,100,100044,100,99883,100,100050,100,99881,100,100054,100,99851,100
2019-06-28 09:34:07.807593938,99972,287,99970,100,100016,200,99947,387,100019,100,99941,100,100025,100,99938,100,100028,100,99935,100,100032,100,99899,100,100044,100,99896,100,100050,100,99883,100,100054,100,99881,100,100058,100,99851,100
2019-06-28 09:34:10.000000000,100016,298,99970,198,100019,195,99947,195,100025,195,99941,195,100028,100,99938,100,100032,100,99935,100,100044,100,99899,100,100050,100,99896,100,100054,100,99883,100,100058,100,99881,100,100075,100,99851,100
2019-06-28 09:34:11.262554328,100016,298,99970,198,100019,195,99947,195,100025,195,99941,195,100028,100,99938,100,100032,100,99935,100,100044,100,99899,100,100050,100,99896,100,100054,100,99883,100,100058,100,99881,100,100075,100,99851,100
2019-06-28 09:34:20.000000000,100016,298,99970,198,100019,195,99947,195,100025,195,99941,195,100028,100,99938,100,100032,100,99935,100,100044,100,99899,100,100050,100,99896,100,100054,100,99883,100,100058,100,99881,100,100075,100,99851,100
2019-06-28 09:34:25.160715729,100016,298,99970,198,100019,195,99947,195,100025,195,99941,195,100028,100,99938,100,100032,100,99935,100,100044,100,99934,100,100050,100,99899,100,100054,100,99896,100,100058,100,99883,100,100075,100,99881,100
2019-06-28 09:34:30.000000000,100016,344,99970,244,100019,244,99947,244,100025,100,99941,100,100028,100,99938,100,100032,100,99935,100,100044,100,99934,100,100050,100,99899,100,100054,100,99896,100,100058,100,99883,100,100075,100,99881,100
2019-06-28 09:34:40.000000000,100016,487,99970,387,100019,100,99947,100,100025,100,99941,100,100028,100,99938,100,100032,100,99935,100,100044,100,99934,100,100050,100,99899,100,100054,100,99896,100,100058,100,99883,100,100075,100,99881,100
2019-06-28 09:34:40.627082711,100016,487,99970,387,100019,100,99947,100,100025,100,99941,100,100028,100,99938,100,100032,100,99935,100,100044,100,99934,100,100050,100,99899,100,100054,100,99896,100,100058,100,99883,100,100075,100,99851,100
2019-06-28 09:34:49.646500376,100016,387,99970,387,100019,100,99947,100,100025,100,99941,100,100028,100,99938,100,100032,100,99935,100,100044,100,99934,100,100050,100,99899,100,100054,100,99896,100,100058,100,99883,100,100075,100,99836,100
2019-06-28 09:34:50.000000000,100016,172,99970,172,100019,172,99947,172,100025,172,99941,172,100028,172,99938,172,100032,100,99935,100,100044,100,99934,100,100050,100,99899,100,100054,100,99896,100,100058,100,99883,100,100075,100,99836,100
2019-06-28 09:35:00.000000000,100016,244,99970,244,100019,244,99947,244,100025,100,99941,100,100028,100,99938,100,100032,100,99935,100,100044,100,99934,100,100050,100,99899,100,100054,100,99896,100,100058,100,99883,100,100075,100,99836,100
2019-06-28 09:35:10.000000000,100016,198,99970,198,100019,195,99947,195,100025,195,99941,195,100028,100,99938,100,100032,100,99935,100,100044,100,99934,100,100050,100,99899,100,100054,100,99896,100,100058,100,99883,100,100075,100,99836,100
2019-06-28 09:35:20.000000000,100016,244,99970,244,100019,244,99947,244,100025,100,99941,100,100028,100,99938,100,100032,100,99935,100,100044,100,99934,100,100050,100,99899,100,100054,100,99896,100,100058,100,99883,100,100075,100,99836,100
2019-06-28 09:35:30.000000000,100016,157,99970,157,100019,157,99947,157,100025,157,99941,157,100028,157,99938,157,100032,157,99935,157,100044,100,99934,100,100050,100,99899,100,100054,100,99896,100,100058,100,99883,100,100075,100,99836,100
2019-06-28 09:35:38.684349435,100016,157,99970,157,100019,157,99947,157,100025,157,99941,157,100028,157,99938,157,100032,157,99935,157,100044,100,99934,100,100050,100,99899,100,100054,100,99896,100,100058,100,99883,100,100075,100,99836,100
2019-06-28 09:35:38.724367135,100016,57,99970,157,100019,157,99947,157,100025,157,99941,157,100028,157,99938,157,100032,157,99935,157,100044,100,99934,100,100050,100,99899,100,100054,100,99896,100,100058,100,99883,100,100075,100,99836,100
2019-06-28 09:35:40.000000000,100019,172,99970,172,100025,172,99947,172,100028,172,99941,172,100032,172,99938,172,100044,100,99935,100,100050,100,99934,100,100054,100,99899,100,100058,100,99896,100,100075,100,99883,100,100082,100,99836,100
2019-06-28 09:35:48.070116226,100019,172,99970,172,100025,172,99947,172,100028,172,99941,172,100032,172,99938,172,100044,100,99935,100,100050,100,99934,100,100054,100,99899,100,100058,100,99896,100,100075,100,99883,100,100082,100,99836,100
2019-06-28 09:35:50.000000000,100019,244,99970,244,100025,244,99947,244,100028,100,99941,100,100032,100,99938,100,100044,100,99935,100,100050,100,99934,100,100054,100,99899,100,100058,100,99896,100,100075,100,99883,100,100082,100,99836,100
2019-06-28 09:35:52.955817084,100019,244,99970,144,100025,244,99947,244,100028,100,99941,100,100032,100,99938,100,100044,100,99935,100,100050,100,99934,100,100054,100,99899,100,100058,100,99896,100,100075,100,99883,100,100082,100,99836,100
2019-06-28 09:36:00.000000000,100019,157,99947,157,100025,157,99941,157,100028,157,99938,157,100032,157,99935,157,100044,157,99934,157,100050,100,99899,100,100054,100,99896,100,100058,100,99883,100,100075,100,99836,100,100082,100,99817,100
2019-06-28 09:36:04.445754240,100015,100,99947,157,100019,157,99941,157,100025,157,99938,157,100028,157,99935,157,100032,157,99934,157,100044,157,99899,100,100050,100,99896,100,100054,100,99883,100,100058,100,99836,100,100075,100,99817,100
2019-06-28 09:36:10.000000000,100015,157,99947,157,100019,157,99941,157,100025,157,99938,157,100028,157,99935,157,100032,157,99934,157,100044,100,99899,100,100050,100,99896,100,100054,100,99883,100,100058,100,99836,100,100075,100,99817,100
2019-06-28 09:36:20.000000000,100015,172,99947,172,100019,172,99941,172,100025,172,99938,172,100028,172,99935,172,100032,100,99934,100,100044,100,99899,100,100050,100,99896,100,100054,100,99883,100,100058,100,99836,100,100075,100,99817,100
2019-06-28 09:36:30.000000000,100015,198,99947,198,100019,195,99941,195,100025,195,99938,195,100028,100,99935,100,100032,100,99934,100,100044,100,99899,100,100050,100,99896,100,100054,100,99883,100,100058,100,99836,100,100075,100,99817,100
2019-06-28 09:36:40.000000000,100015,244,99947,244,100019,244,99941,244,100025,100,99938,100,100028,100,99935,100,100032,100,99934,100,100044,100,99899,100,100050,100,99896,100,100054,100,99883,100,100058,100,99836,100,100075,100,99817,100
2019-06-28 09:36:46.855763792,100015,244,99947,244,100019,244,99941,244,100025,100,99938,100,100028,100,99935,100,100032,100,99934,100,100044,100,99899,100,100050,100,99896,100,100054,100,99883,100,100058,100,99836,100,100075,100,99817,100
2019-06-28 09:36:50.000000000,100015,387,99947,387,100019,100,99941,100,100025,100,99938,100,100028,100,99935,100,100032,100,99934,100,100044,100,99899,100,100050,100,99896,100,100054,100,99883,100,100058,100,99836,100,100075,100,99817,100
2019-06-28 09:36:52.120744979,100015,487,99947,387,100019,100,99941,100,100025,100,99938,100,100028,100,99935,100,100032,100,99934,100,100044,100,99899,100,100050,100,99896,100,100054,100,99883,100,100058,100,99836,100,100075,100,99817,100
2019-06-28 09:36:57.189490242,100015,487,99947,287,100019,100,99941,100,100025,100,99938,100,100028,100,99935,100,100032,100,99934,100,100044,100,99899,100,100050,100,99896,100,100054,100,99883,100,100058,100,99836,100,100075,100,99817,100
2019-06-28 09:37:00.000000000,100015,272,99941,172,100019,172,99938,172,100025,172,99935,172,100028,172,99934,172,100032,100,99899,100,100044,100,99896,100,100050,100,99883,100,100054,100,99836,100,100058,100,99817,100,100075,100,99816,100
2019-06-28 09:37:05.094454098,100015,272,99941,72,100019,172,99938,172,100025,172,99935,172,100028,172,99934,172,100032,100,99899,100,100044,100,99896,100,100050,100,99883,100,100054,100,99836,100,100075,100,99817,100,100082,100,99816,100
2019-06-28 09:37:10.000000000,100015,487,99938,387,100019,100,99935,100,100025,100,99934,100,100028,100,99899,100,100032,100,99896,100,100044,100,99883,100,100050,100,99836,100,100054,100,99817,100,100075,100,99816,100,100082,100,99785,100
2019-06-28 09:37:20.000000000,100015,344,99938,244,100019,244,99935,244,100025,100,99934,100,100028,100,99899,100,100032,100,99896,100,100044,100,99883,100,100050,100,99836,100,100054,100,99817,100,100075,100,99816,100,100082,100,99785,100
2019-06-28 09:37:30.000000000,100015,344,99938,244,100019,244,99935,244,100025,100,99934,100,100028,100,99899,100,100032,100,99896,100,100044,100,99883,100,100050,100,99836,100,100054,100,99817,100,100075,100,99816,100,100082,100,99785,100
2019-06-28 09:37:40.000000000,100015,344,99938,244,100019,244,99935,244,100025,100,99934,100,100028,100,99899,100,100032,100,99896,100,100044,100,99883,100,100050,100,99836,100,100054,100,99817,100,100075,100,99816,100,100082,100,99785,100
2019-06-28 09:37:50.000000000,100015,344,99938,244,100019,244,99935,244,100025,100,99934,100,100028,100,99899,100,100032,100,99896,100,100044,100,99883,100,100050,100,99836,100,100054,100,99817,100,100075,100,99816,100,100082,100,99785,100
2019-06-28 09:37:52.693684830,100015,344,99938,244,100019,244,99935,244,100025,100,99934,100,100028,100,99899,100,100032,100,99896,100,100044,100,99883,100,100050,100,99836,100,100054,100,99817,100,100075,100,99816,100,100082,100,99785,100
2019-06-28 09:38:00.000000000,100015,298,99938,198,100019,195,99935,195,100025,195,99934,195,100028,100,99899,100,100032,100,99896,100,100044,100,99883,100,100050,100,99836,100,100054,100,99817,100,100075,100,99816,100,100082,100,99785,100
2019-06-28 09:38:10.000000000,100015,298,99938,198,100019,195,99935,195,100025,195,99934,195,100028,100,99899,100,100032,100,99896,100,100044,100,99883,100,100050,100,99836,100,100054,100,99817,100,100075,100,99816,100,100082,100,99785,100
2019-06-28 09:38:20.000000000,100015,257,99938,157,100019,157,99935,157,100025,157,99934,157,100028,157,99899,157,100032,157,99896,157,100044,100,99883,100,100050,100,99836,100,100054,100,99817,100,100075,100,99816,100,100082,100,99785,100
2019-06-28 09:38:30.000000000,100015,487,99938,387,100019,100,99935,100,100025,100,99934,100,100028,100,99899,100,100032,100,99896,100,100044,100,99883,100,100050,100,99836,100,100054,100,99817,100,100075,100,99816,100,100082,100,99785,100
2019-06-28 09:38:40.000000000,100015,257,99938,157,100019,157,99935,157,100025,157,99934,157,100028,157,99899,157,100032,157,99896,157,100044,100,99883,100,100050,100,99836,100,100054,100,99817,100,100075,100,99816,100,100082,100,99785,100
2019-06-28 09:38:50.000000000,100015,298,99938,198,100019,195,99935,195,100025,195,99934,195,100028,100,99899,100,100032,100,99896,100,100044,100,99883,100,100050,100,99836,100,100054,100,99817,100,100075,100,99816,100,100082,100,99785,100
2019-06-28 09:39:00.000000000,100015,344,99938,244,100019,244,99935,244,100025,100,99934,100,100028,100,99899,100,100032,100,99896,100,100044,100,99883,100,100050,100,99836,100,100054,100,99817,100,100075,100,99816,100,100082,100,99785,100
2019-06-28 09:39:05.591316352,100015,344,99938,144,100019,144,99935,244,100025,100,99934,100,100028,100,99899,100,100032,100,99896,100,100044,100,99883,100,100050,100,99836,100,100054,100,99817,100,100075,100,99816,100,100082,100,99785,100
2019-06-28 09:39:07.821584072,100015,344,99938,44,100019,144,99935,244,100025,100,99934,100,100028,100,99896,100,100032,100,99883,100,100044,100,99836,100,100050,100,99817,100,100054,100,99816,100,100075,100,99785,100,100082,100,99776,100
2019-06-28 09:39:10.000000000,100015,487,99935,387,100025,100,99934,100,100028,100,99896,100,100032,100,99883,100,100044,100,99836,100,100050,100,99817,100,100054,100,99816,100,100075,100,99785,100,100082,100,99776,100,100096,100,99757,100
2019-06-28 09:39:20.000000000,100015,344,99935,244,100025,244,99934,244,100028,100,99896,100,100032,100,99883,100,100044,100,99836,100,100050,100,99817,100,100054,100,99816,100,100075,100,99785,100,100082,100,99776,100,100096,100,99757,100
2019-06-28 09:39:30.000000000,100015,257,99935,157,100025,157,99934,157,100028,157,99896,157,100032,157,99883,157,100044,157,99836,157,100050,100,99817,100,100054,100,99816,100,100075,100,99785,100,100082,100,99776,100,100096,100,99757,100
2019-06-28 09:39:40.000000000,100015,487,99935,387,100025,100,99934,100,100028,100,99896,100,100032,100,99883,100,100044,100,99836,100,100050,100,99817,100,100054,100,99816,100,100075,100,99785,100,100082,100,99776,100,100096,100,99757,100
2019-06-28 09:39:50.000000000,100015,298,99935,198,100025,195,99934,195,100028,195,99896,195,100032,100,99883,100,100044,100,99836,100,100050,100,99817,100,100054,100,99816,100,100075,100,99785,100,100082,100,99776,100,100096,100,99757,100
2019-06-28 09:39:51.985375485,99938,100,99935,198,100015,298,99934,195,100025,195,99896,195,100028,195,99883,100,100032,100,99836,100,100044,100,99817,100,100050,100,99816,100,100054,100,99785,100,100075,100,99776,100,100082,100,99757,100
2019-06-28 09:40:00.000000000,99938,157,99935,157,100015,257,99934,157,100025,157,99896,157,100028,157,99883,157,100032,157,99836,157,100044,100,99817,100,100050,100,99816,100,100054,100,99785,100,100075,100,99776,100,100082,100,99757,100
2019-06-28 09:40:10.000000000,99938,387,99935,387,100015,200,99934,100,100025,100,99896,100,100028,100,99883,100,100032,100,99836,100,100044,100,99817,100,100050,100,99816,100,100054,100,99785,100,100075,100,99776,100,100082,100,99757,100
2019-06-28 09:40:20.000000000,99938,157,99935,157,100015,257,99934,157,100025,157,99896,157,100028,157,99883,157,100032,157,99836,157,100044,100,99817,100,100050,100,99816,100,100054,100,99785,100,100075,100,99776,100,100082,100,99757,100
2019-06-28 09:40:30.000000000,99938,387,99935,387,100015,200,99934,100,100025,100,99896,100,100028,100,99883,100,100032,100,99836,100,100044,100,99817,100,100050,100,99816,100,100054,100,99785,100,100075,100,99776,100,100082,100,99757,100
2019-06-28 09:40:33.146126242,99938,387,99935,387,100015,200,99934,100,100025,100,99896,100,100028,100,99883,100,100032,100,99836,100,100044,100,99824,100,100050,100,99817,100,100054,100,99816,100,100075,100,99785,100,100082,100,99776,100
2019-06-28 09:40:40.000000000,99938,157,99935,157,100015,257,99934,157,100025,157,99896,157,100028,157,99883,157,100032,157,99836,157,100044,100,99824,100,100050,100,99817,100,100054,100,99816,100,100075,100,99785,100,100082,100,99776,100
2019-06-28 09:40:50.000000000,99938,172,99935,172,100015,272,99934,172,100025,172,99896,172,100028,172,99883,172,100032,100,99836,100,100044,100,99824,100,100050,100,99817,100,100054,100,99816,100,100075,100,99785,100,100082,100,99776,100
2019-06-28 09:40:50.217065114,99938,172,99935,172,100015,272,99934,172,100025,172,99896,172,100028,172,99883,172,100032,100,99836,100,100044,100,99824,100,100050,100,99817,100,100054,100,99816,100,100075,100,99804,100,100082,100,99785,100
2019-06-28 09:40:50.229444177,99938,172,99935,72,100015,272,99934,172,100025,172,99896,272,100028,172,99883,172,100032,100,99836,100,100044,100,99824,100,100050,100,99817,100,100054,100,99816,100,100075,100,99804,100,100082,100,99785,100
2019-06-28 09:40:53.992923881,99938,272,99935,72,100015,272,99934,172,100025,172,99896,272,100028,172,99883,172,100032,100,99836,100,100044,100,99824,100,100050,100,99817,100,100054,100,99816,100,100075,100,99804,100,100082,100,99785,100
2019-06-28 09:40:55.497709971,99938,272,99935,72,100015,272,99934,172,100025,172,99896,272,100028,172,99883,172,100032,100,99836,100,100044,100,99824,100,100050,100,99817,100,100054,100,99816,100,100075,100,99804,100,100082,100,99785,100
2019-06-28 09:41:00.000000000,99938,298,99934,198,100015,295,99896,295,100025,195,99883,195,100028,100,99836,100,100032,100,99824,100,100044,100,99817,100,100050,100,99816,100,100054,100,99804,100,100075,100,99785,100,100082,100,99776,100
2019-06-28 09:41:10.000000000,99938,298,99934,198,100015,295,99896,295,100025,195,99883,195,100028,100,99836,100,100032,100,99824,100,100044,100,99817,100,100050,100,99816,100,100054,100,99804,100,100075,100,99785,100,100082,100,99776,100
2019-06-28 09:41:20.000000000,99938,298,99934,198,100015,295,99896,295,100025,195,99883,195,100028,100,99836,100,100032,100,99824,100,100044,100,99817,100,100050,100,99816,100,100054,100,99804,100,100075,100,99785,100,100082,100,99776,100
2019-06-28 09:41:29.305745498,99938,298,99934,198,99995,100,99896,295,100015,295,99883,195,100025,195,99836,100,100028,100,99824,100,100032,100,99817,100,100044,100,99816,100,100050,100,99804,100,100054,100,99785,100,100075,100,99757,100
2019-06-28 09:41:30.000000000,99938,344,99934,244,99995,244,99896,344,100015,200,99883,100,100025,100,99836,100,100028,100,99824,100,100032,100,99817,100,100044,100,99816,100,100050,100,99804,100,100054,100,99785,100,100075,100,99757,100
2019-06-28 09:41:40.000000000,99938,298,99934,198,99995,195,99896,295,100015,295,99883,195,100025,100,99836,100,100028,100,99824,100,100032,100,99817,100,100044,100,99816,100,100050,100,99804,100,100054,100,99785,100,100075,100,99757,100
2019-06-28 09:41:46.748103643,99938,198,99934,198,99995,195,99896,295,100015,195,99883,195,100025,100,99836,100,100028,100,99824,100,100032,100,99817,100,100044,100,99816,100,100050,100,99804,100,100054,100,99785,100,100075,100,99757,100
2019-06-28 09:41:50.000000000,99938,172,99934,172,99995,172,99896,272,100015,172,99883,172,100025,172,99836,172,100028,100,99824,100,100032,100,99817,100,100044,100,99816,100,100050,100,99804,100,100054,100,99785,100,100075,100,99757,100
2019-06-28 09:42:00.000000000,99938,157,99934,157,99995,157,99896,257,100015,157,99883,157,100025,157,99836,157,100028,157,99824,157,100032,100,99817,100,100044,100,99816,100,100050,100,99804,100,100054,100,99785,100,100075,100,99757,100
2019-06-28 09:42:04.495187915,99938,57,99934,157,99995,157,99896,257,100015,157,99883,157,100025,157,99836,157,100028,157,99824,157,100032,100,99817,100,100044,100,99816,100,100050,100,99804,100,100054,100,99785,100,100075,100,99757,100
2019-06-28 09:42:10.000000000,99995,172,99934,172,100015,172,99896,272,100025,172,99883,172,100028,172,99836,172,100032,100,99824,100,100044,100,99817,100,100050,100,99816,100,100054,100,99804,100,100075,100,99785,100,100082,100,99757,100
2019-06-28 09:42:16.276064232,99995,172,99938,100,100015,172,99934,172,100025,172,99896,272,100028,172,99883,172,100032,100,99836,72,100044,100,99824,100,100050,100,99817,100,100054,100,99816,100,100075,100,99804,100,100082,100,99785,100
2019-06-28 09:42:20.000000000,99995,198,99938,198,100015,195,99934,195,100025,195,99896,295,100028,100,99883,100,100032,100,99824,100,100044,100,99817,100,100050,100,99816,100,100054,100,99804,100,100075,100,99785,100,100082,100,99757,100
2019-06-28 09:42:30.000000000,99995,198,99938,198,100015,195,99934,195,100025,195,99896,295,100028,100,99883,100,100032,100,99824,100,100044,100,99817,100,100050,100,99816,100,100054,100,99804,100,100075,100,99785,100,100082,100,99757,100
2019-06-28 09:42:31.866899513,99995,98,99938,198,100015,195,99934,195,100025,195,99896,295,100028,100,99883,100,100032,100,99824,100,100044,100,99817,100,100050,100,99816,100,100054,100,99804,100,100075,100,99785,100,100082,100,99757,100
2019-06-28 09:42:40.000000000,100015,387,99938,387,100025,100,99934,100,100028,100,99896,200,100032,100,99883,100,100044,100,99824,100,100050,100,99817,100,100054,100,99816,100,100075,100,99804,100,100082,100,99785,100,100096,100,99757,100
2019-06-28 09:42:45.747122977,100015,387,99938,387,100025,100,99934,100,100028,100,99896,200,100032,100,99883,100,100044,100,99824,100,100050,100,99817,100,100052,100,99816,100,100054,100,99804,100,100075,100,99785,100,100082,100,99757,100
2019-06-28 09:42:50.000000000,100015,387,99938,387,100025,100,99934,100,100028,100,99896,200,100032,100,99883,100,100044,100,99824,100,100050,100,99817,100,100052,100,99816,100,100054,100,99804,100,100075,100,99785,100,100082,100,99757,100
2019-06-28 09:43:00.000000000,100015,157,99938,157,100025,157,99934,157,100028,157,99896,257,100032,157,99883,157,100044,157,99824,157,100050,100,99817,100,100052,100,99816,100,100054,100,99804,100,100075,100,99785,100,100082,100,99757,100
2019-06-28 09:43:10.000000000,100015,198,99938,198,100025,195,99934,195,100028,195,99896,295,100032,100,99883,100,100044,100,99824,100,100050,100,99817,100,100052,100,99816,100,100054,100,99804,100,100075,100,99785,100,100082,100,99757,100
2019-06-28 09:43:15.760003300,100015,198,99938,198,100025,195,99934,195,100028,195,99896,295,100032,100,99883,100,100044,100,99824,100,100050,100,99817,100,100052,100,99816,100,100054,100,99804,100,100075,100,99785,100,100082,100,99757,100
2019-06-28 09:43:20.000000000,100015,198,99938,198,100025,195,99934,195,100028,195,99896,295,100032,100,99883,100,100044,100,99824,100,100050,100,99817,100,100052,100,99816,100,100054,100,99804,100,100075,100,99785,100,100082,100,99757,100
2019-06-28 09:43:22.193327488,100015,98,99938,198,100025,195,99934,195,100028,195,99896,295,100032,100,99883,100,100044,100,99824,100,100050,100,99817,100,100052,100,99816,100,100054,100,99804,100,100075,100,99785,100,100082,100,99703,100
2019-06-28 09:43:30.000000000,100025,198,99938,198,100028,195,99934,195,100032,195,99896,295,100044,100,99883,100,100050,100,99824,100,100052,100,99817,100,100054,100,99816,100,100075,100,99804,100,100082,100,99785,100,100096,100,99703,100
2019-06-28 09:43:31.117475594,100025,198,99938,198,100028,195,99934,195,100032,195,99896,295,100044,100,99883,100,100050,100,99824,100,100052,100,99817,100,100054,100,99816,100,100075,100,99804,100,100082,100,99785,100,100096,100,99703,100
2019-06-28 09:43:34.494566490,100025,198,99938,198,100028,95,99934,195,100032,195,99896,295,100044,100,99883,100,100050,100,99824,100,100052,100,99817,100,100054,100,99816,100,100075,100,99804,100,100082,100,99785,100,100096,100,99703,100
2019-06-28 09:43:40.000000000,100025,387,99938,387,100032,100,99934,100,100044,100,99896,200,100050,100,99883,100,100052,100,99824,100,100054,100,99817,100,100075,100,99816,100,100082,100,99804,100,100096,100,99785,100,100100,100,99703,100
2019-06-28 09:43:43.393198957,100025,287,99938,387,100032,100,99934,100,100044,100,99896,200,100050,100,99883,100,100052,100,99824,100,100054,100,99817,100,100075,100,99816,100,100082,100,99804,100,100096,100,99785,100,100100,100,99703,100
2019-06-28 09:43:50.000000000,100032,198,99938,198,100044,195,99934,195,100050,195,99896,295,100052,100,99883,100,100054,100,99824,100,100075,100,99817,100,100082,100,99816,100,100096,100,99804,100,100100,100,99785,100,100130,100,99703,100
2019-06-28 09:43:53.913073179,100032,98,99938,198,100044,195,99934,195,100050,195,99896,295,100052,100,99883,100,100054,100,99824,100,100075,100,99817,100,100082,100,99816,100,100096,100,99804,100,100100,100,99785,100,100130,100,99703,100
2019-06-28 09:44:00.000000000,100044,172,99938,172,100050,172,99934,172,100052,172,99896,272,100054,172,99883,172,100075,100,99824,100,100082,100,99817,100,100096,100,99816,100,100100,100,99804,100,100130,100,99785,100,100157,100,99703,100
2019-06-28 09:44:10.000000000,100044,387,99938,387,100050,100,99934,100,100052,100,99896,200,100054,100,99883,100,100075,100,99824,100,100082,100,99817,100,100096,100,99816,100,100100,100,99804,100,100130,100,99785,100,100157,100,99703,100
2019-06-28 09:44:20.000000000,100044,198,99938,198,100050,195,99934,195,100052,195,99896,295,100054,100,99883,100,100075,100,99824,100,100082,100,99817,100,100096,100,99816,100,100100,100,99804,100,100130,100,99785,100,100157,100,99703,100
2019-06-28 09:44:21.301941029,100044,98,99938,198,100050,195,99934,195,100052,195,99896,295,100054,100,99883,100,100075,100,99824,100,100082,100,99817,100,100096,100,99816,100,100100,100,99804,100,100130,100,99785,100,100157,100,99703,100
2019-06-28 09:44:30.000000000,100050,198,99938,198,100052,195,99934,195,100054,195,99896,295,100075,100,99883,100,100082,100,99824,100,100096,100,99817,100,100100,100,99816,100,100130,100,99804,100,100157,100,99785,100,100213,100,99703,100
2019-06-28 09:44:35.233435620,100050,198,100032,100,100052,195,99938,198,100054,195,99934,195,100075,100,99896,295,100082,100,99883,100,100096,100,99824,100,100100,100,99817,100,100130,100,99816,100,100157,100,99804,100,100213,100,99785,100
2019-06-28 09:44:40.000000000,100050,172,100032,172,100052,172,99938,172,100054,172,99934,172,100075,172,99896,272,100082,100,99883,100,100096,100,99824,100,100100,100,99817,100,100130,100,99816,100,100157,100,99804,100,100213,100,99785,100
2019-06-28 09:44:42.889976704,100050,172,100032,172,100052,172,99938,172,100054,172,99934,172,100075,172,99896,272,100082,100,99883,100,100096,100,99824,100,100100,100,99817,100,100130,100,99816,100,100157,100,99804,100,100213,100,99785,100
2019-06-28 09:44:50.000000000,100050,244,100032,244,100052,244,99938,244,100054,100,99934,100,100075,100,99896,200,100082,100,99883,100,100096,100,99824,100,100100,100,99817,100,100130,100,99816,100,100157,100,99804,100,100213,100,99785,100
2019-06-28 09:45:00.000000000,100050,172,100032,172,100052,172,99938,172,100054,172,99934,172,100075,172,99896,272,100082,100,99883,100,100096,100,99824,100,100100,100,99817,100,100130,100,99816,100,100157,100,99804,100,100213,100,99785,100
2019-06-28 09:45:10.000000000,100050,172,100032,172,100052,172,99938,172,100054,172,99934,172,100075,172,99896,272,100082,100,99883,100,100096,100,99824,100,100100,100,99817,100,100130,100,99816,100,100157,100,99804,100,100213,100,99785,100
2019-06-28 09:45:12.152054030,100050,172,100032,172,100052,172,99938,172,100054,172,99934,172,100075,172,99896,272,100082,100,99883,100,100096,100,99824,100,100100,100,99817,100,100130,100,99816,100,100213,100,99804,100,100239,100,99785,100
2019-06-28 09:45:20.000000000,100050,157,100032,157,100052,157,99938,157,100054,157,99934,157,100075,157,99896,257,100082,157,99883,157,100096,100,99824,100,100100,100,99817,100,100130,100,99816,100,100213,100,99804,100,100239,100,99785,100
2019-06-28 09:45:23.231469476,100050,57,100032,157,100052,157,99938,157,100054,157,99934,157,100075,157,99896,257,100082,157,99883,157,100096,100,99824,100,100100,100,99817,100,100130,100,99816,100,100213,100,99804,100,100239,100,99785,100
2019-06-28 09:45:25.123368630,100050,57,100032,157,100052,157,99938,157,100054,157,99934,157,100075,157,99896,257,100082,157,99883,157,100096,100,99824,100,100130,100,99817,100,100213,100,99816,100,100239,100,99804,100,100254,100,99785,100
2019-06-28 09:45:30.000000000,100052,157,100032,157,100054,157,99938,157,100075,157,99934,157,100082,157,99896,257,100096,157,99883,157,100130,100,99824,100,100213,100,99817,100,100239,100,99816,100,100254,100,99804,100,100266,100,99785,100
2019-06-28 09:45:34.407285990,100052,157,100032,257,100054,157,99938,157,100075,157,99934,157,100082,157,99896,257,100096,157,99883,157,100130,100,99824,100,100213,100,99817,100,100239,100,99816,100,100254,100,99804,100,100266,100,99785,100
2019-06-28 09:45:36.578593598,100052,57,100032,257,100054,157,99938,157,100075,157,99934,157,100082,157,99896,257,100096,157,99883,157,100130,100,99824,100,100213,100,99817,100,100239,100,99816,100,100254,100,99804,100,100266,100,99785,100
2019-06-28 09:45:38.640250267,100052,57,100044,100,100054,157,100032,257,100075,157,99938,157,100082,157,99934,157,100096,157,99896,257,100130,100,99883,157,100213,100,99824,100,100239,100,99817,100,100254,100,99816,100,100266,100,99804,100
2019-06-28 09:45:38.663253233,100052,57,100044,100,100054,157,100032,257,100075,157,99938,157,100082,157,99934,157,100096,157,99896,257,100130,100,99883,157,100213,100,99824,100,100239,100,99817,100,100254,100,99816,100,100266,100,99804,100
2019-06-28 09:45:40.000000000,100054,387,100044,387,100075,100,100032,200,100082,100,99938,100,100096,100,99934,100,100130,100,99896,200,100213,100,99883,100,100239,100,99824,100,100254,100,99817,100,100266,100,99816,100,100269,100,99804,100
2019-06-28 09:45:42.416593887,100054,387,100044,387,100075,100,100032,200,100082,100,99938,100,100096,100,99934,100,100130,100,99896,200,100213,100,99883,100,100239,100,99824,100,100254,100,99817,100,100266,100,99816,100,100269,100,99804,100
2019-06-28 09:45:50.000000000,100054,198,100044,198,100075,195,100032,295,100082,195,99938,195,100096,100,99934,100,100130,100,99896,200,100213,100,99883,100,100239,100,99824,100,100254,100,99817,100,100266,100,99816,100,100269,100,99804,100
2019-06-28 09:46:00.000000000,100054,198,100044,198,100075,195,100032,295,100082,195,99938,195,100096,100,99934,100,100130,100,99896,200,100213,100,99883,100,100239,100,99824,100,100254,100,99817,100,100266,100,99816,100,100269,100,99804,100
2019-06-28 09:46:10.000000000,100054,387,100044,387,100075,100,100032,200,100082,100,99938,100,100096,100,99934,100,100130,100,99896,200,100213,100,99883,100,100239,100,99824,100,100254,100,99817,100,100266,100,99816,100,100269,100,99804,100
2019-06-28 09:46:12.823759399,100054,287,100044,387,100075,100,100032,200,100082,100,99938,100,100096,100,99934,100,100130,100,99896,200,100213,100,99883,100,100239,100,99824,100,100254,100,99817,100,100266,100,99816,100,100269,100,99804,100
2019-06-28 09:46:18.019753126,100054,187,100044,387,100075,100,100032,200,100082,100,99938,100,100096,100,99934,100,100130,100,99896,200,100213,100,99883,100,100239,100,99824,100,100254,100,99817,100,100266,100,99816,100,100269,100,99804,100
2019-06-28 09:46:20.000000000,100075,172,100044,172,100082,172,100032,272,100096,172,99938,172,100130,172,99934,172,100213,100,99896,200,100239,100,99883,100,100254,100,99824,100,100266,100,99817,100,100269,100,99816,100,100332,100,99804,100
2019-06-28 09:46:23.556931010,100075,172,100044,172,100082,172,100032,172,100096,172,99938,172,100130,172,99934,172,100213,100,99896,200,100239,100,99883,100,100254,100,99824,100,100266,100,99817,100,100269,100,99816,100,100332,100,99804,100
2019-06-28 09:46:30.000000000,100075,157,100044,157,100082,157,100032,157,100096,157,99938,157,100130,157,99934,157,100213,157,99896,257,100239,100,99883,100,100254,100,99824,100,100266,100,99817,100,100269,100,99816,100,100332,100,99804,100
2019-06-28 09:46:31.227705095,100075,157,100054,100,100082,157,100044,157,100096,157,100032,157,100130,157,99938,157,100213,157,99934,157,100239,100,99896,257,100254,100,99883,100,100266,100,99824,100,100269,100,99817,100,100332,100,99816,100
2019-06-28 09:46:40.000000000,100075,244,100054,244,100082,244,100044,244,100096,100,100032,100,100130,100,99938,100,100213,100,99934,100,100239,100,99896,200,100254,100,99883,100,100266,100,99824,100,100269,100,99817,100,100332,100,99816,100
2019-06-28 09:46:44.562573515,100075,244,100054,244,100082,244,100044,244,100096,100,100032,100,100130,100,99938,100,100213,100,99934,100,100239,100,99896,200,100254,100,99883,100,100266,100,99824,100,100269,100,99817,100,100332,100,99816,100
2019-06-28 09:46:50.000000000,100075,244,100054,244,100082,244,100044,244,100096,100,100032,100,100130,100,99938,100,100213,100,99934,100,100239,100,99896,200,100254,100,99883,100,100266,100,99824,100,100269,100,99817,100,100332,100,99816,100
2019-06-28 09:46:57.558533969,100075,244,100054,344,100082,244,100044,244,100096,100,100032,100,100130,100,99938,100,100213,100,99934,100,100239,100,99896,200,100254,100,99883,100,100266,100,99824,100,100269,100,99817,100,100332,100,99816,100
2019-06-28 09:47:00.000000000,100075,157,100054,257,100082,157,100044,157,100096,157,100032,157,100130,157,99938,157,100213,157,99934,157,100239,100,99896,200,100254,100,99883,100,100266,100,99824,100,100269,100,99817,100,100332,100,99816,100
2019-06-28 09:47:10.000000000,100075,157,100054,257,100082,157,100044,157,100096,157,100032,157,100130,157,99938,157,100213,157,99934,157,100239,100,99896,200,100254,100,99883,100,100266,100,99824,100,100269,100,99817,100,100332,100,99816,100
2019-06-28 09:47:20.000000000,100075,244,100054,344,100082,244,100044,244,100096,100,100032,100,100130,100,99938,100,100213,100,99934,100,100239,100,99896,200,100254,100,99883,100,100266,100,99824,100,100269,100,99817,100,100332,100,99816,100
2019-06-28 09:47:30.000000000,100075,387,100054,487,100082,100,100044,100,100096,100,100032,100,100130,100,99938,100,100213,100,99934,100,100239,100,99896,200,100254,100,99883,100,100266,100,99824,100,100269,100,99817,100,100332,100,99816,100
2019-06-28 09:47:39.632844816,100075,287,100054,487,100082,100,100044,100,100096,100,100032,100,100130,100,99938,100,100213,100,99934,100,100239,100,99896,200,100254,100,99883,100,100266,100,99824,100,100269,100,99817,100,100332,100,99816,100
2019-06-28 09:47:40.000000000,100082,387,100054,487,100096,100,100044,100,100130,100,100032,100,100213,100,99938,100,100239,100,99934,100,100254,100,99896,200,100266,100,99883,100,100269,100,99824,100,100332,100,99817,100,100395,100,99816,100
2019-06-28 09:47:50.000000000,100082,387,100054,487,100096,100,100044,100,100130,100,100032,100,100213,100,99938,100,100239,100,99934,100,100254,100,99896,200,100266,100,99883,100,100269,100,99824,100,100332,100,99817,100,100395,100,99816,100
2019-06-28 09:48:00.000000000,100082,198,100054,298,100096,195,100044,195,100130,195,100032,195,100213,100,99938,100,100239,100,99934,100,100254,100,99896,200,100266,100,99883,100,100269,100,99824,100,100332,100,99817,100,100395,100,99816,100
2019-06-28 09:48:10.000000000,100082,157,100054,257,100096,157,100044,157,100130,157,100032,157,100213,157,99938,157,100239,157,99934,157,100254,100,99896,200,100266,100,99883,100,100269,100,99824,100,100332,100,99817,100,100395,100,99816,100
2019-06-28 09:48:20.000000000,100082,198,100054,298,100096,195,100044,195,100130,195,100032,195,100213,100,99938,100,100239,100,99934,100,100254,100,99896,200,100266,100,99883,100,100269,100,99824,100,100332,100,99817,100,100395,100,99816,100
2019-06-28 09:48:30.000000000,100082,157,100054,257,100096,157,100044,157,100130,157,100032,157,100213,157,99938,157,100239,157,99934,157,100254,100,99896,200,100266,100,99883,100,100269,100,99824,100,100332,100,99817,100,100395,100,99816,100
2019-06-28 09:48:36.456628045,100082,157,100054,257,100096,157,100044,157,100130,157,100032,157,100213,157,99938,157,100239,157,99934,157,100254,100,99896,200,100266,100,99883,100,100269,100,99824,100,100332,100,99817,100,100395,100,99816,100
2019-06-28 09:48:40.000000000,100082,172,100054,272,100096,172,100044,172,100130,172,100032,172,100213,172,99938,172,100239,100,99934,100,100254,100,99896,200,100266,100,99883,100,100269,100,99824,100,100332,100,99817,100,100395,100,99816,100
2019-06-28 09:48:50.000000000,100082,387,100054,487,100096,100,100044,100,100130,100,100032,100,100213,100,99938,100,100239,100,99934,100,100254,100,99896,200,100266,100,99883,100,100269,100,99824,100,100332,100,99817,100,100395,100,99816,100
2019-06-28 09:48:55.782090966,100082,387,100054,487,100096,100,100044,100,100130,100,100032,100,100213,100,99938,100,100254,100,99934,100,100266,100,99896,200,100269,100,99883,100,100332,100,99824,100,100395,100,99817,100,100681,100,99816,100
2019-06-28 09:49:00.000000000,100082,157,100054,257,100096,157,100044,157,100130,157,100032,157,100213,157,99938,157,100254,157,99934,157,100266,100,99896,200,100269,100,99883,100,100332,100,99824,100,100395,100,99817,100,100681,100,99816,100
2019-06-28 09:49:10.000000000,100082,157,100054,257,100096,157,100044,157,100130,157,100032,157,100213,157,99938,157,100254,157,99934,157,100266,100,99896,200,100269,100,99883,100,100332,100,99824,100,100395,100,99817,100,100681,100,99816,100
2019-06-28 09:49:20.000000000,100082,172,100054,272,100096,172,100044,172,100130,172,100032,172,100213,172,99938,172,100254,100,99934,100,100266,100,99896,200,100269,100,99883,100,100332,100,99824,100,100395,100,99817,100,100681,100,99816,100
2019-06-28 09:49:30.000000000,100082,198,100054,298,100096,195,100044,195,100130,195,100032,195,100213,100,99938,100,100254,100,99934,100,100266,100,99896,200,100269,100,99883,100,100332,100,99824,100,100395,100,99817,100,100681,100,99816,100
2019-06-28 09:49:40.000000000,100082,244,100054,344,100096,244,100044,244,100130,100,100032,100,100213,100,99938,100,100254,100,99934,100,100266,100,99896,200,100269,100,99883,100,100332,100,99824,100,100395,100,99817,100,100681,100,99816,100
2019-06-28 09:49:43.065087517,100082,144,100054,344,100096,244,100044,244,100130,100,100032,100,100213,100,99938,100,100254,100,99934,100,100266,100,99896,200,100269,100,99883,100,100332,100,99824,100,100395,100,99817,100,100681,100,99816,100
2019-06-28 09:49:50.000000000,100096,387,100054,487,100130,100,100044,100,100213,100,100032,100,100254,100,99938,100,100266,100,99934,100,100269,100,99896,200,100332,100,99883,100,100395,100,99824,100,100681,100,99817,100,100776,100,99816,100
2019-06-28 09:49:55.330499960,100096,387,100075,100,100130,100,100054,487,100213,100,100044,100,100254,100,100032,100,100266,100,99938,100,100269,100,99934,100,100332,100,99896,200,100395,100,99883,100,100681,100,99824,100,100776,100,99817,100
2019-06-28 09:49:57.200856912,100096,387,100075,200,100130,100,100054,487,100213,100,100044,100,100254,100,100032,100,100266,100,99938,100,100269,100,99934,100,100332,100,99896,200,100395,100,99883,100,100681,100,99824,100,100776,100,99817,100
2019-06-28 09:50:00.000000000,100096,198,100075,298,100130,195,100054,295,100213,195,100044,195,100254,100,100032,100,100266,100,99938,100,100269,100,99934,100,100332,100,99896,200,100395,100,99883,100,100681,100,99824,100,100776,100,99817,100
2019-06-28 09:50:10.000000000,100096,157,100075,257,100130,157,100054,257,100213,157,100044,157,100254,157,100032,157,100266,157,99938,157,100269,100,99934,100,100332,100,99896,200,100395,100,99883,100,100681,100,99824,100,100776,100,99817,100
2019-06-28 09:50:20.000000000,100096,157,100075,257,100130,157,100054,257,100213,157,100044,157,100254,157,100032,157,100266,157,99938,157,100269,100,99934,100,100332,100,99896,200,100395,100,99883,100,100681,100,99824,100,100776,100,99817,100
2019-06-28 09:50:30.000000000,100096,244,100075,344,100130,244,100054,344,100213,100,100044,100,100254,100,100032,100,100266,100,99938,100,100269,100,99934,100,100332,100,99896,200,100395,100,99883,100,100681,100,99824,100,100776,100,99817,100
2019-06-28 09:50:40.000000000,100096,244,100075,344,100130,244,100054,344,100213,100,100044,100,100254,100,100032,100,100266,100,99938,100,100269,100,99934,100,100332,100,99896,200,100395,100,99883,100,100681,100,99824,100,100776,100,99817,100
2019-06-28 09:50:42.116238347,100096,244,100075,344,100130,244,100054,344,100213,100,100044,100,100254,100,100032,100,100266,100,99938,100,100269,100,99934,100,100332,100,99896,200,100395,100,99883,100,100681,100,99824,100,100776,100,99817,100
2019-06-28 09:50:50.000000000,100096,387,100075,487,100130,100,100054,200,100213,100,100044,100,100254,100,100032,100,100266,100,99938,100,100269,100,99934,100,100332,100,99896,200,100395,100,99883,100,100681,100,99824,100,100776,100,99817,100
2019-06-28 09:51:00.000000000,100096,387,100075,487,100130,100,100054,200,100213,100,100044,100,100254,100,100032,100,100266,100,99938,100,100269,100,99934,100,100332,100,99896,200,100395,100,99883,100,100681,100,99824,100,100776,100,99817,100
2019-06-28 09:51:07.649235082,100096,387,100075,487,100130,100,100054,200,100213,100,100044,100,100254,100,100032,100,100266,100,99938,100,100269,100,99934,100,100332,100,99896,200,100395,100,99883,100,100681,100,99824,100,100776,100,99817,100
2019-06-28 09:51:10.000000000,100096,198,100075,298,100130,195,100054,295,100213,195,100044,195,100254,100,100032,100,100266,100,99938,100,100269,100,99934,100,100332,100,99896,200,100395,100,99883,100,100681,100,99824,100,100776,100,99817,100
2019-06-28 09:51:13.611966776,100096,198,100075,298,100130,195,100054,295,100213,195,100044,195,100254,100,100032,100,100266,100,99938,100,100332,100,99934,100,100395,100,99896,200,100681,100,99883,100,100776,100,99824,100,100892,100,99817,100
2019-06-28 09:51:20.000000000,100096,387,100075,487,100130,100,100054,200,100213,100,100044,100,100254,100,100032,100,100266,100,99938,100,100332,100,99934,100,100395,100,99896,200,100681,100,99883,100,100776,100,99824,100,100892,100,99817,100
2019-06-28 09:51:30.000000000,100096,244,100075,344,100130,244,100054,344,100213,100,100044,100,100254,100,100032,100,100266,100,99938,100,100332,100,99934,100,100395,100,99896,200,100681,100,99883,100,100776,100,99824,100,100892,100,99817,100
2019-06-28 09:51:40.000000000,100096,387,100075,487,100130,100,100054,200,100213,100,100044,100,100254,100,100032,100,100266,100,99938,100,100332,100,99934,100,100395,100,99896,200,100681,100,99883,100,100776,100,99824,100,100892,100,99817,100
2019-06-28 09:51:50.000000000,100096,157,100075,257,100130,157,100054,257,100213,157,100044,157,100254,157,100032,157,100266,157,99938,157,100332,100,99934,100,100395,100,99896,200,100681,100,99883,100,100776,100,99824,100,100892,100,99817,100
2019-06-28 09:51:57.938157562,100096,157,100075,357,100130,157,100054,157,100213,157,100044,157,100254,157,100032,157,100266,157,99938,157,100332,100,99934,100,100395,100,99896,200,100681,100,99883,100,100776,100,99824,100,100892,100,99817,100
2019-06-28 09:52:00.000000000,100096,172,100075,372,100130,172,100054,172,100213,172,100044,172,100254,172,100032,172,100266,100,99938,100,100332,100,99934,100,100395,100,99896,200,100681,100,99883,100,100776,100,99824,100,100892,100,99817,100
2019-06-28 09:52:07.341911673,100096,172,100075,372,100130,172,100054,72,100213,172,100044,172,100254,172,100032,172,100266,100,99938,100,100332,100,99934,100,100395,100,99896,200,100681,100,99883,100,100776,100,99824,100,100892,100,99817,100
2019-06-28 09:52:10.000000000,100096,172,100075,372,100130,172,100044,172,100213,172,100032,172,100254,172,99938,172,100266,100,99934,100,100332,100,99896,200,100395,100,99883,100,100681,100,99824,100,100776,100,99817,100,100892,100,99816,100
2019-06-28 09:52:12.337989134,100096,172,100075,372,100130,172,100044,172,100213,172,100032,172,100254,172,99938,172,100266,100,99934,100,100332,100,99896,200,100395,100,99883,100,100681,100,99824,100,100776,100,99817,100,100892,100,99816,100
2019-06-28 09:52:15.716539523,100096,172,100075,472,100130,172,100044,172,100213,172,100032,172,100254,172,99938,72,100266,100,99934,100,100332,100,99896,200,100395,100,99883,100,100681,100,99824,100,100776,100,99817,100,100892,100,99816,100
2019-06-28 09:52:20.000000000,100096,172,100075,472,100130,172,100044,172,100213,172,100032,172,100254,172,99934,172,100266,100,99896,200,100332,100,99883,100,100395,100,99824,100,100681,100,99817,100,100776,100,99816,100,100892,100,99785,100
2019-06-28 09:52:30.000000000,100096,244,100075,544,100130,244,100044,244,100213,100,100032,100,100254,100,99934,100,100266,100,99896,200,100332,100,99883,100,100395,100,99824,100,100681,100,99817,100,100776,100,99816,100,100892,100,99785,100
2019-06-28 09:52:35.787545692,100096,144,100075,544,100130,244,100044,244,100213,100,100032,100,100254,100,99934,100,100266,100,99896,200,100332,100,99883,100,100395,100,99824,100,100681,100,99817,100,100776,100,99816,100,100892,100,99785,100
2019-06-28 09:52:36.289307120,100096,44,100075,544,100130,244,100044,244,100213,100,100032,100,100254,100,99934,100,100266,100,99896,200,100332,100,99883,100,100395,100,99824,100,100681,100,99817,100,100776,100,99816,100,100892,100,99785,100
2019-06-28 09:52:40.000000000,100130,387,100075,687,100213,100,100044,100,100254,100,100032,100,100266,100,99934,100,100332,100,99896,200,100395,100,99883,100,100681,100,99824,100,100776,100,99817,100,100892,100,99816,100,100986,100,99785,100
2019-06-28 09:52:50.000000000,100130,198,100075,498,100213,195,100044,195,100254,195,100032,195,100266,100,99934,100,100332,100,99896,200,100395,100,99883,100,100681,100,99824,100,100776,100,99817,100,100892,100,99816,100,100986,100,99785,100
2019-06-28 09:52:55.683755074,100130,198,100075,498,100213,195,100044,195,100254,195,100032,195,100266,100,99934,100,100332,100,99896,200,100395,100,99883,100,100681,100,99824,100,100776,100,99817,100,100892,100,99816,100,100986,100,99785,100
2019-06-28 09:52:59.905013069,100130,98,100075,498,100213,195,100044,195,100254,195,100032,195,100266,100,99934,100,100332,100,99896,200,100395,100,99883,100,100681,100,99824,100,100776,100,99817,100,100892,100,99816,100,100986,100,99785,100
2019-06-28 09:53:00.000000000,100213,172,100075,472,100254,172,100044,172,100266,172,100032,172,100332,172,99934,172,100395,100,99896,200,100681,100,99883,100,100776,100,99824,100,100892,100,99817,100,100986,100,99816,100,100987,100,99785,100
2019-06-28 09:53:03.375697570,100213,72,100075,472,100254,172,100044,172,100266,172,100032,172,100332,172,99934,172,100395,100,99896,200,100681,100,99883,100,100776,100,99824,100,100892,100,99817,100,100986,100,99816,100,100987,100,99785,100
2019-06-28 09:53:05.229982016,100213,72,100130,100,100254,172,100075,472,100266,172,100044,172,100332,172,100032,172,100395,100,99934,172,100681,100,99896,200,100776,100,99883,100,100892,100,99824,100,100986,100,99817,100,100987,100,99816,100
2019-06-28 09:53:06.725453662,100213,72,100130,200,100254,172,100075,372,100266,172,100044,172,100332,172,100032,172,100395,100,99934,172,100681,100,99896,200,100776,100,99883,100,100892,100,99824,100,100986,100,99817,100,100987,100,99816,100
2019-06-28 09:53:10.000000000,100254,244,100130,344,100266,244,100075,444,100332,100,100044,100,100395,100,100032,100,100681,100,99934,100,100776,100,99896,200,100892,100,99883,100,100986,100,99824,100,100987,100,99817,100,101022,100,99816,100
2019-06-28 09:53:14.113088498,100254,144,100130,344,100266,244,100075,444,100332,100,100044,100,100395,100,100032,100,100681,100,99934,100,100776,100,99896,200,100892,100,99883,100,100986,100,99824,100,100987,100,99817,100,101022,100,99816,100
2019-06-28 09:53:18.029894977,100254,144,100130,344,100266,244,100075,444,100332,100,100044,100,100395,100,100032,100,100681,100,99934,100,100776,100,99896,200,100892,100,99883,100,100986,100,99824,100,100987,100,99817,100,101022,100,99816,100
2019-06-28 09:53:20.000000000,100266,244,100130,344,100332,244,100075,444,100395,100,100044,100,100681,100,100032,100,100776,100,99934,100,100892,100,99896,200,100986,100,99883,100,100987,100,99824,100,101022,100,99817,100,101086,100,99816,100
2019-06-28 09:53:23.310795300,100266,144,100130,344,100332,244,100075,444,100395,100,100044,100,100681,100,100032,100,100776,100,99934,100,100892,100,99896,200,100986,100,99883,100,100987,100,99824,100,101022,100,99816,100,101086,100,99785,100
2019-06-28 09:53:30.000000000,100332,198,100130,298,100395,195,100075,395,100681,195,100044,195,100776,100,100032,100,100892,100,99934,100,100986,100,99896,200,100987,100,99883,100,101022,100,99824,100,101086,100,99816,100,101097,100,99785,100
2019-06-28 09:53:30.369341484,100332,98,100130,298,100395,195,100075,395,100681,195,100044,195,100776,100,100032,100,100892,100,99934,100,100986,100,99896,200,100987,100,99883,100,101022,100,99824,100,101086,100,99816,100,101097,100,99785,100
2019-06-28 09:53:34.932562325,100395,195,100332,2,100681,195,100130,298,100776,100,100075,395,100892,100,100044,195,100987,100,100032,100,101022,100,99934,100,101086,100,99896,200,101097,100,99883,100,101106,100,99824,100,101362,100,99816,100
2019-06-28 09:53:40.000000000,100395,387,100332,289,100681,100,100130,200,100776,100,100075,300,100892,100,100044,100,100987,100,100032,100,101022,100,99934,100,101086,100,99896,200,101097,100,99883,100,101106,100,99824,100,101362,100,99816,100
2019-06-28 09:53:44.207482752,100395,387,100332,389,100681,100,100130,200,100776,100,100075,300,100892,100,100044,100,100987,100,100032,100,101022,100,99934,100,101086,100,99896,200,101097,100,99883,100,101106,100,99824,100,101362,100,99816,100
2019-06-28 09:53:50.000000000,100395,244,100332,246,100681,244,100130,344,100776,100,100075,300,100892,100,100044,100,100987,100,100032,100,101022,100,99934,100,101086,100,99896,200,101097,100,99883,100,101106,100,99824,100,101362,100,99816,100
2019-06-28 09:54:00.000000000,100395,244,100332,246,100681,244,100130,344,100776,100,100075,300,100892,100,100044,100,100987,100,100032,100,101022,100,99934,100,101086,100,99896,200,101097,100,99883,100,101106,100,99824,100,101362,100,99816,100
2019-06-28 09:54:06.620791849,100395,144,100332,246,100681,244,100130,344,100776,100,100075,300,100892,100,100044,100,100987,100,100032,100,101022,100,99934,100,101086,100,99896,200,101097,100,99883,100,101106,100,99824,100,101362,100,99816,100
2019-06-28 09:54:10.000000000,100681,387,100332,389,100776,100,100130,200,100892,100,100075,300,100987,100,100044,100,101022,100,100032,100,101086,100,99934,100,101097,100,99896,200,101106,100,99883,100,101362,100,99824,100,101368,100,99816,100
2019-06-28 09:54:20.000000000,100681,172,100332,174,100776,172,100130,272,100892,172,100075,372,100987,172,100044,172,101022,100,100032,100,101086,100,99934,100,101097,100,99896,200,101106,100,99883,100,101362,100,99824,100,101368,100,99816,100
2019-06-28 09:54:30.000000000,100681,244,100332,246,100776,244,100130,344,100892,100,100075,300,100987,100,100044,100,101022,100,100032,100,101086,100,99934,100,101097,100,99896,200,101106,100,99883,100,101362,100,99824,100,101368,100,99816,100
2019-06-28 09:54:31.728555493,100681,244,100332,246,100776,244,100130,344,100892,100,100075,300,100987,100,100044,100,101022,100,100032,100,101086,100,99934,100,101097,100,99896,200,101106,100,99883,100,101349,100,99824,100,101362,100,99816,100
2019-06-28 09:54:40.000000000,100681,172,100332,174,100776,172,100130,272,100892,172,100075,372,100987,172,100044,172,101022,100,100032,100,101086,100,99934,100,101097,100,99896,200,101106,100,99883,100,101349,100,99824,100,101362,100,99816,100
2019-06-28 09:54:50.000000000,100681,172,100332,174,100776,172,100130,272,100892,172,100075,372,100987,172,100044,172,101022,100,100032,100,101086,100,99934,100,101097,100,99896,200,101106,100,99883,100,101349,100,99824,100,101362,100,99816,100
2019-06-28 09:55:00.000000000,100681,387,100332,389,100776,100,100130,200,100892,100,100075,300,100987,100,100044,100,101022,100,100032,100,101086,100,99934,100,101097,100,99896,200,101106,100,99883,100,101349,100,99824,100,101362,100,99816,100
2019-06-28 09:55:10.000000000,100681,387,100332,389,100776,100,100130,200,100892,100,100075,300,100987,100,100044,100,101022,100,100032,100,101086,100,99934,100,101097,100,99896,200,101106,100,99883,100,101349,100,99824,100,101362,100,99816,100
2019-06-28 09:55:11.165595154,100681,387,100333,100,100776,100,100332,389,100892,100,100130,200,100987,100,100075,300,101022,100,100044,100,101086,100,100032,100,101097,100,99934,100,101106,100,99896,200,101349,100,99883,100,101362,100,99824,100
2019-06-28 09:55:20.000000000,100681,157,100333,157,100776,157,100332,159,100892,157,100130,257,100987,157,100075,357,101022,157,100044,157,101086,100,100032,100,101097,100,99934,100,101106,100,99896,200,101349,100,99883,100,101362,100,99824,100
2019-06-28 09:55:28.947906449,100681,57,100333,157,100776,157,100332,159,100892,157,100130,257,100987,157,100075,357,101022,157,100044,157,101086,100,100032,100,101097,100,99934,100,101106,100,99896,200,101349,100,99883,100,101362,100,99824,100
2019-06-28 09:55:30.000000000,100776,157,100333,157,100892,157,100332,159,100987,157,100130,257,101022,157,100075,357,101086,157,100044,157,101097,100,100032,100,101106,100,99934,100,101349,100,99896,200,101362,100,99883,100,101450,100,99824,100
2019-06-28 09:55:40.000000000,100776,198,100333,198,100892,195,100332,197,100987,195,100130,295,101022,100,100075,300,101086,100,100044,100,101097,100,100032,100,101106,100,99934,100,101349,100,99896,200,101362,100,99883,100,101450,100,99824,100
2019-06-28 09:55:49.600786315,100776,98,100333,198,100892,195,100332,197,100987,195,100130,295,101022,100,100075,300,101086,100,100044,100,101097,100,100032,100,101106,100,99934,100,101349,100,99896,200,101362,100,99883,100,101450,100,99824,100
2019-06-28 09:55:50.000000000,100892,387,100333,387,100987,100,100332,102,101022,100,100130,200,101086,100,100075,300,101097,100,100044,100,101106,100,100032,100,101349,100,99934,100,101362,100,99896,200,101450,100,99883,100,101646,100,99824,100
2019-06-28 09:55:52.102374307,100892,387,100333,387,100987,100,100332,102,101022,100,100130,200,101086,100,100075,300,101097,100,100044,100,101106,100,100032,100,101192,100,99934,100,101349,100,99896,200,101362,100,99883,100,101450,100,99824,100
2019-06-28 09:55:59.881659487,100892,387,100333,387,100987,100,100332,102,101022,100,100130,200,101086,100,100075,300,101097,100,100044,100,101106,100,100032,100,101192,100,99934,100,101349,100,99896,200,101362,100,99883,100,101450,100,99816,100
2019-06-28 09:56:00.000000000,100892,244,100333,244,100987,244,100332,246,101022,100,100130,200,101086,100,100075,300,101097,100,100044,100,101106,100,100032,100,101192,100,99934,100,101349,100,99896,200,101362,100,99883,100,101450,100,99816,100
2019-06-28 09:56:10.000000000,100892,157,100333,157,100987,157,100332,159,101022,157,100130,257,101086,157,100075,357,101097,157,100044,157,101106,100,100032,100,101192,100,99934,100,101349,100,99896,200,101362,100,99883,100,101450,100,99816,100
2019-06-28 09:56:15.646948954,100892,57,100333,157,100987,157,100332,159,101022,157,100130,257,101086,157,100075,357,101097,157,100044,157,101106,100,100032,100,101192,100,99934,100,101349,100,99896,200,101362,100,99883,100,101450,100,99816,100
2019-06-28 09:56:20.000000000,100987,387,100333,387,101022,100,100332,102,101086,100,100130,200,101097,100,100075,300,101106,100,100044,100,101192,100,100032,100,101349,100,99934,100,101362,100,99896,200,101450,100,99883,100,101477,100,99816,100
2019-06-28 09:56:25.374877597,100987,287,100333,387,101022,100,100332,102,101086,100,100130,200,101097,100,100075,300,101106,100,100044,100,101192,100,100032,100,101349,100,99934,100,101362,100,99896,200,101450,100,99883,100,101646,100,99816,100
2019-06-28 09:56:30.000000000,101022,387,100333,387,101086,100,100332,102,101097,100,100130,200,101106,100,100075,300,101192,100,100044,100,101349,100,100032,100,101362,100,99934,100,101450,100,99896,200,101646,100,99883,100,,,99816,100
2019-06-28 09:56:40.000000000,101022,198,100333,198,101086,195,100332,197,101097,195,100130,295,101106,100,100075,300,101192,100,100044,100,101349,100,100032,100,101362,100,99934,100,101450,100,99896,200,101646,100,99883,100,,,99816,100
2019-06-28 09:56:47.001488053,101022,198,100333,198,101086,195,100332,197,101097,195,100130,295,101106,100,100075,300,101192,100,100044,100,101349,100,100032,100,101362,100,99934,100,101450,100,99896,200,101646,100,99883,100,,,99785,100
2019-06-28 09:56:50.000000000,101022,387,100333,387,101086,100,100332,102,101097,100,100130,200,101106,100,100075,300,101192,100,100044,100,101349,100,100032,100,101362,100,99934,100,101450,100,99896,200,101646,100,99883,100,,,99785,100
2019-06-28 09:56:54.262730746,101022,387,100892,100,101086,100,100333,387,101097,100,100332,102,101106,100,100130,200,101192,100,100075,300,101349,100,100044,100,101362,100,100032,100,101450,100,99934,100,101646,100,99896,200,,,99883,100
2019-06-28 09:56:59.736590794,101022,387,100892,200,101086,100,100333,387,101097,100,100332,102,101106,100,100130,200,101192,100,100075,300,101349,100,100044,100,101362,100,100032,100,101450,100,99934,100,101646,100,99896,200,,,99883,100
2019-06-28 09:57:00.000000000,101022,387,100892,487,101086,100,100333,100,101097,100,100332,102,101106,100,100130,200,101192,100,100075,300,101349,100,100044,100,101362,100,100032,100,101450,100,99934,100,101646,100,99896,200,,,99883,100
2019-06-28 09:57:10.000000000,101022,198,100892,298,101086,195,100333,195,101097,195,100332,197,101106,100,100130,200,101192,100,100075,300,101349,100,100044,100,101362,100,100032,100,101450,100,99934,100,101646,100,99896,200,,,99883,100
2019-06-28 09:57:15.245322191,101022,198,101002,100,101086,195,100892,298,101097,195,100333,195,101106,100,100332,197,101192,100,100130,200,101349,100,100075,300,101362,100,100044,100,101450,100,100032,100,101646,100,99934,100,,,99896,200
2019-06-28 09:57:20.000000000,101022,387,101002,387,101086,100,100892,200,101097,100,100333,100,101106,100,100332,102,101192,100,100130,200,101349,100,100075,300,101362,100,100044,100,101450,100,100032,100,101646,100,99934,100,,,99896,200
2019-06-28 09:57:24.401166558,101022,387,101002,387,101086,100,100892,300,101097,100,100333,100,101106,100,100332,102,101192,100,100130,200,101349,100,100075,300,101362,100,100044,100,101450,100,100032,100,101646,100,99934,100,,,99896,200
2019-06-28 09:57:30.000000000,101022,198,101002,198,101086,195,100892,395,101097,195,100333,195,101106,100,100332,102,101192,100,100130,200,101349,100,100075,300,101362,100,100044,100,101450,100,100032,100,101646,100,99934,100,,,99896,200
2019-06-28 09:57:40.000000000,101022,387,101002,387,101086,100,100892,300,101097,100,100333,100,101106,100,100332,102,101192,100,100130,200,101349,100,100075,300,101362,100,100044,100,101450,100,100032,100,101646,100,99934,100,,,99896,200
2019-06-28 09:57:50.000000000,101022,198,101002,198,101086,195,100892,395,101097,195,100333,195,101106,100,100332,102,101192,100,100130,200,101349,100,100075,300,101362,100,100044,100,101450,100,100032,100,101646,100,99934,100,,,99896,200
2019-06-28 09:58:00.000000000,101022,157,101002,157,101086,157,100892,357,101097,157,100333,157,101106,157,100332,159,101192,157,100130,257,101349,100,100075,300,101362,100,100044,100,101450,100,100032,100,101646,100,99934,100,,,99896,200
2019-06-28 09:58:10.000000000,101022,198,101002,198,101086,195,100892,395,101097,195,100333,195,101106,100,100332,102,101192,100,100130,200,101349,100,100075,300,101362,100,100044,100,101450,100,100032,100,101646,100,99934,100,,,99896,200
2019-06-28 09:58:12.242308082,101022,98,101002,198,101086,195,100892,395,101097,195,100333,195,101106,100,100332,102,101192,100,100130,200,101349,100,100075,300,101362,100,100044,100,101646,100,100032,100,,,99934,100,,,99896,200
2019-06-28 09:58:13.146330228,101014,100,101002,198,101022,98,100892,395,101086,195,100333,195,101097,195,100332,102,101106,100,100130,200,101192,100,100075,300,101349,100,100044,100,101362,100,100032,100,101646,100,99934,100,,,99896,200
2019-06-28 09:58:20.000000000,101014,244,101002,244,101086,244,100892,444,101097,100,100333,100,101106,100,100332,102,101192,100,100130,200,101349,100,100075,300,101362,100,100044,100,101646,100,100032,100,,,99934,100,,,99896,200
2019-06-28 09:58:29.697456173,101014,144,101002,244,101086,244,100892,444,101097,100,100333,100,101106,100,100332,102,101192,100,100130,200,101349,100,100075,300,101362,100,100044,100,101646,100,100032,100,,,99934,100,,,99896,200
2019-06-28 09:58:30.000000000,101086,198,101002,198,101097,195,100892,395,101106,195,100333,195,101192,100,100332,102,101349,100,100130,200,101362,100,100075,300,101646,100,100044,100,,,100032,100,,,99934,100,,,99896,200
2019-06-28 09:58:31.020264374,101086,198,101002,198,101097,195,100892,395,101106,195,100333,195,101147,100,100332,102,101192,100,100130,200,101349,100,100075,300,101362,100,100044,100,101646,100,100032,100,,,99934,100,,,99896,200
2019-06-28 09:58:40.000000000,101086,198,101002,198,101097,195,100892,395,101106,195,100333,195,101147,100,100332,102,101192,100,100130,200,101349,100,100075,300,101362,100,100044,100,101646,100,100032,100,,,99934,100,,,99896,200
2019-06-28 09:58:45.128745296,101086,98,101002,198,101097,195,100892,395,101106,195,100333,195,101147,100,100332,100,101192,100,100130,200,101349,100,100075,300,101362,100,100044,100,101646,100,100032,100,,,99934,100,,,99896,200
2019-06-28 09:58:49.828462374,101086,98,101002,198,101097,195,100892,395,101106,195,100333,195,101147,100,100332,100,101192,100,100130,200,101349,100,100075,300,101362,100,100044,100,101646,100,100032,100,101816,100,99934,100,,,99896,200
2019-06-28 09:58:50.000000000,101097,157,101002,157,101106,157,100892,357,101147,157,100333,157,101192,157,100332,157,101349,157,100130,257,101362,100,100075,300,101646,100,100044,100,101816,100,100032,100,,,99934,100,,,99896,200
2019-06-28 09:59:00.000000000,101097,157,101002,157,101106,157,100892,357,101147,157,100333,157,101192,157,100332,157,101349,157,100130,257,101362,100,100075,300,101646,100,100044,100,101816,100,100032,100,,,99934,100,,,99896,200
2019-06-28 09:59:10.000000000,101097,157,101002,157,101106,157,100892,357,101147,157,100333,157,101192,157,100332,157,101349,157,100130,257,101362,100,100075,300,101646,100,100044,100,101816,100,100032,100,,,99934,100,,,99896,200
2019-06-28 09:59:20.000000000,101097,387,101002,387,101106,100,100892,300,101147,100,100333,100,101192,100,100332,100,101349,100,100130,200,101362,100,100075,300,101646,100,100044,100,101816,100,100032,100,,,99934,100,,,99896,200
2019-06-28 09:59:23.068550123,101097,387,101014,100,101106,100,101002,387,101147,100,100892,200,101192,100,100333,100,101349,100,100332,100,101362,100,100130,200,101646,100,100075,300,101816,100,100044,100,,,100032,100,,,99934,100
2019-06-28 09:59:24.109765179,101097,387,101014,100,101106,100,101002,387,101147,100,100892,200,101192,100,100333,100,101349,100,100332,100,101362,100,100130,200,101492,100,100075,300,101646,100,100044,100,101816,100,100032,100,,,99934,100
2019-06-28 09:59:30.000000000,101097,244,101014,244,101106,244,101002,244,101147,100,100892,200,101192,100,100333,100,101349,100,100332,100,101362,100,100130,200,101492,100,100075,300,101646,100,100044,100,101816,100,100032,100,,,99934,100
2019-06-28 09:59:40.000000000,101097,244,101014,244,101106,244,101002,244,101147,100,100892,200,101192,100,100333,100,101349,100,100332,100,101362,100,100130,200,101492,100,100075,300,101646,100,100044,100,101816,100,100032,100,,,99934,100
2019-06-28 09:59:50.000000000,101097,387,101014,387,101106,100,101002,100,101147,100,100892,200,101192,100,100333,100,101349,100,100332,100,101362,100,100130,200,101492,100,100075,300,101646,100,100044,100,101816,100,100032,100,,,99934,100
2019-06-28 10:00:00.000000000,101097,157,101014,157,101106,157,101002,157,101147,157,100892,257,101192,157,100333,157,101349,157,100332,157,101362,100,100130,200,101492,100,100075,300,101646,100,100044,100,101816,100,100032,100,,,99934,100
2019-06-28 10:00:00.240868608,101097,57,101014,157,101106,157,101002,157,101147,157,100892,257,101192,157,100333,157,101349,157,100332,157,101362,100,100130,200,101492,100,100075,300,101646,100,100044,100,101816,100,100032,100,,,99934,100
2019-06-28 10:00:10.000000000,101106,244,101014,244,101147,244,101002,244,101192,100,100892,200,101349,100,100333,100,101362,100,100332,100,101492,100,100130,200,101646,100,100075,300,101816,100,100044,100,,,100032,100,,,99934,100
2019-06-28 10:00:19.664323681,101106,144,101014,244,101147,244,101002,244,101192,100,100892,200,101349,100,100333,100,101362,100,100332,100,101492,100,100130,200,101646,100,100075,300,101816,100,100044,100,,,100032,100,,,99934,100
2019-06-28 10:00:20.000000000,101147,244,101014,244,101192,244,101002,244,101349,100,100892,200,101362,100,100333,100,101492,100,100332,100,101646,100,100130,200,101816,100,100075,300,,,100044,100,,,100032,100,,,99934,100
2019-06-28 10:00:20.573539656,101147,244,101014,244,101192,244,101002,244,101349,100,100892,200,101362,100,100333,100,101492,100,100332,100,101521,100,100130,200,101646,100,100075,300,101816,100,100044,100,,,100032,100,,,99934,100
2019-06-28 10:00:30.000000000,101147,157,101014,157,101192,157,101002,157,101349,157,100892,257,101362,157,100333,157,101492,157,100332,157,101521,100,100130,200,101646,100,100075,300,101816,100,100044,100,,,100032,100,,,99934,100
2019-06-28 10:00:40.000000000,101147,244,101014,244,101192,244,101002,244,101349,100,100892,200,101362,100,100333,100,101492,100,100332,100,101521,100,100130,200,101646,100,100075,300,101816,100,100044,100,,,100032,100,,,99934,100
2019-06-28 10:00:43.643016301,101147,144,101014,244,101192,244,101002,244,101349,100,100892,200,101362,100,100333,100,101492,100,100332,100,101521,100,100130,200,101646,100,100075,300,101816,100,100044,100,,,100032,100,,,99934,100
2019-06-28 10:00:50.000000000,101192,198,101014,198,101349,195,101002,195,101362,195,100892,295,101492,100,100333,100,101521,100,100332,100,101646,100,100130,200,101816,100,100075,300,,,100044,100,,,100032,100,,,99934,100
2019-06-28 10:00:59.398320620,101192,98,101014,198,101349,195,101002,195,101362,195,100892,295,101492,100,100333,100,101521,100,100332,100,101646,100,100130,200,101816,100,100075,300,,,100044,100,,,100032,100,,,99934,100
2019-06-28 10:01:00.000000000,101349,172,101014,172,101362,172,101002,172,101492,172,100892,272,101521,172,100333,172,101646,100,100332,100,101816,100,100130,200,,,100075,300,,,100044,100,,,100032,100,,,99934,100
2019-06-28 10:01:00.583379631,101349,172,101147,100,101362,172,101014,172,101492,172,101002,172,101521,172,100892,272,101646,100,100333,172,101816,100,100332,100,,,100130,200,,,100075,300,,,100032,100,,,99934,100
2019-06-28 10:01:04.141731003,101349,172,101147,100,101362,172,101127,100,101492,172,101014,172,101521,172,101002,172,101646,100,100892,272,101816,100,100333,172,,,100332,100,,,100130,200,,,100075,300,,,100032,100
2019-06-28 10:01:10.000000000,101349,387,101147,387,101362,100,101127,100,101492,100,101014,100,101521,100,101002,100,101646,100,100892,200,101816,100,100333,100,,,100332,100,,,100130,200,,,100075,300,,,100032,100
2019-06-28 10:01:14.675532423,101349,387,101147,487,101362,100,101127,100,101492,100,101014,100,101521,100,101002,100,101646,100,100892,200,101816,100,100333,100,,,100332,100,,,100130,200,,,100075,300,,,100032,100
2019-06-28 10:01:20.000000000,101349,244,101147,344,101362,244,101127,244,101492,100,101014,100,101521,100,101002,100,101646,100,100892,200,101816,100,100333,100,,,100332,100,,,100130,200,,,100075,300,,,100032,100
2019-06-28 10:01:27.071716378,101302,100,101147,344,101349,244,101127,244,101362,244,101014,100,101492,100,101002,100,101521,100,100892,200,101646,100,100333,100,101816,100,100332,100,,,100130,200,,,100075,300,,,100032,100
2019-06-28 10:01:30.000000000,101302,387,101147,487,101349,100,101127,100,101362,100,101014,100,101492,100,101002,100,101521,100,100892,200,101646,100,100333,100,101816,100,100332,100,,,100130,200,,,100075,300,,,100032,100
2019-06-28 10:01:35.722888396,101302,387,101147,487,101349,100,101127,100,101362,100,101014,100,101492,100,101002,100,101521,100,100892,200,101646,100,100333,100,101816,100,100332,100,,,100130,200,,,100075,300,,,99934,100
2019-06-28 10:01:40.000000000,101302,157,101147,257,101349,157,101127,157,101362,157,101014,157,101492,157,101002,157,101521,157,100892,257,101646,100,100333,100,101816,100,100332,100,,,100130,200,,,100075,300,,,99934,100
2019-06-28 10:01:50.000000000,101302,172,101147,272,101349,172,101127,172,101362,172,101014,172,101492,172,101002,172,101521,100,100892,200,101646,100,100333,100,101816,100,100332,100,,,100130,200,,,100075,300,,,99934,100
2019-06-28 10:02:00.000000000,101302,198,101147,298,101349,195,101127,195,101362,195,101014,195,101492,100,101002,100,101521,100,100892,200,101646,100,100333,100,101816,100,100332,100,,,100130,200,,,100075,300,,,99934,100
2019-06-28 10:02:00.575197226,101302,198,101147,198,101349,195,101127,195,101362,195,101014,195,101492,100,101002,100,101521,100,100892,200,101646,100,100333,100,101816,100,100332,100,,,100130,200,,,100075,300,,,99934,100
2019-06-28 10:02:10.000000000,101302,172,101147,172,101349,172,101127,172,101362,172,101014,172,101492,172,101002,172,101521,100,100892,200,101646,100,100333,100,101816,100,100332,100,,,100130,200,,,100075,300,,,99934,100
2019-06-28 10:02:20.000000000,101302,198,101147,198,101349,195,101127,195,101362,195,101014,195,101492,100,101002,100,101521,100,100892,200,101646,100,100333,100,101816,100,100332,100,,,100130,200,,,100075,300,,,99934,100
2019-06-28 10:02:30.000000000,101302,198,101147,198,101349,195,101127,195,101362,195,101014,195,101492,100,101002,100,101521,100,100892,200,101646,100,100333,100,101816,100,100332,100,,,100130,200,,,100075,300,,,99934,100
2019-06-28 10:02:31.599887162,101302,198,101147,198,101349,195,101127,195,101362,195,101014,195,101492,100,101002,100,101521,100,100892,100,101646,100,100333,100,101816,100,100332,100,,,100130,200,,,100075,300,,,99934,100
2019-06-28 10:02:35.949002735,101302,198,101148,100,101349,195,101147,198,101362,195,101127,195,101492,100,101014,195,101521,100,101002,100,101646,100,100892,100,101816,100,100333,100,,,100332,100,,,100130,200,,,100075,300
2019-06-28 10:02:38.331193772,101302,198,101148,100,101349,195,101147,198,101362,195,101127,195,101492,100,101014,195,101521,100,101002,100,101646,100,100992,100,101816,100,100892,100,,,100333,100,,,100332,100,,,100130,200
2019-06-28 10:02:39.805874706,101191,100,101148,100,101302,198,101147,198,101349,195,101127,195,101362,195,101014,195,101492,100,101002,100,101521,100,100992,100,101646,100,100892,100,101816,100,100333,100,,,100332,100,,,100130,200
2019-06-28 10:02:40.000000000,101191,157,101148,157,101302,157,101147,157,101349,157,101127,157,101362,157,101014,157,101492,157,101002,157,101521,100,100992,100,101646,100,100892,100,101816,100,100333,100,,,100332,100,,,100130,200
2019-06-28 10:02:50.000000000,101191,244,101148,244,101302,244,101147,244,101349,100,101127,100,101362,100,101014,100,101492,100,101002,100,101521,100,100992,100,101646,100,100892,100,101816,100,100333,100,,,100332,100,,,100130,200
2019-06-28 10:03:00.000000000,101191,198,101148,198,101302,195,101147,195,101349,195,101127,195,101362,100,101014,100,101492,100,101002,100,101521,100,100992,100,101646,100,100892,100,101816,100,100333,100,,,100332,100,,,100130,200
2019-06-28 10:03:10.000000000,101191,172,101148,172,101302,172,101147,172,101349,172,101127,172,101362,172,101014,172,101492,100,101002,100,101521,100,100992,100,101646,100,100892,100,101816,100,100333,100,,,100332,100,,,100130,200
2019-06-28 10:03:10.320332460,101191,272,101148,172,101302,172,101147,172,101349,172,101127,172,101362,172,101014,172,101492,100,101002,100,101521,100,100992,100,101646,100,100892,100,101816,100,100333,100,,,100332,100,,,100130,200
2019-06-28 10:03:20.000000000,101191,298,101148,198,101302,195,101147,195,101349,195,101127,195,101362,100,101014,100,101492,100,101002,100,101521,100,100992,100,101646,100,100892,100,101816,100,100333,100,,,100332,100,,,100130,200
2019-06-28 10:03:30.000000000,101191,298,101148,198,101302,195,101147,195,101349,195,101127,195,101362,100,101014,100,101492,100,101002,100,101521,100,100992,100,101646,100,100892,100,101816,100,100333,100,,,100332,100,,,100130,200
2019-06-28 10:03:33.401965607,101191,298,101148,98,101302,195,101147,195,101349,195,101127,195,101362,100,101014,100,101521,100,101002,100,101646,100,100992,100,101816,100,100892,100,,,100333,100,,,100332,100,,,100130,200
2019-06-28 10:03:40.000000000,101191,272,101147,172,101302,172,101127,172,101349,172,101014,172,101362,172,101002,172,101521,100,100992,100,101646,100,100892,100,101816,100,100333,100,,,100332,100,,,100130,200,,,100075,200
2019-06-28 10:03:41.154125896,101191,172,101147,172,101302,172,101127,172,101349,172,101014,172,101362,172,101002,172,101521,100,100992,100,101646,100,100892,100,101816,100,100333,100,,,100332,100,,,100130,200,,,100075,200
2019-06-28 10:03:50.000000000,101191,198,101147,198,101302,195,101127,195,101349,195,101014,195,101362,100,101002,100,101521,100,100992,100,101646,100,100892,100,101816,100,100333,100,,,100332,100,,,100130,200,,,100075,200
2019-06-28 10:04:00.000000000,101191,387,101147,387,101302,100,101127,100,101349,100,101014,100,101362,100,101002,100,101521,100,100992,100,101646,100,100892,100,101816,100,100333,100,,,100332,100,,,100130,200,,,100075,200
2019-06-28 10:04:10.000000000,101191,387,101147,387,101302,100,101127,100,101349,100,101014,100,101362,100,101002,100,101521,100,100992,100,101646,100,100892,100,101816,100,100333,100,,,100332,100,,,100130,200,,,100075,200
2019-06-28 10:04:20.000000000,101191,198,101147,198,101302,195,101127,195,101349,195,101014,195,101362,100,101002,100,101521,100,100992,100,101646,100,100892,100,101816,100,100333,100,,,100332,100,,,100130,200,,,100075,200
2019-06-28 10:04:30.000000000,101191,387,101147,387,101302,100,101127,100,101349,100,101014,100,101362,100,101002,100,101521,100,100992,100,101646,100,100892,100,101816,100,100333,100,,,100332,100,,,100130,200,,,100075,200
2019-06-28 10:04:40.000000000,101191,157,101147,157,101302,157,101127,157,101349,157,101014,157,101362,157,101002,157,101521,157,100992,157,101646,100,100892,100,101816,100,100333,100,,,100332,100,,,100130,200,,,100075,200
2019-06-28 10:04:50.000000000,101191,172,101147,172,101302,172,101127,172,101349,172,101014,172,101362,172,101002,172,101521,100,100992,100,101646,100,100892,100,101816,100,100333,100,,,100332,100,,,100130,200,,,100075,200
2019-06-28 10:04:55.161782516,101191,172,101147,172,101302,172,101127,172,101349,172,101014,172,101362,172,101002,172,101521,100,100992,100,101646,100,100892,100,101816,100,100605,100,,,100333,100,,,100332,100,,,100130,200
2019-06-28 10:04:57.035959367,101191,172,101147,72,101302,172,101127,172,101349,172,101014,172,101362,172,101002,172,101521,100,100992,100,101646,100,100892,100,101816,100,100605,100,,,100333,100,,,100332,100,,,100130,200
2019-06-28 10:05:00.000000000,101191,198,101127,198,101302,195,101014,195,101349,195,101002,195,101362,100,100992,100,101521,100,100892,100,101646,100,100605,100,101816,100,100333,100,,,100332,100,,,100130,200,,,100075,200
2019-06-28 10:05:10.000000000,101191,244,101127,244,101302,244,101014,244,101349,100,101002,100,101362,100,100992,100,101521,100,100892,100,101646,100,100605,100,101816,100,100333,100,,,100332,100,,,100130,200,,,100075,200
2019-06-28 10:05:20.000000000,101191,244,101127,244,101302,244,101014,244,101349,100,101002,100,101362,100,100992,100,101521,100,100892,100,101646,100,100605,100,101816,100,100333,100,,,100332,100,,,100130,200,,,100075,200
2019-06-28 10:05:30.000000000,101191,244,101127,244,101302,244,101014,244,101349,100,101002,100,101362,100,100992,100,101521,100,100892,100,101646,100,100605,100,101816,100,100333,100,,,100332,100,,,100130,200,,,100075,200
2019-06-28 10:05:33.219551980,101191,244,101127,244,101302,244,101014,244,101349,100,101002,100,101362,100,100994,100,101521,100,100992,100,101646,100,100892,100,101816,100,100605,100,,,100333,100,,,100332,100,,,100130,200
2019-06-28 10:05:40.000000000,101191,244,101127,244,101302,244,101014,244,101349,100,101002,100,101362,100,100994,100,101521,100,100992,100,101646,100,100892,100,101816,100,100605,100,,,100333,100,,,100332,100,,,100130,200
2019-06-28 10:05:50.000000000,101191,387,101127,387,101302,100,101014,100,101349,100,101002,100,101362,100,100994,100,101521,100,100992,100,101646,100,100892,100,101816,100,100605,100,,,100333,100,,,100332,100,,,100130,200
2019-06-28 10:05:58.820401239,101148,100,101127,387,101191,387,101014,100,101302,100,101002,100,101349,100,100994,100,101362,100,100992,100,101521,100,100892,100,101646,100,100605,100,101816,100,100333,100,,,100332,100,,,100130,200
2019-06-28 10:06:00.000000000,101148,172,101127,172,101191,172,101014,172,101302,172,101002,172,101349,172,100994,172,101362,100,100992,100,101521,100,100892,100,101646,100,100605,100,101816,100,100333,100,,,100332,100,,,100130,200
2019-06-28 10:06:10.000000000,101148,172,101127,172,101191,172,101014,172,101302,172,101002,172,101349,172,100994,172,101362,100,100992,100,101521,100,100892,100,101646,100,100605,100,101816,100,100333,100,,,100332,100,,,100130,200
2019-06-28 10:06:17.654650614,101148,172,101127,172,101191,172,101014,172,101302,172,101002,172,101349,172,100994,172,101362,100,100992,100,101521,100,100892,100,101646,100,100605,100,101816,100,100438,100,,,100333,100,,,100332,100
2019-06-28 10:06:20.000000000,101148,387,101127,387,101191,100,101014,100,101302,100,101002,100,101349,100,100994,100,101362,100,100992,100,101521,100,100892,100,101646,100,100605,100,101816,100,100438,100,,,100333,100,,,100332,100
2019-06-28 10:06:30.000000000,101148,198,101127,198,101191,195,101014,195,101302,195,101002,195,101349,100,100994,100,101362,100,100992,100,101521,100,100892,100,101646,100,100605,100,101816,100,100438,100,,,100333,100,,,100332,100
2019-06-28 10:06:39.718889509,101148,198,101127,198,101191,195,101014,195,101302,195,101002,195,101349,100,100994,100,101362,100,100992,100,101521,100,100892,100,101646,100,100605,100,101816,100,100438,100,,,100333,100,,,100332,100
2019-06-28 10:06:40.000000000,101148,244,101127,244,101191,244,101014,244,101302,100,101002,100,101349,100,100994,100,101362,100,100992,100,101521,100,100892,100,101646,100,100605,100,101816,100,100438,100,,,100333,100,,,100332,100
2019-06-28 10:06:50.000000000,101148,387,101127,387,101191,100,101014,100,101302,100,101002,100,101349,100,100994,100,101362,100,100992,100,101521,100,100892,100,101646,100,100605,100,101816,100,100438,100,,,100333,100,,,100332,100
