,ask_price_1,ask_size_1,bid_price_1,bid_size_1,ask_price_2,ask_size_2,bid_price_2,bid_size_2,ask_price_3,ask_size_3,bid_price_3,bid_size_3,ask_price_4,ask_size_4,bid_price_4,bid_size_4,ask_price_5,ask_size_5,bid_price_5,bid_size_5,ask_price_6,ask_size_6,bid_price_6,bid_size_6,ask_price_7,ask_size_7,bid_price_7,bid_size_7,ask_price_8,ask_size_8,bid_price_8,bid_size_8,ask_price_9,ask_size_9,bid_price_9,bid_size_9,ask_price_10,ask_size_10,bid_price_10,bid_size_10
2019-06-28 09:30:00.000000000,100119,100,,,,,,,,,,,,,,,,,,,,,,,,,,,,,,,,,,,,,,
2019-06-28 09:30:00.000000002,100119,100,99946,100,,,,,,,,,,,,,,,,,,,,,,,,,,,,,,,,,,,,
2019-06-28 09:30:00.000000005,100059,100,99946,100,100119,100,,,,,,,,,,,,,,,,,,,,,,,,,,,,,,,,,,
2019-06-28 09:30:00.000000006,100016,100,99946,100,100059,100,99924,100,100119,100,,,100168,100,,,,,,,,,,,,,,,,,,,,,,,,,,
2019-06-28 09:30:00.000000007,99996,100,99946,100,100016,100,99924,100,100059,100,,,100119,100,,,100136,100,,,100168,100,,,,,,,,,,,,,,,,,,
2019-06-28 09:30:00.000000008,99981,200,99946,100,99993,100,99924,100,99996,100,,,100016,100,,,100059,100,,,100119,100,,,100136,100,,,100168,100,,,,,,,,,,
2019-06-28 09:30:00.000000009,99981,200,99946,100,99993,100,99924,100,99996,100,99900,100,100016,100,,,100059,100,,,100119,100,,,100136,100,,,100168,100,,,,,,,,,,
2019-06-28 09:30:00.000000010,99981,100,99946,100,99993,100,99924,100,99996,100,99900,100,100016,100,,,100059,100,,,100079,100,,,100119,100,,,100136,100,,,100168,100,,,,,,
2019-06-28 09:30:00.000000012,99981,100,99946,100,99993,100,99924,100,99996,100,99900,100,100016,100,,,100059,100,,,100079,100,,,100081,100,,,100119,100,,,100136,100,,,100168,100,,
2019-06-28 09:30:00.000000017,99993,100,99946,100,99996,100,99924,100,100016,100,99900,100,100059,100,,,100079,100,,,100081,100,,,100119,100,,,100136,100,,,100168,100,,,,,,
2019-06-28 09:30:00.000000018,99993,100,99946,100,99996,100,99924,100,100016,100,99900,100,100059,100,,,100079,100,,,100081,100,,,100119,100,,,100121,100,,,100136,100,,,100168,100,,
2019-06-28 09:30:00.000000023,99993,100,99946,100,99996,100,99924,100,100016,100,99900,100,100059,100,,,100079,100,,,100081,100,,,100086,100,,,100119,100,,,100121,100,,,100136,100,,
2019-06-28 09:30:00.000000026,99993,100,99946,100,99996,100,99924,100,100016,100,99900,100,100041,100,,,100059,100,,,100079,100,,,100081,100,,,100086,100,,,100119,100,,,100121,100,,
2019-06-28 09:30:00.000000028,99993,100,99981,100,99996,100,99946,100,100016,100,99924,100,100041,100,99900,100,100059,100,,,100079,100,,,100081,100,,,100086,100,,,100119,100,,,100121,100,,
2019-06-28 09:30:00.000000029,99993,100,99981,100,99996,100,99968,100,100016,100,99954,100,100041,100,99946,100,100059,100,99924,100,100079,100,99915,100,100081,100,99900,100,100086,100,,,100119,100,,,100121,100,,
2019-06-28 09:30:00.000000030,99996,100,99981,100,100016,100,99968,100,100038,100,99954,100,100041,100,99946,100,100059,100,99924,100,100079,100,99915,100,100081,100,99900,100,100086,100,99896,100,100119,100,,,100121,100,,
2019-06-28 09:30:00.000000036,99996,100,99981,100,100016,100,99968,100,100038,100,99954,100,100041,100,99946,100,100059,100,99926,100,100079,100,99924,100,100081,100,99915,100,100086,100,99900,100,100119,100,99896,100,100121,100,,
2019-06-28 09:30:00.000000037,99996,100,99981,100,100016,100,99973,100,100038,100,99968,100,100041,100,99954,100,100059,100,99946,100,100079,100,99926,100,100081,100,99924,100,100086,100,99915,100,100119,100,99900,100,100121,100,99896,100
2019-06-28 09:30:00.000000038,99991,100,99981,100,99996,100,99973,100,100016,100,99968,100,100038,100,99954,100,100041,100,99946,100,100059,100,99926,100,100079,100,99924,100,100081,100,99915,100,100086,100,99900,100,100119,100,99896,100
2019-06-28 09:30:00.000000045,99991,100,99981,100,99996,100,99973,100,100016,100,99968,100,100038,100,99954,100,100041,100,99946,100,100059,100,99926,100,100072,100,99924,100,100079,100,99915,100,100081,100,99900,100,100086,100,99896,100
2019-06-28 09:30:00.000000048,100016,100,99981,100,100038,100,99973,100,100041,100,99968,100,100059,100,99963,100,100072,100,99962,100,100079,100,99954,100,100081,100,99946,100,100086,100,99926,100,100119,100,99924,100,100121,200,99915,100
2019-06-28 09:30:00.000000051,100016,100,99991,100,100038,100,99981,100,100041,100,99973,100,100059,100,99968,100,100072,100,99963,100,100079,100,99962,100,100081,100,99954,100,100086,100,99946,100,100119,100,99926,100,100121,200,99924,100
2019-06-28 09:30:00.000000052,100016,100,99991,100,100038,100,99981,100,100041,100,99973,100,100059,100,99968,100,100072,100,99963,100,100079,100,99962,100,100081,100,99954,100,100086,100,99946,100,100100,100,99926,100,100119,100,99924,100
2019-06-28 09:30:00.000000053,100016,100,99991,100,100035,100,99981,100,100038,100,99973,100,100041,100,99968,100,100059,100,99963,100,100072,100,99962,100,100079,100,99954,100,100081,100,99946,100,100086,100,99926,100,100100,100,99924,100
2019-06-28 09:30:00.000000056,100016,100,99991,100,100035,100,99981,100,100038,100,99973,100,100041,100,99968,100,100059,100,99963,100,100072,100,99962,100,100079,100,99954,100,100081,100,99946,100,100086,100,99926,100,100100,100,99924,100
2019-06-28 09:30:00.000000059,100016,100,99991,200,100035,100,99981,100,100038,100,99973,100,100041,100,99968,100,100059,100,99963,100,100072,100,99962,100,100079,100,99954,100,100081,100,99946,100,100086,100,99926,100,100100,100,99924,100
2019-06-28 09:30:00.000000060,100016,100,99991,100,100035,100,99981,100,100038,100,99973,100,100041,100,99968,100,100059,100,99963,100,100072,100,99962,100,100079,100,99954,100,100081,100,99946,100,100086,100,99926,100,100100,100,99924,100
2019-06-28 09:30:00.000000062,100016,100,99992,100,100035,100,99991,100,100038,100,99981,100,100041,100,99973,100,100059,100,99968,100,100064,100,99963,100,100072,100,99962,100,100079,100,99954,100,100081,100,99946,100,100086,100,99926,100
2019-06-28 09:30:00.000000064,100016,100,99992,100,100035,100,99991,100,100038,100,99981,100,100041,100,99973,100,100059,100,99968,100,100064,100,99963,100,100072,100,99962,100,100079,100,99954,100,100081,100,99953,100,100086,100,99946,100
2019-06-28 09:30:00.000000065,100016,100,99992,100,100026,100,99991,100,100035,100,99981,100,100038,100,99973,100,100041,100,99968,100,100059,100,99963,100,100064,100,99962,100,100072,100,99954,100,100079,100,99953,100,100081,100,99946,100
2019-06-28 09:30:00.000000066,100016,100,99992,100,100026,100,99991,100,100035,100,99981,100,100038,100,99973,100,100041,100,99968,100,100059,100,99963,100,100064,100,99962,100,100072,100,99954,100,100079,100,99953,100,100081,100,99946,100
2019-06-28 09:30:00.000000067,100016,100,99992,100,100026,100,99991,100,100035,100,99981,100,100038,100,99973,100,100041,100,99968,100,100059,100,99963,100,100064,100,99962,100,100072,100,99954,100,100079,100,99953,100,100081,100,99946,100
2019-06-28 09:30:00.000000068,100016,100,99992,100,100026,100,99991,100,100035,100,99981,100,100038,100,99973,100,100041,100,99968,100,100059,100,99963,100,100064,100,99962,100,100072,100,99954,100,100079,100,99953,100,100081,100,99946,100
2019-06-28 09:30:00.000000069,100016,100,99992,100,100026,100,99991,100,100035,100,99981,100,100038,100,99973,100,100041,100,99968,100,100059,100,99963,100,100064,100,99962,100,100072,100,99954,100,100079,100,99953,100,100081,100,99946,100
2019-06-28 09:30:00.000000071,100016,100,99992,200,100026,100,99991,100,100035,100,99981,100,100038,100,99973,100,100041,100,99968,100,100059,100,99963,100,100064,100,99962,100,100072,100,99954,100,100079,100,99953,100,100081,100,99946,100
2019-06-28 09:30:00.000000072,100016,100,99992,300,100026,100,99991,100,100035,100,99981,100,100038,100,99973,100,100041,100,99968,100,100059,100,99963,100,100064,100,99962,100,100072,100,99954,100,100079,100,99953,100,100081,100,99946,100
2019-06-28 09:30:00.000000076,100016,100,99992,400,100026,100,99991,100,100035,100,99981,100,100038,100,99973,100,100041,100,99968,100,100059,100,99963,100,100064,100,99962,100,100067,100,99954,100,100072,100,99953,100,100079,100,99946,100
2019-06-28 09:30:00.000000079,100016,100,99992,400,100018,100,99991,100,100026,100,99981,100,100035,100,99973,100,100038,100,99968,100,100041,100,99963,100,100059,100,99962,100,100064,100,99954,100,100067,100,99953,100,100072,100,99946,100
2019-06-28 09:30:00.000000081,100016,100,99992,400,100018,100,99991,100,100026,100,99981,100,100035,100,99973,100,100038,100,99968,100,100041,100,99963,100,100059,100,99962,100,100064,100,99954,100,100067,100,99953,100,100072,100,99946,100
2019-06-28 09:30:00.000000086,100016,100,99992,400,100018,100,99991,100,100026,100,99981,100,100035,100,99973,100,100038,100,99968,100,100041,100,99963,100,100059,100,99962,100,100064,100,99954,100,100067,100,99953,100,100072,100,99946,100
2019-06-28 09:30:00.000000087,100018,100,99992,400,100026,100,99991,100,100035,100,99981,100,100038,100,99973,100,100041,100,99968,100,100059,100,99963,100,100064,100,99962,100,100067,100,99954,100,100072,100,99953,100,100073,100,99946,100
2019-06-28 09:30:00.000000091,100018,100,99992,400,100026,100,99991,100,100035,100,99981,100,100038,100,99973,100,100041,100,99968,100,100048,100,99963,100,100059,100,99962,100,100064,100,99954,100,100067,100,99953,100,100072,100,99946,100
2019-06-28 09:30:00.000000095,100008,100,99992,400,100018,100,99991,100,100026,100,99981,100,100035,100,99973,100,100038,100,99968,100,100041,100,99963,100,100048,100,99962,100,100059,100,99954,100,100064,100,99953,100,100067,100,99946,100
2019-06-28 09:30:00.719000732,100008,100,99992,400,100018,100,99991,100,100026,100,99981,100,100035,100,99973,100,100038,100,99968,100,100041,100,99963,100,100048,100,99962,100,100059,100,99954,100,100064,100,99953,100,100067,100,99946,100
2019-06-28 09:30:10.000000000,100008,550,99992,850,100018,100,99991,100,100026,100,99981,100,100035,100,99973,100,100038,100,99968,100,100041,100,99963,100,100048,100,99962,100,100059,100,99954,100,100064,100,99953,100,100067,100,99946,100
2019-06-28 09:30:20.000000000,100008,550,99992,850,100018,100,99991,100,100026,100,99981,100,100035,100,99973,100,100038,100,99968,100,100041,100,99963,100,100048,100,99962,100,100059,100,99954,100,100064,100,99953,100,100067,100,99946,100
2019-06-28 09:30:24.401582802,100008,550,99992,850,100018,100,99991,100,100026,100,99981,100,100035,100,99973,100,100038,100,99968,100,100041,100,99963,100,100059,100,99962,100,100064,100,99954,100,100067,100,99953,100,100072,100,99946,100
2019-06-28 09:30:26.092290529,100008,550,99992,850,100018,100,99991,100,100026,100,99981,100,100035,100,99973,100,100038,100,99968,100,100041,100,99963,100,100059,100,99962,100,100064,100,99954,100,100067,100,99953,100,100072,100,99946,100
2019-06-28 09:30:30.000000000,100008,550,99992,850,100018,100,99991,100,100026,100,99981,100,100035,100,99973,100,100038,100,99968,100,100041,100,99963,100,100059,100,99962,100,100064,100,99954,100,100067,100,99953,100,100072,100,99946,100
2019-06-28 09:30:34.268135368,100008,550,99992,850,100018,100,99991,100,100026,100,99981,100,100035,100,99973,100,100038,100,99968,100,100041,100,99963,100,100059,100,99962,100,100064,100,99954,100,100067,100,99953,100,100072,100,99946,100
2019-06-28 09:30:40.000000000,100008,325,99992,625,100018,325,99991,325,100026,100,99981,100,100035,100,99973,100,100038,100,99968,100,100041,100,99963,100,100059,100,99962,100,100064,100,99954,100,100067,100,99953,100,100072,100,99946,100
2019-06-28 09:30:46.957815468,100008,325,99992,625,100018,325,99991,325,100026,100,99981,100,100035,100,99973,100,100038,100,99968,100,100041,100,99963,100,100059,100,99962,100,100064,100,99954,100,100067,100,99953,100,100072,100,99946,100
2019-06-28 09:30:48.286335813,100008,325,99993,100,100018,325,99992,625,100026,100,99991,325,100035,100,99981,100,100038,100,99973,100,100041,100,99968,100,100059,100,99963,100,100064,100,99962,100,100067,100,99954,100,100072,100,99953,100
2019-06-28 09:30:50.000000000,100008,550,99993,550,100018,100,99992,400,100026,100,99991,100,100035,100,99981,100,100038,100,99973,100,100041,100,99968,100,100059,100,99963,100,100064,100,99962,100,100067,100,99954,100,100072,100,99953,100
2019-06-28 09:30:50.563415521,100008,550,99993,550,100018,100,99992,400,100026,100,99991,100,100035,100,99981,100,100038,100,99973,100,100059,100,99968,100,100064,100,99963,100,100067,100,99962,100,100072,100,99954,100,100073,100,99953,100
2019-06-28 09:31:00.000000000,100008,325,99993,325,100018,325,99992,625,100026,100,99991,100,100035,100,99981,100,100038,100,99973,100,100059,100,99968,100,100064,100,99963,100,100067,100,99962,100,100072,100,99954,100,100073,100,99953,100
2019-06-28 09:31:10.000000000,100008,212,99993,212,100018,212,99992,512,100026,212,99991,212,100035,212,99981,212,100038,100,99973,100,100059,100,99968,100,100064,100,99963,100,100067,100,99962,100,100072,100,99954,100,100073,100,99953,100
2019-06-28 09:31:20.000000000,100008,212,99993,212,100018,212,99992,512,100026,212,99991,212,100035,212,99981,212,100038,100,99973,100,100059,100,99968,100,100064,100,99963,100,100067,100,99962,100,100072,100,99954,100,100073,100,99953,100
2019-06-28 09:31:30.000000000,100008,212,99993,212,100018,212,99992,512,100026,212,99991,212,100035,212,99981,212,100038,100,99973,100,100059,100,99968,100,100064,100,99963,100,100067,100,99962,100,100072,100,99954,100,100073,100,99953,100
2019-06-28 09:31:31.606742233,100008,212,99993,312,100018,212,99992,512,100026,212,99991,212,100035,212,99981,212,100038,100,99973,100,100059,100,99968,100,100064,100,99963,100,100067,100,99962,100,100072,100,99954,100,100073,100,99953,100
2019-06-28 09:31:40.000000000,100008,253,99993,353,100018,248,99992,548,100026,248,99991,248,100035,100,99981,100,100038,100,99973,100,100059,100,99968,100,100064,100,99963,100,100067,100,99962,100,100072,100,99954,100,100073,100,99953,100
2019-06-28 09:31:50.000000000,100008,190,99993,290,100018,190,99992,490,100026,190,99991,190,100035,190,99981,190,100038,190,99973,190,100059,100,99968,100,100064,100,99963,100,100067,100,99962,100,100072,100,99954,100,100073,100,99953,100
2019-06-28 09:32:00.000000000,100008,325,99993,425,100018,325,99992,625,100026,100,99991,100,100035,100,99981,100,100038,100,99973,100,100059,100,99968,100,100064,100,99963,100,100067,100,99962,100,100072,100,99954,100,100073,100,99953,100
2019-06-28 09:32:09.839151447,100008,325,99993,425,100016,100,99992,625,100018,325,99991,100,100026,100,99981,100,100035,100,99973,100,100038,100,99968,100,100059,100,99963,100,100064,100,99962,100,100067,100,99954,100,100072,100,99953,100
2019-06-28 09:32:10.000000000,100008,253,99993,353,100016,248,99992,548,100018,248,99991,248,100026,100,99981,100,100035,100,99973,100,100038,100,99968,100,100059,100,99963,100,100064,100,99962,100,100067,100,99954,100,100072,100,99953,100
2019-06-28 09:32:20.000000000,100008,325,99993,425,100016,325,99992,625,100018,100,99991,100,100026,100,99981,100,100035,100,99973,100,100038,100,99968,100,100059,100,99963,100,100064,100,99962,100,100067,100,99954,100,100072,100,99953,100
2019-06-28 09:32:30.000000000,100008,325,99993,425,100016,325,99992,625,100018,100,99991,100,100026,100,99981,100,100035,100,99973,100,100038,100,99968,100,100059,100,99963,100,100064,100,99962,100,100067,100,99954,100,100072,100,99953,100
2019-06-28 09:32:30.788247725,100008,325,99993,425,100016,325,99992,625,100018,100,99991,100,100026,100,99981,100,100035,100,99973,100,100038,100,99968,100,100059,100,99963,100,100064,100,99962,100,100067,100,99954,100,100072,100,99953,100
2019-06-28 09:32:31.694785336,100008,325,99993,425,100016,325,99992,625,100018,100,99991,100,100026,100,99981,100,100035,100,99973,100,100038,100,99968,100,100059,100,99963,100,100064,100,99962,100,100067,100,99954,100,100072,100,99953,100
2019-06-28 09:32:40.000000000,100008,325,99993,425,100016,325,99992,625,100018,100,99991,100,100026,100,99981,100,100035,100,99973,100,100038,100,99968,100,100059,100,99963,100,100064,100,99962,100,100067,100,99954,100,100072,100,99953,100
2019-06-28 09:32:41.689022025,100008,325,99993,425,100016,325,99992,625,100018,100,99991,100,100026,100,99981,100,100038,100,99973,100,100059,100,99968,100,100064,100,99963,100,100067,100,99962,100,100072,100,99954,100,100073,100,99953,100
2019-06-28 09:32:47.203175063,100008,225,99993,425,100016,325,99992,625,100018,100,99991,100,100026,100,99981,100,100038,100,99973,100,100059,100,99968,100,100064,100,99963,100,100067,100,99962,100,100072,100,99954,100,100073,100,99953,100
2019-06-28 09:32:50.000000000,100016,190,99993,290,100018,190,99992,490,100026,190,99991,190,100038,190,99981,190,100059,190,99973,190,100064,100,99968,100,100067,100,99963,100,100072,100,99962,100,100073,100,99954,100,100079,100,99953,100
2019-06-28 09:32:55.277019574,100016,90,100008,100,100018,190,99993,290,100026,190,99992,490,100038,190,99991,190,100059,190,99981,190,100064,100,99973,190,100067,100,99968,100,100072,100,99963,100,100073,100,99962,100,100079,100,99954,100
2019-06-28 09:33:00.000000000,100018,190,100008,190,100026,190,99993,290,100038,190,99992,490,100059,190,99991,190,100064,190,99981,190,100067,100,99973,100,100072,100,99968,100,100073,100,99963,100,100079,100,99962,100,100081,100,99954,100
2019-06-28 09:33:10.000000000,100018,550,100008,550,100026,100,99993,200,100038,100,99992,400,100059,100,99991,100,100064,100,99981,100,100067,100,99973,100,100072,100,99968,100,100073,100,99963,100,100079,100,99962,100,100081,100,99954,100
2019-06-28 09:33:20.000000000,100018,253,100008,253,100026,248,99993,348,100038,248,99992,548,100059,100,99991,100,100064,100,99981,100,100067,100,99973,100,100072,100,99968,100,100073,100,99963,100,100079,100,99962,100,100081,100,99954,100
2019-06-28 09:33:30.000000000,100018,550,100008,550,100026,100,99993,200,100038,100,99992,400,100059,100,99991,100,100064,100,99981,100,100067,100,99973,100,100072,100,99968,100,100073,100,99963,100,100079,100,99962,100,100081,100,99954,100
2019-06-28 09:33:40.000000000,100018,550,100008,550,100026,100,99993,200,100038,100,99992,400,100059,100,99991,100,100064,100,99981,100,100067,100,99973,100,100072,100,99968,100,100073,100,99963,100,100079,100,99962,100,100081,100,99954,100
2019-06-28 09:33:44.478410768,100018,550,100008,550,100038,100,99993,200,100059,100,99992,400,100064,100,99991,100,100067,100,99981,100,100072,100,99973,100,100073,100,99968,100,100079,100,99963,100,100081,100,99962,100,100089,100,99954,100
2019-06-28 09:33:50.000000000,100018,212,100008,212,100038,212,99993,312,100059,212,99992,512,100064,212,99991,212,100067,100,99981,100,100072,100,99973,100,100073,100,99968,100,100079,100,99963,100,100081,100,99962,100,100089,100,99954,100
2019-06-28 09:33:51.420392348,100018,212,100008,312,100038,212,99993,312,100059,212,99992,512,100064,212,99991,212,100067,100,99981,100,100072,100,99973,100,100073,100,99968,100,100079,100,99963,100,100081,100,99962,100,100089,100,99954,100
2019-06-28 09:34:00.000000000,100018,325,100008,425,100038,325,99993,425,100059,100,99992,400,100064,100,99991,100,100067,100,99981,100,100072,100,99973,100,100073,100,99968,100,100079,100,99963,100,100081,100,99962,100,100089,100,99954,100
2019-06-28 09:34:03.339695243,100018,325,100008,425,100038,325,99993,425,100059,100,99992,400,100064,100,99991,100,100067,100,99981,100,100072,100,99973,100,100073,100,99968,100,100079,100,99963,100,100081,100,99962,100,100089,100,99954,100
2019-06-28 09:34:10.000000000,100018,253,100008,353,100038,248,99993,348,100059,248,99992,548,100064,100,99991,100,100067,100,99981,100,100072,100,99973,100,100073,100,99968,100,100079,100,99963,100,100081,100,99962,100,100089,100,99954,100
2019-06-28 09:34:20.000000000,100018,325,100008,425,100038,325,99993,425,100059,100,99992,400,100064,100,99991,100,100067,100,99981,100,100072,100,99973,100,100073,100,99968,100,100079,100,99963,100,100081,100,99962,100,100089,100,99954,100
2019-06-28 09:34:30.000000000,100018,212,100008,312,100038,212,99993,312,100059,212,99992,512,100064,212,99991,212,100067,100,99981,100,100072,100,99973,100,100073,100,99968,100,100079,100,99963,100,100081,100,99962,100,100089,100,99954,100
2019-06-28 09:34:40.000000000,100018,212,100008,312,100038,212,99993,312,100059,212,99992,512,100064,212,99991,212,100067,100,99981,100,100072,100,99973,100,100073,100,99968,100,100079,100,99963,100,100081,100,99962,100,100089,100,99954,100
2019-06-28 09:34:50.000000000,100018,253,100008,353,100038,248,99993,348,100059,248,99992,548,100064,100,99991,100,100067,100,99981,100,100072,100,99973,100,100073,100,99968,100,100079,100,99963,100,100081,100,99962,100,100089,100,99954,100
2019-06-28 09:34:51.906349149,100018,153,100008,353,100038,248,99993,348,100059,248,99992,548,100064,100,99991,100,100067,100,99981,100,100072,100,99973,100,100073,100,99968,100,100079,100,99963,100,100081,100,99962,100,100089,100,99953,100
2019-06-28 09:34:52.614277032,100018,153,100009,100,100038,248,100008,353,100059,248,99993,348,100064,100,99992,448,100067,100,99991,100,100072,100,99981,100,100073,100,99973,100,100079,100,99968,100,100081,100,99963,100,100089,100,99962,100
2019-06-28 09:34:52.651878432,100018,53,100009,100,100038,248,100008,353,100059,248,99993,348,100064,100,99992,448,100067,100,99991,100,100072,100,99981,100,100073,100,99973,100,100079,100,99968,100,100081,100,99963,100,100089,100,99962,100
2019-06-28 09:34:55.569291885,100018,53,100009,100,100038,248,100008,353,100059,248,99993,348,100064,100,99992,448,100067,100,99991,100,100072,100,99981,100,100073,100,99973,100,100079,100,99968,100,100081,100,99963,100,100089,100,99962,100
2019-06-28 09:35:00.000000000,100038,190,100009,190,100059,190,100008,290,100064,190,99993,290,100067,190,99992,390,100072,190,99991,190,100073,100,99981,100,100079,100,99973,100,100081,100,99968,100,100089,100,99963,100,100100,100,99962,100
2019-06-28 09:35:10.000000000,100038,190,100009,190,100059,190,100008,290,100064,190,99993,290,100067,190,99992,390,100072,190,99991,190,100073,100,99981,100,100079,100,99973,100,100081,100,99968,100,100089,100,99963,100,100100,100,99962,100
2019-06-28 09:35:20.000000000,100038,325,100009,325,100059,325,100008,425,100064,100,99993,200,100067,100,99992,300,100072,100,99991,100,100073,100,99981,100,100079,100,99973,100,100081,100,99968,100,100089,100,99963,100,100100,100,99962,100
2019-06-28 09:35:30.000000000,100038,325,100009,325,100059,325,100008,425,100064,100,99993,200,100067,100,99992,300,100072,100,99991,100,100073,100,99981,100,100079,100,99973,100,100081,100,99968,100,100089,100,99963,100,100100,100,99962,100
2019-06-28 09:35:40.000000000,100038,325,100009,325,100059,325,100008,425,100064,100,99993,200,100067,100,99992,300,100072,100,99991,100,100073,100,99981,100,100079,100,99973,100,100081,100,99968,100,100089,100,99963,100,100100,100,99962,100
2019-06-28 09:35:50.000000000,100038,325,100009,325,100059,325,100008,425,100064,100,99993,200,100067,100,99992,300,100072,100,99991,100,100073,100,99981,100,100079,100,99973,100,100081,100,99968,100,100089,100,99963,100,100100,100,99962,100
2019-06-28 09:36:00.000000000,100038,253,100009,253,100059,248,100008,348,100064,248,99993,348,100067,100,99992,300,100072,100,99991,100,100073,100,99981,100,100079,100,99973,100,100081,100,99968,100,100089,100,99963,100,100100,100,99962,100
2019-06-28 09:36:10.000000000,100038,253,100009,253,100059,248,100008,348,100064,248,99993,348,100067,100,99992,300,100072,100,99991,100,100073,100,99981,100,100079,100,99973,100,100081,100,99968,100,100089,100,99963,100,100100,100,99962,100
2019-06-28 09:36:20.000000000,100038,550,100009,550,100059,100,100008,200,100064,100,99993,200,100067,100,99992,300,100072,100,99991,100,100073,100,99981,100,100079,100,99973,100,100081,100,99968,100,100089,100,99963,100,100100,100,99962,100
2019-06-28 09:36:30.000000000,100038,212,100009,212,100059,212,100008,312,100064,212,99993,312,100067,212,99992,412,100072,100,99991,100,100073,100,99981,100,100079,100,99973,100,100081,100,99968,100,100089,100,99963,100,100100,100,99962,100
2019-06-28 09:36:30.745663496,100038,212,100009,212,100059,212,100008,212,100064,212,99993,312,100067,212,99992,412,100072,100,99991,100,100073,100,99981,100,100079,100,99973,100,100081,100,99968,100,100089,100,99963,100,100100,100,99962,100
2019-06-28 09:36:35.436875530,100038,112,100009,212,100059,212,100008,212,100064,212,99993,312,100067,212,99992,412,100072,100,99991,100,100073,100,99981,100,100079,100,99973,100,100081,100,99968,100,100089,100,99963,100,100100,100,99962,100
2019-06-28 09:36:40.000000000,100059,253,100009,253,100064,248,100008,248,100067,248,99993,348,100072,100,99992,300,100073,100,99991,100,100079,100,99981,100,100081,100,99973,100,100089,100,99968,100,100100,100,99963,100,100119,200,99962,100
2019-06-28 09:36:50.000000000,100059,550,100009,550,100064,100,100008,100,100067,100,99993,200,100072,100,99992,300,100073,100,99991,100,100079,100,99981,100,100081,100,99973,100,100089,100,99968,100,100100,100,99963,100,100119,200,99962,100
2019-06-28 09:36:57.333754429,100059,550,100018,100,100064,100,100009,550,100067,100,100008,100,100072,100,99993,200,100073,100,99992,300,100079,100,99991,100,100081,100,99981,100,100089,100,99973,100,100100,100,99968,100,100119,200,99963,100
2019-06-28 09:36:59.357554943,100059,450,100018,100,100064,100,100009,550,100067,100,100008,100,100072,100,99993,200,100073,100,99992,300,100079,100,99991,100,100081,100,99981,100,100089,100,99973,100,100100,100,99968,100,100119,200,99963,100
2019-06-28 09:37:00.000000000,100064,212,100018,212,100067,212,100009,212,100072,212,100008,212,100073,212,99993,312,100079,100,99992,300,100081,100,99991,100,100089,100,99981,100,100100,100,99973,100,100119,200,99968,100,100121,200,99963,100
2019-06-28 09:37:09.469723327,100064,112,100018,212,100067,212,100009,212,100072,212,100008,212,100073,212,99993,312,100079,100,99992,300,100081,100,99991,100,100089,100,99981,100,100100,100,99973,100,100119,200,99968,100,100121,200,99963,100
2019-06-28 09:37:10.000000000,100067,212,100018,212,100072,212,100009,212,100073,212,100008,212,100079,212,99993,312,100081,100,99992,300,100089,100,99991,100,100100,100,99981,100,100119,200,99973,100,100121,200,99968,100,100136,100,99963,100
2019-06-28 09:37:20.000000000,100067,325,100018,325,100072,325,100009,325,100073,100,100008,100,100079,100,99993,200,100081,100,99992,300,100089,100,99991,100,100100,100,99981,100,100119,200,99973,100,100121,200,99968,100,100136,100,99963,100
2019-06-28 09:37:30.000000000,100067,325,100018,325,100072,325,100009,325,100073,100,100008,100,100079,100,99993,200,100081,100,99992,300,100089,100,99991,100,100100,100,99981,100,100119,200,99973,100,100121,200,99968,100,100136,100,99963,100
2019-06-28 09:37:31.483029077,100067,325,100018,325,100072,325,100009,325,100073,100,100008,100,100079,100,99993,200,100081,100,99992,300,100089,100,99991,100,100100,100,99981,100,100119,200,99973,100,100121,100,99968,100,100136,100,99963,100
2019-06-28 09:37:40.000000000,100067,550,100018,550,100072,100,100009,100,100073,100,100008,100,100079,100,99993,200,100081,100,99992,300,100089,100,99991,100,100100,100,99981,100,100119,200,99973,100,100121,100,99968,100,100136,100,99963,100
2019-06-28 09:37:50.000000000,100067,550,100018,550,100072,100,100009,100,100073,100,100008,100,100079,100,99993,200,100081,100,99992,300,100089,100,99991,100,100100,100,99981,100,100119,200,99973,100,100121,100,99968,100,100136,100,99963,100
2019-06-28 09:38:00.000000000,100067,550,100018,550,100072,100,100009,100,100073,100,100008,100,100079,100,99993,200,100081,100,99992,300,100089,100,99991,100,100100,100,99981,100,100119,200,99973,100,100121,100,99968,100,100136,100,99963,100
2019-06-28 09:38:05.435252785,100067,550,100018,550,100072,100,100009,100,100073,100,100008,100,100079,100,99993,200,100081,100,99992,300,100089,100,99991,100,100100,100,99981,100,100119,200,99973,100,100121,100,99968,100,100136,100,99963,100
2019-06-28 09:38:10.000000000,100067,550,100018,550,100072,100,100009,100,100073,100,100008,100,100079,100,99993,200,100081,100,99992,300,100089,100,99991,100,100100,100,99981,100,100119,200,99973,100,100121,100,99968,100,100136,100,99963,100
2019-06-28 09:38:18.799401658,100067,550,100018,550,100072,100,100009,100,100073,100,100008,100,100079,100,99993,200,100081,100,99992,300,100089,100,99991,100,100100,100,99981,100,100119,200,99973,100,100121,100,99968,100,100136,100,99963,100
2019-06-28 09:38:20.000000000,100067,253,100018,253,100072,248,100009,248,100073,248,100008,248,100079,100,99993,200,100081,100,99992,300,100089,100,99991,100,100100,100,99981,100,100119,200,99973,100,100121,100,99968,100,100136,100,99963,100
2019-06-28 09:38:28.128062764,100067,153,100018,253,100072,248,100009,248,100073,248,100008,248,100079,100,99993,200,100081,100,99992,300,100089,100,99991,100,100100,100,99981,100,100119,200,99973,100,100121,100,99968,100,100136,100,99963,100
2019-06-28 09:38:30.000000000,100072,212,100018,212,100073,212,100009,212,100079,212,100008,212,100081,212,99993,312,100089,100,99992,300,100100,100,99991,100,100119,200,99981,100,100121,100,99973,100,100136,100,99968,100,100171,100,99963,100
2019-06-28 09:38:40.000000000,100072,190,100018,190,100073,190,100009,190,100079,190,100008,190,100081,190,99993,290,100089,190,99992,390,100100,100,99991,100,100119,200,99981,100,100121,100,99973,100,100136,100,99968,100,100171,100,99963,100
2019-06-28 09:38:44.361665598,100072,190,100064,100,100073,190,100018,190,100079,190,100009,190,100081,190,100008,190,100089,190,99993,290,100100,100,99992,390,100119,200,99991,100,100121,100,99973,100,100136,100,99968,100,100171,100,99963,100
2019-06-28 09:38:48.301378067,100072,90,100064,100,100073,190,100018,190,100079,190,100009,190,100081,190,100008,190,100089,190,99993,290,100100,100,99992,390,100119,200,99991,100,100121,100,99973,100,100136,100,99968,100,100171,100,99963,100
2019-06-28 09:38:50.000000000,100073,325,100064,325,100079,325,100018,325,100081,100,100009,100,100089,100,100008,100,100100,100,99993,200,100119,200,99992,300,100121,100,99991,100,100136,100,99973,100,100171,100,99968,100,100219,100,99963,100
2019-06-28 09:38:52.581580962,100073,325,100064,325,100079,325,100018,325,100081,100,100009,100,100089,100,100008,100,100100,100,99993,100,100119,200,99992,300,100121,100,99991,100,100136,100,99973,100,100171,100,99968,100,100219,100,99963,100
2019-06-28 09:38:55.868207183,100073,225,100064,325,100079,325,100018,325,100081,100,100009,100,100089,100,100008,100,100100,100,99993,100,100119,200,99992,300,100121,100,99991,100,100171,100,99973,100,100219,100,99968,100,100224,100,99963,100
2019-06-28 09:39:00.000000000,100079,253,100064,253,100081,248,100018,248,100089,248,100009,248,100100,100,100008,100,100119,200,99993,100,100121,100,99992,300,100171,100,99991,100,100219,100,99973,100,100224,100,99968,100,100253,100,99963,100
2019-06-28 09:39:09.193070100,100079,253,100064,253,100081,248,100018,248,100088,100,100009,248,100089,248,100008,100,100100,100,99993,100,100119,200,99992,300,100121,100,99991,100,100219,100,99973,100,100224,100,99968,100,100253,100,99963,100
2019-06-28 09:39:10.000000000,100079,190,100064,190,100081,190,100018,190,100088,190,100009,190,100089,190,100008,190,100100,190,99993,190,100119,200,99992,300,100121,100,99991,100,100219,100,99973,100,100224,100,99968,100,100253,100,99963,100
2019-06-28 09:39:16.184345812,100079,190,100064,90,100081,190,100018,190,100088,190,100009,190,100089,190,100008,190,100100,190,99993,190,100119,200,99992,300,100121,100,99991,100,100219,100,99973,100,100224,100,99968,100,100253,100,99963,100
2019-06-28 09:39:20.000000000,100079,325,100018,325,100081,325,100009,325,100088,100,100008,100,100089,100,99993,100,100100,100,99992,300,100119,200,99991,100,100121,100,99973,100,100219,100,99968,100,100224,100,99963,100,100253,100,99962,100
2019-06-28 09:39:25.657075110,100079,325,100018,225,100081,325,100009,325,100088,100,100008,100,100089,100,99993,100,100100,100,99992,300,100119,200,99991,100,100121,100,99973,100,100219,100,99968,100,100224,100,99963,100,100253,100,99962,100
2019-06-28 09:39:30.000000000,100079,550,100009,550,100081,100,100008,100,100088,100,99993,100,100089,100,99992,300,100100,100,99991,100,100119,200,99973,100,100121,100,99968,100,100219,100,99963,100,100224,100,99962,100,100253,100,99953,100
2019-06-28 09:39:30.018927691,100079,550,100009,550,100081,100,100008,100,100088,100,99993,100,100089,100,99992,300,100119,200,99991,100,100121,100,99984,100,100219,100,99973,100,100224,100,99968,100,100253,100,99963,100,100290,100,99962,100
2019-06-28 09:39:40.000000000,100079,190,100009,190,100081,190,100008,190,100088,190,99993,190,100089,190,99992,390,100119,290,99991,190,100121,100,99984,100,100219,100,99973,100,100224,100,99968,100,100253,100,99963,100,100290,100,99962,100
2019-06-28 09:39:41.747583522,100079,190,100009,190,100081,190,100008,190,100088,190,99993,190,100089,190,99992,390,100119,290,99991,190,100121,100,99984,100,100133,100,99973,100,100219,100,99968,100,100224,100,99963,100,100253,100,99962,100
2019-06-28 09:39:50.000000000,100079,325,100009,325,100081,325,100008,325,100088,100,99993,100,100089,100,99992,300,100119,200,99991,100,100121,100,99984,100,100133,100,99973,100,100219,100,99968,100,100224,100,99963,100,100253,100,99962,100
2019-06-28 09:39:51.762863139,100079,325,100009,325,100081,325,100008,325,100088,100,99993,100,100089,100,99992,300,100119,200,99991,100,100121,100,99984,100,100133,100,99973,100,100219,100,99968,100,100224,100,99963,100,100253,100,99962,100
2019-06-28 09:39:58.443138283,100079,325,100009,325,100081,325,100008,325,100088,100,99993,100,100089,100,99992,300,100119,200,99991,100,100121,100,99984,100,100133,100,99973,100,100219,100,99968,100,100224,100,99963,100,100253,100,99962,100
2019-06-28 09:40:00.000000000,100079,212,100009,212,100081,212,100008,212,100088,212,99993,212,100089,212,99992,412,100119,200,99991,100,100121,100,99984,100,100133,100,99973,100,100219,100,99968,100,100224,100,99963,100,100253,100,99962,100
2019-06-28 09:40:10.000000000,100079,550,100009,550,100081,100,100008,100,100088,100,99993,100,100089,100,99992,300,100119,200,99991,100,100121,100,99984,100,100133,100,99973,100,100219,100,99968,100,100224,100,99963,100,100253,100,99962,100
2019-06-28 09:40:12.479305302,100079,550,100009,450,100081,100,100008,100,100088,100,99993,100,100089,100,99992,300,100119,200,99991,100,100121,100,99984,100,100133,100,99968,100,100219,100,99963,100,100224,100,99962,100,100253,100,99953,100
2019-06-28 09:40:20.000000000,100079,212,100008,212,100081,212,99993,212,100088,212,99992,412,100089,212,99991,212,100119,200,99984,100,100121,100,99968,100,100133,100,99963,100,100219,100,99962,100,100224,100,99953,100,100253,100,99945,100
2019-06-28 09:40:27.573659280,100018,100,100008,212,100079,212,99993,212,100081,212,99992,412,100088,212,99991,212,100089,212,99984,100,100119,200,99968,100,100121,100,99963,100,100133,100,99962,100,100219,100,99953,100,100224,100,99945,100
2019-06-28 09:40:29.460451016,100018,100,100008,112,100079,212,99993,212,100081,212,99992,412,100088,212,99991,212,100089,212,99984,100,100119,200,99968,100,100121,100,99963,100,100133,100,99962,100,100219,100,99953,100,100224,100,99945,100
2019-06-28 09:40:30.000000000,100018,190,99993,190,100079,190,99992,390,100081,190,99991,190,100088,190,99984,190,100089,190,99968,190,100119,200,99963,100,100121,100,99962,100,100133,100,99953,100,100219,100,99945,100,100224,100,99939,100
2019-06-28 09:40:40.000000000,100018,253,99993,253,100079,248,99992,448,100081,248,99991,248,100088,100,99984,100,100089,100,99968,100,100119,200,99963,100,100121,100,99962,100,100133,100,99953,100,100219,100,99945,100,100224,100,99939,100
2019-06-28 09:40:50.000000000,100018,190,99993,190,100079,190,99992,390,100081,190,99991,190,100088,190,99984,190,100089,190,99968,190,100119,200,99963,100,100121,100,99962,100,100133,100,99953,100,100219,100,99945,100,100224,100,99939,100
2019-06-28 09:41:00.000000000,100018,550,99993,550,100079,100,99992,300,100081,100,99991,100,100088,100,99984,100,100089,100,99968,100,100119,200,99963,100,100121,100,99962,100,100133,100,99953,100,100219,100,99945,100,100224,100,99939,100
2019-06-28 09:41:06.114467670,100018,550,99993,550,100079,100,99992,300,100081,100,99991,100,100088,100,99984,100,100089,100,99968,100,100119,200,99963,100,100121,100,99962,100,100133,100,99953,100,100224,100,99945,100,100253,100,99939,100
2019-06-28 09:41:10.000000000,100018,212,99993,212,100079,212,99992,412,100081,212,99991,212,100088,212,99984,212,100089,100,99968,100,100119,200,99963,100,100121,100,99962,100,100133,100,99953,100,100224,100,99945,100,100253,100,99939,100
2019-06-28 09:41:20.000000000,100018,550,99993,550,100079,100,99992,300,100081,100,99991,100,100088,100,99984,100,100089,100,99968,100,100119,200,99963,100,100121,100,99962,100,100133,100,99953,100,100224,100,99945,100,100253,100,99939,100
2019-06-28 09:41:24.214610739,100018,550,99993,450,100079,100,99992,300,100081,100,99991,100,100088,100,99984,100,100089,100,99968,100,100119,200,99963,100,100121,100,99962,100,100133,100,99953,100,100224,100,99945,100,100253,100,99939,100
2019-06-28 09:41:30.000000000,100018,253,99992,453,100079,248,99991,248,100081,248,99984,248,100088,100,99968,100,100089,100,99963,100,100119,200,99962,100,100121,100,99953,100,100133,100,99945,100,100224,100,99939,100,100253,100,99936,100
2019-06-28 09:41:40.000000000,100018,190,99992,390,100079,190,99991,190,100081,190,99984,190,100088,190,99968,190,100089,190,99963,190,100119,200,99962,100,100121,100,99953,100,100133,100,99945,100,100224,100,99939,100,100253,100,99936,100
2019-06-28 09:41:50.000000000,100018,212,99992,412,100079,212,99991,212,100081,212,99984,212,100088,212,99968,212,100089,100,99963,100,100119,200,99962,100,100121,100,99953,100,100133,100,99945,100,100224,100,99939,100,100253,100,99936,100
2019-06-28 09:41:55.709242180,100018,212,99992,312,100079,212,99991,212,100081,212,99984,212,100088,212,99968,212,100089,100,99963,100,100119,200,99962,100,100121,100,99953,100,100133,100,99945,100,100224,100,99939,100,100253,100,99936,100
2019-06-28 09:42:00.000000000,100018,212,99992,312,100079,212,99991,212,100081,212,99984,212,100088,212,99968,212,100089,100,99963,100,100119,200,99962,100,100121,100,99953,100,100133,100,99945,100,100224,100,99939,100,100253,100,99936,100
2019-06-28 09:42:05.981542247,100018,212,99992,312,100079,212,99991,212,100081,212,99984,212,100088,212,99968,212,100089,100,99963,100,100119,200,99962,100,100121,100,99953,100,100133,100,99945,100,100224,100,99939,100,100253,100,99936,100
2019-06-28 09:42:07.628807847,100018,212,99992,312,100079,212,99991,212,100081,212,99984,212,100088,212,99968,212,100089,100,99963,100,100119,200,99962,100,100121,100,99953,100,100133,100,99945,100,100224,100,99939,100,100253,100,99936,100
2019-06-28 09:42:10.000000000,100018,253,99992,353,100079,248,99991,248,100081,248,99984,248,100088,100,99968,100,100089,100,99963,100,100119,200,99962,100,100121,100,99953,100,100133,100,99945,100,100224,100,99939,100,100253,100,99936,100
2019-06-28 09:42:20.000000000,100018,190,99992,290,100079,190,99991,190,100081,190,99984,190,100088,190,99968,190,100089,190,99963,190,100119,200,99962,100,100121,100,99953,100,100133,100,99945,100,100224,100,99939,100,100253,100,99936,100
2019-06-28 09:42:25.113669428,100018,190,99992,190,100079,190,99991,190,100081,190,99984,190,100088,190,99968,190,100089,190,99963,190,100119,200,99962,100,100121,100,99953,100,100133,100,99945,100,100224,100,99939,100,100253,100,99936,100
2019-06-28 09:42:30.000000000,100018,550,99992,550,100079,100,99991,100,100081,100,99984,100,100088,100,99968,100,100089,100,99963,100,100119,200,99962,100,100121,100,99953,100,100133,100,99945,100,100224,100,99939,100,100253,100,99936,100
2019-06-28 09:42:40.000000000,100018,253,99992,253,100079,248,99991,248,100081,248,99984,248,100088,100,99968,100,100089,100,99963,100,100119,200,99962,100,100121,100,99953,100,100133,100,99945,100,100224,100,99939,100,100253,100,99936,100
2019-06-28 09:42:50.000000000,100018,212,99992,212,100079,212,99991,212,100081,212,99984,212,100088,212,99968,212,100089,100,99963,100,100119,200,99962,100,100121,100,99953,100,100133,100,99945,100,100224,100,99939,100,100253,100,99936,100
2019-06-28 09:43:00.000000000,100018,253,99992,253,100079,248,99991,248,100081,248,99984,248,100088,100,99968,100,100089,100,99963,100,100119,200,99962,100,100121,100,99953,100,100133,100,99945,100,100224,100,99939,100,100253,100,99936,100
2019-06-28 09:43:03.180349293,100018,253,99992,53,100079,248,99991,248,100081,248,99984,248,100088,100,99968,100,100089,100,99963,100,100119,200,99962,100,100121,100,99953,100,100133,100,99945,100,100224,100,99939,100,100253,100,99936,100
2019-06-28 09:43:10.000000000,100018,212,99991,212,100079,212,99984,212,100081,212,99968,212,100088,212,99963,212,100089,100,99962,100,100119,200,99953,100,100121,100,99945,100,100133,100,99939,100,100224,100,99936,100,100253,100,99930,100
2019-06-28 09:43:20.000000000,100018,550,99991,550,100079,100,99984,100,100081,100,99968,100,100088,100,99963,100,100089,100,99962,100,100119,200,99953,100,100121,100,99945,100,100133,100,99939,100,100224,100,99936,100,100253,100,99930,100
2019-06-28 09:43:23.942895094,100018,550,99991,450,100079,100,99984,100,100081,100,99968,100,100088,100,99963,100,100089,100,99962,100,100119,200,99953,100,100121,100,99945,100,100133,100,99939,100,100224,100,99936,100,100253,100,99930,100
2019-06-28 09:43:30.000000000,100018,550,99984,550,100079,100,99968,100,100081,100,99963,100,100088,100,99962,100,100089,100,99953,100,100119,200,99945,100,100121,100,99939,100,100133,100,99936,100,100224,100,99930,100,100253,100,99924,100
2019-06-28 09:43:36.591785323,100018,550,99984,450,100079,100,99968,100,100081,100,99963,100,100088,100,99962,100,100089,100,99953,100,100119,200,99945,100,100121,100,99939,100,100133,100,99936,100,100224,100,99930,100,100253,100,99924,100
2019-06-28 09:43:40.000000000,100018,190,99968,190,100079,190,99963,190,100081,190,99962,190,100088,190,99953,190,100089,190,99945,190,100119,200,99939,100,100121,100,99936,100,100133,100,99930,100,100224,100,99924,100,100253,100,99915,100
2019-06-28 09:43:41.751808332,100018,190,99968,90,100079,190,99963,190,100081,190,99962,190,100088,190,99953,190,100089,190,99945,190,100119,200,99939,100,100121,100,99936,100,100133,100,99930,100,100224,100,99915,100,100253,100,99896,100
2019-06-28 09:43:50.000000000,100018,253,99963,253,100079,248,99962,248,100081,248,99953,248,100088,100,99945,100,100089,100,99939,100,100119,200,99936,100,100121,100,99930,100,100133,100,99915,100,100224,100,99896,100,100253,100,99784,100
2019-06-28 09:43:52.379093326,100018,253,99963,253,100079,148,99962,248,100081,248,99953,248,100088,100,99945,100,100089,100,99939,100,100119,200,99936,100,100121,100,99930,100,100133,100,99915,100,100224,100,99896,100,100253,100,99784,100
2019-06-28 09:44:00.000000000,100018,550,99963,550,100081,100,99962,100,100088,100,99953,100,100089,100,99945,100,100119,200,99939,100,100121,100,99936,100,100133,100,99930,100,100224,100,99915,100,100253,100,99896,100,100290,100,99784,100
2019-06-28 09:44:10.000000000,100018,550,99963,550,100081,100,99962,100,100088,100,99953,100,100089,100,99945,100,100119,200,99939,100,100121,100,99936,100,100133,100,99930,100,100224,100,99915,100,100253,100,99896,100,100290,100,99784,100
2019-06-28 09:44:20.000000000,100018,212,99963,212,100081,212,99962,212,100088,212,99953,212,100089,212,99945,212,100119,200,99939,100,100121,100,99936,100,100133,100,99930,100,100224,100,99915,100,100253,100,99896,100,100290,100,99784,100
2019-06-28 09:44:28.484172350,99984,100,99963,212,100018,212,99962,212,100081,212,99953,212,100088,212,99945,212,100089,212,99939,100,100119,200,99936,100,100121,100,99930,100,100133,100,99915,100,100224,100,99896,100,100253,100,99784,100
2019-06-28 09:44:30.000000000,99984,212,99963,212,100018,212,99962,212,100081,212,99953,212,100088,212,99945,212,100089,100,99939,100,100119,200,99936,100,100121,100,99930,100,100133,100,99915,100,100224,100,99896,100,100253,100,99784,100
2019-06-28 09:44:35.712728435,99984,312,99963,212,100018,212,99962,212,100081,212,99953,212,100088,212,99945,212,100089,100,99939,100,100119,200,99936,100,100121,100,99930,100,100133,100,99915,100,100224,100,99896,100,100253,100,99784,100
2019-06-28 09:44:40.000000000,99984,312,99963,212,100018,212,99962,212,100081,212,99953,212,100088,212,99945,212,100089,100,99939,100,100119,200,99936,100,100121,100,99930,100,100133,100,99915,100,100224,100,99896,100,100253,100,99784,100
2019-06-28 09:44:46.616401447,99984,312,99963,112,100018,212,99962,212,100081,212,99953,212,100088,212,99945,212,100089,100,99939,100,100119,200,99936,100,100121,100,99930,100,100133,100,99896,100,100224,100,99784,100,100253,100,99775,100
2019-06-28 09:44:50.000000000,99984,312,99962,212,100018,212,99953,212,100081,212,99945,212,100088,212,99939,212,100089,100,99936,100,100119,200,99930,100,100121,100,99896,100,100133,100,99784,100,100224,100,99775,100,100253,100,99756,100
2019-06-28 09:44:50.376431230,99984,312,99962,112,100018,212,99953,212,100081,212,99945,212,100088,212,99939,212,100089,100,99936,100,100119,200,99930,100,100121,100,99896,100,100133,100,99784,100,100224,100,99775,100,100253,100,99756,100
2019-06-28 09:45:00.000000000,99984,425,99953,325,100018,325,99945,325,100081,100,99939,100,100088,100,99936,100,100089,100,99930,100,100119,200,99896,100,100121,100,99784,100,100133,100,99775,100,100224,100,99756,100,100253,100,99660,100
2019-06-28 09:45:10.000000000,99984,353,99953,253,100018,248,99945,248,100081,248,99939,248,100088,100,99936,100,100089,100,99930,100,100119,200,99896,100,100121,100,99784,100,100133,100,99775,100,100224,100,99756,100,100253,100,99660,100
2019-06-28 09:45:20.000000000,99984,312,99953,212,100018,212,99945,212,100081,212,99939,212,100088,212,99936,212,100089,100,99930,100,100119,200,99896,100,100121,100,99784,100,100133,100,99775,100,100224,100,99756,100,100253,100,99660,100
2019-06-28 09:45:30.000000000,99984,353,99953,253,100018,248,99945,248,100081,248,99939,248,100088,100,99936,100,100089,100,99930,100,100119,200,99896,100,100121,100,99784,100,100133,100,99775,100,100224,100,99756,100,100253,100,99660,100
2019-06-28 09:45:31.903514058,99984,353,99953,153,100018,248,99945,248,100081,248,99939,248,100088,100,99936,100,100089,100,99930,100,100119,200,99896,100,100121,100,99784,100,100133,100,99756,100,100224,100,99660,100,100253,100,,
2019-06-28 09:45:40.000000000,99984,425,99945,325,100018,325,99939,325,100081,100,99936,100,100088,100,99930,100,100089,100,99896,100,100119,200,99784,100,100121,100,99756,100,100133,100,99660,100,100224,100,,,100253,100,,
2019-06-28 09:45:50.000000000,99984,425,99945,325,100018,325,99939,325,100081,100,99936,100,100088,100,99930,100,100089,100,99896,100,100119,200,99784,100,100121,100,99756,100,100133,100,99660,100,100224,100,,,100253,100,,
2019-06-28 09:46:00.000000000,99984,650,99945,550,100018,100,99939,100,100081,100,99936,100,100088,100,99930,100,100089,100,99896,100,100119,200,99784,100,100121,100,99756,100,100133,100,99660,100,100224,100,,,100253,100,,
2019-06-28 09:46:06.177880774,99984,650,99945,450,100018,100,99939,100,100081,100,99936,100,100088,100,99930,100,100089,100,99896,100,100119,100,99784,100,100121,100,99756,100,100133,100,99660,100,100224,100,,,100253,100,,
2019-06-28 09:46:10.000000000,99984,650,99939,550,100018,100,99936,100,100081,100,99930,100,100088,100,99896,100,100089,100,99784,100,100119,100,99756,100,100121,100,99660,100,100133,100,,,100224,100,,,100253,100,,
2019-06-28 09:46:15.597737795,99984,650,99939,450,100018,100,99936,100,100081,100,99930,100,100088,100,99896,100,100089,100,99784,100,100119,100,99756,100,100121,100,99660,100,100133,100,,,100224,100,,,100253,100,,
2019-06-28 09:46:20.000000000,99984,650,99936,550,100018,100,99930,100,100081,100,99896,100,100088,100,99784,100,100089,100,99756,100,100119,100,99660,100,100121,100,,,100133,100,,,100224,100,,,100253,100,,
2019-06-28 09:46:22.757055884,99984,550,99936,550,100018,100,99930,100,100081,100,99896,100,100088,100,99784,100,100089,100,99756,100,100119,100,99660,100,100121,100,,,100133,100,,,100224,100,,,100253,100,,
2019-06-28 09:46:30.000000000,99984,190,99936,190,100018,190,99930,190,100081,190,99896,190,100088,190,99784,190,100089,190,99756,190,100119,100,99660,100,100121,100,,,100133,100,,,100224,100,,,100253,100,,
2019-06-28 09:46:40.000000000,99984,190,99936,190,100018,190,99930,190,100081,190,99896,190,100088,190,99784,190,100089,190,99756,190,100119,100,99660,100,100121,100,,,100133,100,,,100224,100,,,100253,100,,
2019-06-28 09:46:50.000000000,99984,550,99936,550,100018,100,99930,100,100081,100,99896,100,100088,100,99784,100,100089,100,99756,100,100119,100,99660,100,100121,100,,,100133,100,,,100224,100,,,100253,100,,
2019-06-28 09:47:00.000000000,99984,190,99936,190,100018,190,99930,190,100081,190,99896,190,100088,190,99784,190,100089,190,99756,190,100119,100,99660,100,100121,100,,,100133,100,,,100224,100,,,100253,100,,
2019-06-28 09:47:10.000000000,99984,212,99936,212,100018,212,99930,212,100081,212,99896,212,100088,212,99784,212,100089,100,99756,100,100119,100,99660,100,100121,100,,,100133,100,,,100224,100,,,100253,100,,
2019-06-28 09:47:20.000000000,99984,212,99936,212,100018,212,99930,212,100081,212,99896,212,100088,212,99784,212,100089,100,99756,100,100119,100,99660,100,100121,100,,,100133,100,,,100224,100,,,100253,100,,
2019-06-28 09:47:30.000000000,99984,325,99936,325,100018,325,99930,325,100081,100,99896,100,100088,100,99784,100,100089,100,99756,100,100119,100,99660,100,100121,100,,,100133,100,,,100224,100,,,100253,100,,
2019-06-28 09:47:31.666446673,99984,325,99936,225,100018,325,99930,325,100081,100,99896,100,100088,100,99784,100,100089,100,99756,100,100119,100,99660,100,100121,100,,,100133,100,,,100224,100,,,100253,100,,
2019-06-28 09:47:40.000000000,99984,212,99930,212,100018,212,99896,212,100081,212,99784,212,100088,212,99756,212,100089,100,99660,100,100119,100,,,100121,100,,,100133,100,,,100224,100,,,100253,100,,
2019-06-28 09:47:40.995554630,99984,212,99930,212,100018,212,99896,212,100081,212,99784,212,100088,212,99756,212,100089,100,99660,100,100119,100,98519,100,100121,100,,,100133,100,,,100224,100,,,100253,100,,
2019-06-28 09:47:50.000000000,99984,550,99930,550,100018,100,99896,100,100081,100,99784,100,100088,100,99756,100,100089,100,99660,100,100119,100,98519,100,100121,100,,,100133,100,,,100224,100,,,100253,100,,
2019-06-28 09:48:00.000000000,99984,325,99930,325,100018,325,99896,325,100081,100,99784,100,100088,100,99756,100,100089,100,99660,100,100119,100,98519,100,100121,100,,,100133,100,,,100224,100,,,100253,100,,
2019-06-28 09:48:10.000000000,99984,253,99930,253,100018,248,99896,248,100081,248,99784,248,100088,100,99756,100,100089,100,99660,100,100119,100,98519,100,100121,100,,,100133,100,,,100224,100,,,100253,100,,
2019-06-28 09:48:14.976434700,99984,253,99930,253,100018,248,99896,248,100081,248,99784,248,100089,100,99756,100,100119,100,99660,100,100121,100,99235,100,100133,100,98519,100,100224,100,,,100253,100,,,100290,100,,
2019-06-28 09:48:20.000000000,99984,253,99930,253,100018,248,99896,248,100081,248,99784,248,100089,100,99756,100,100119,100,99660,100,100121,100,99235,100,100133,100,98519,100,100224,100,,,100253,100,,,100290,100,,
2019-06-28 09:48:30.000000000,99984,253,99930,253,100018,248,99896,248,100081,248,99784,248,100089,100,99756,100,100119,100,99660,100,100121,100,99235,100,100133,100,98519,100,100224,100,,,100253,100,,,100290,100,,
2019-06-28 09:48:40.000000000,99984,212,99930,212,100018,212,99896,212,100081,212,99784,212,100089,212,99756,212,100119,100,99660,100,100121,100,99235,100,100133,100,98519,100,100224,100,,,100253,100,,,100290,100,,
2019-06-28 09:48:40.590363960,99984,212,99930,212,100018,212,99896,212,100081,212,99784,212,100089,212,99756,212,100119,100,99660,100,100121,100,99294,100,100133,100,99235,100,100224,100,98519,100,100253,100,,,100290,100,,
2019-06-28 09:48:47.591375481,99984,212,99930,112,100018,212,99896,212,100081,212,99784,212,100089,212,99756,212,100119,100,99660,100,100121,100,99294,100,100133,100,99235,100,100224,100,98519,100,100253,100,,,100290,100,,
2019-06-28 09:48:50.000000000,99984,212,99896,212,100018,212,99784,212,100081,212,99756,212,100089,212,99660,212,100119,100,99294,100,100121,100,99235,100,100133,100,98519,100,100224,100,,,100253,100,,,100290,100,,
2019-06-28 09:49:00.000000000,99984,253,99896,253,100018,248,99784,248,100081,248,99756,248,100089,100,99660,100,100119,100,99294,100,100121,100,99235,100,100133,100,98519,100,100224,100,,,100253,100,,,100290,100,,
2019-06-28 09:49:06.475135590,99984,253,99896,253,100018,248,99784,248,100081,248,99756,248,100089,100,99660,100,100119,100,99294,100,100121,100,99282,100,100133,100,99235,100,100224,100,98519,100,100253,100,,,100290,100,,
2019-06-28 09:49:10.000000000,99984,325,99896,325,100018,325,99784,325,100081,100,99756,100,100089,100,99660,100,100119,100,99294,100,100121,100,99282,100,100133,100,99235,100,100224,100,98519,100,100253,100,,,100290,100,,
2019-06-28 09:49:20.000000000,99984,190,99896,190,100018,190,99784,190,100081,190,99756,190,100089,190,99660,190,100119,190,99294,190,100121,100,99282,100,100133,100,99235,100,100224,100,98519,100,100253,100,,,100290,100,,
2019-06-28 09:49:21.452455399,99936,100,99896,190,99984,190,99784,190,100018,190,99756,190,100081,190,99660,190,100089,190,99294,190,100119,190,99282,100,100121,100,99235,100,100133,100,98519,100,100224,100,,,100253,100,,
2019-06-28 09:49:26.656345564,99936,100,99896,190,99984,190,99784,190,100018,190,99756,190,100081,190,99660,190,100089,190,99294,190,100119,190,99282,100,100121,100,99235,100,100133,100,99077,100,100224,100,,,100253,100,,
2019-06-28 09:49:30.000000000,99936,212,99896,212,99984,212,99784,212,100018,212,99756,212,100081,212,99660,212,100089,100,99294,100,100119,100,99282,100,100121,100,99235,100,100133,100,99077,100,100224,100,,,100253,100,,
2019-06-28 09:49:34.033033180,99936,212,99896,112,99984,212,99784,212,100018,212,99756,112,100081,212,99660,212,100089,100,99294,100,100119,100,99282,100,100121,100,99235,100,100133,100,99077,100,100224,100,,,100253,100,,
2019-06-28 09:49:40.000000000,99936,550,99784,550,99984,100,99660,100,100018,100,99294,100,100081,100,99282,100,100089,100,99235,100,100119,100,99077,100,100121,100,,,100133,100,,,100224,100,,,100253,100,,
2019-06-28 09:49:41.946332479,99930,100,99784,550,99936,550,99660,100,100018,100,99294,100,100081,100,99282,100,100089,100,99235,100,100119,100,99077,100,100121,100,,,100133,100,,,100224,100,,,100253,100,,
2019-06-28 09:49:50.000000000,99930,190,99784,190,99936,190,99660,190,100018,190,99294,190,100081,190,99282,190,100089,190,99235,190,100119,100,99077,100,100121,100,,,100133,100,,,100224,100,,,100253,100,,
2019-06-28 09:50:00.000000000,99930,190,99784,190,99936,190,99660,190,100018,190,99294,190,100081,190,99282,190,100089,190,99235,190,100119,100,99077,100,100121,100,,,100133,100,,,100224,100,,,100253,100,,
2019-06-28 09:50:10.000000000,99930,212,99784,212,99936,212,99660,212,100018,212,99294,212,100081,212,99282,212,100089,100,99235,100,100119,100,99077,100,100121,100,,,100133,100,,,100224,100,,,100253,100,,
2019-06-28 09:50:10.810359576,99930,212,99784,112,99936,212,99660,212,100018,212,99294,212,100081,212,99282,212,100089,100,99235,100,100119,100,99077,100,100121,100,,,100224,100,,,100253,100,,,100290,100,,
2019-06-28 09:50:20.000000000,99930,325,99660,325,99936,325,99294,325,100018,100,99282,100,100081,100,99235,100,100089,100,99077,100,100119,100,,,100121,100,,,100224,100,,,100253,100,,,100290,100,,
2019-06-28 09:50:30.000000000,99930,550,99660,550,99936,100,99294,100,100018,100,99282,100,100081,100,99235,100,100089,100,99077,100,100119,100,,,100121,100,,,100224,100,,,100253,100,,,100290,100,,
2019-06-28 09:50:37.793757318,99930,550,99660,550,99936,100,99294,100,100018,100,99282,100,100081,100,99235,100,100089,100,99077,100,100119,100,99066,100,100121,100,,,100224,100,,,100253,100,,,100290,100,,
2019-06-28 09:50:40.000000000,99930,190,99660,190,99936,190,99294,190,100018,190,99282,190,100081,190,99235,190,100089,190,99077,190,100119,100,99066,100,100121,100,,,100224,100,,,100253,100,,,100290,100,,
2019-06-28 09:50:50.000000000,99930,550,99660,550,99936,100,99294,100,100018,100,99282,100,100081,100,99235,100,100089,100,99077,100,100119,100,99066,100,100121,100,,,100224,100,,,100253,100,,,100290,100,,
2019-06-28 09:50:54.293345687,99930,550,99660,350,99936,100,99294,100,100018,100,99282,100,100081,100,99235,100,100089,100,99077,100,100119,100,99066,100,100121,100,,,100224,100,,,100253,100,,,100290,100,,
2019-06-28 09:50:57.250460258,99784,100,99660,350,99930,550,99294,100,99936,100,99282,100,100018,100,99235,100,100081,100,99077,100,100089,100,99066,100,100119,100,,,100121,100,,,100224,100,,,100253,100,,
2019-06-28 09:51:00.000000000,99784,212,99294,212,99930,212,99282,212,99936,212,99235,212,100018,212,99077,212,100081,100,99066,100,100089,100,,,100119,100,,,100121,100,,,100224,100,,,100253,100,,
2019-06-28 09:51:10.000000000,99784,325,99294,325,99930,325,99282,325,99936,100,99235,100,100018,100,99077,100,100081,100,99066,100,100089,100,,,100119,100,,,100121,100,,,100224,100,,,100253,100,,
2019-06-28 09:51:15.566528506,99784,425,99294,325,99930,325,99282,325,99936,100,99235,100,100018,100,99077,100,100081,100,99066,100,100089,100,,,100119,100,,,100121,100,,,100224,100,,,100253,100,,
2019-06-28 09:51:16.844443774,99784,425,99294,325,99930,325,99282,325,99936,100,99235,100,100018,100,99077,100,100081,100,99066,100,100089,100,98977,100,100119,100,,,100121,100,,,100224,100,,,100253,100,,
2019-06-28 09:51:20.000000000,99784,650,99294,550,99930,100,99282,100,99936,100,99235,100,100018,100,99077,100,100081,100,99066,100,100089,100,98977,100,100119,100,,,100121,100,,,100224,100,,,100253,100,,
2019-06-28 09:51:30.000000000,99784,425,99294,325,99930,325,99282,325,99936,100,99235,100,100018,100,99077,100,100081,100,99066,100,100089,100,98977,100,100119,100,,,100121,100,,,100224,100,,,100253,100,,
2019-06-28 09:51:40.000000000,99784,312,99294,212,99930,212,99282,212,99936,212,99235,212,100018,212,99077,212,100081,100,99066,100,100089,100,98977,100,100119,100,,,100121,100,,,100224,100,,,100253,100,,
2019-06-28 09:51:44.243421219,99784,312,99424,100,99930,212,99294,212,99936,212,99282,212,100018,212,99235,212,100081,100,99077,212,100089,100,98977,100,100119,100,,,100121,100,,,100224,100,,,100253,100,,
2019-06-28 09:51:46.879172952,99784,312,99424,100,99930,212,99355,100,99936,212,99294,212,100018,212,99282,212,100081,100,99235,212,100089,100,99077,212,100119,100,98977,100,100121,100,,,100224,100,,,100253,100,,
2019-06-28 09:51:49.405787855,99507,100,99424,100,99784,312,99355,100,99930,212,99294,212,99936,212,99282,212,100018,212,99235,212,100081,100,99077,212,100089,100,98977,100,100119,100,,,100121,100,,,100224,100,,
2019-06-28 09:51:50.000000000,99507,190,99424,190,99784,290,99355,190,99930,190,99294,190,99936,190,99282,190,100018,190,99235,190,100081,100,99077,100,100089,100,98977,100,100119,100,,,100121,100,,,100224,100,,
2019-06-28 09:51:53.805594101,99507,190,99424,190,99784,290,99378,100,99930,190,99355,190,99936,190,99294,190,100018,190,99282,190,100081,100,99235,190,100089,100,99077,100,100119,100,98977,100,100121,100,,,100224,100,,
2019-06-28 09:52:00.000000000,99507,190,99424,190,99784,290,99378,190,99930,190,99355,190,99936,190,99294,190,100018,190,99282,190,100081,100,99235,100,100089,100,99077,100,100119,100,98977,100,100121,100,,,100224,100,,
2019-06-28 09:52:10.000000000,99507,212,99424,212,99784,312,99378,212,99930,212,99355,212,99936,212,99294,212,100018,100,99282,100,100081,100,99235,100,100089,100,99077,100,100119,100,98977,100,100121,100,,,100224,100,,
2019-06-28 09:52:12.553680006,99466,100,99424,212,99507,212,99378,212,99784,312,99355,212,99930,212,99294,212,99936,212,99282,100,100018,100,99235,100,100081,100,99077,100,100089,100,98977,100,100119,100,,,100121,100,,
2019-06-28 09:52:20.000000000,99466,253,99424,253,99507,248,99378,248,99784,348,99355,248,99930,100,99294,100,99936,100,99282,100,100018,100,99235,100,100081,100,99077,100,100089,100,98977,100,100119,100,,,100121,100,,
2019-06-28 09:52:21.629939090,99466,153,99424,253,99507,248,99378,248,99784,348,99355,248,99930,100,99294,100,99936,100,99282,100,100018,100,99235,100,100081,100,99077,100,100089,100,98977,100,100119,100,,,100121,100,,
2019-06-28 09:52:22.140622725,99466,153,99424,253,99507,248,99378,248,99658,100,99355,148,99784,348,99294,100,99930,100,99282,100,99936,100,99235,100,100018,100,99077,100,100081,100,98977,100,100089,100,,,100119,100,,
2019-06-28 09:52:30.000000000,99507,190,99424,190,99658,190,99378,190,99784,290,99294,190,99930,190,99282,190,99936,190,99235,190,100018,100,99077,100,100081,100,98977,100,100089,100,,,100119,100,,,100121,100,,
2019-06-28 09:52:40.000000000,99507,550,99424,550,99658,100,99378,100,99784,200,99294,100,99930,100,99282,100,99936,100,99235,100,100018,100,99077,100,100081,100,98977,100,100089,100,,,100119,100,,,100121,100,,
2019-06-28 09:52:40.766342821,99507,450,99424,550,99658,100,99378,100,99784,200,99294,100,99930,100,99282,100,99936,100,99235,100,100018,100,99077,100,100081,100,98977,100,100089,100,,,100119,100,,,100121,100,,
2019-06-28 09:52:50.000000000,99658,253,99424,253,99784,348,99378,248,99930,248,99294,248,99936,100,99282,100,100018,100,99235,100,100081,100,99077,100,100089,100,98977,100,100119,100,,,100121,100,,,100224,100,,
2019-06-28 09:53:00.000000000,99658,253,99424,253,99784,348,99378,248,99930,248,99294,248,99936,100,99282,100,100018,100,99235,100,100081,100,99077,100,100089,100,98977,100,100119,100,,,100121,100,,,100224,100,,
2019-06-28 09:53:09.241151147,99658,253,99424,253,99784,348,99378,248,99930,248,99294,248,99936,100,99282,100,100018,100,99235,100,100081,100,99077,100,100089,100,98977,100,100095,100,,,100119,100,,,100121,100,,
2019-06-28 09:53:10.000000000,99658,190,99424,190,99784,290,99378,190,99930,190,99294,190,99936,190,99282,190,100018,190,99235,190,100081,100,99077,100,100089,100,98977,100,100095,100,,,100119,100,,,100121,100,,
2019-06-28 09:53:20.000000000,99658,325,99424,325,99784,425,99378,325,99930,100,99294,100,99936,100,99282,100,100018,100,99235,100,100081,100,99077,100,100089,100,98977,100,100095,100,,,100119,100,,,100121,100,,
2019-06-28 09:53:27.733866619,99658,325,99424,325,99784,425,99378,325,99820,100,99294,100,99930,100,99282,100,99936,100,99235,100,100018,100,99077,100,100081,100,98977,100,100089,100,,,100095,100,,,100119,100,,
2019-06-28 09:53:28.201298419,99658,325,99466,100,99784,425,99424,325,99820,100,99378,325,99930,100,99294,100,99936,100,99282,100,100018,100,99235,100,100081,100,99077,100,100089,100,98977,100,100095,100,,,100119,100,,
2019-06-28 09:53:30.000000000,99658,550,99466,550,99784,200,99424,100,99820,100,99378,100,99930,100,99294,100,99936,100,99282,100,100018,100,99235,100,100081,100,99077,100,100089,100,98977,100,100095,100,,,100119,100,,
2019-06-28 09:53:34.787324035,99560,100,99466,550,99658,550,99424,100,99784,200,99378,100,99820,100,99294,100,99930,100,99282,100,99936,100,99235,100,100018,100,99077,100,100081,100,98977,100,100089,100,,,100095,100,,
2019-06-28 09:53:40.000000000,99560,325,99466,325,99658,325,99424,325,99784,200,99378,100,99820,100,99294,100,99930,100,99282,100,99936,100,99235,100,100018,100,99077,100,100081,100,98977,100,100089,100,,,100095,100,,
2019-06-28 09:53:50.000000000,99560,190,99466,190,99658,190,99424,190,99784,290,99378,190,99820,190,99294,190,99930,190,99282,190,99936,100,99235,100,100018,100,99077,100,100081,100,98977,100,100089,100,,,100095,100,,
2019-06-28 09:53:56.242772201,99560,190,99466,190,99658,190,99424,190,99784,290,99378,190,99820,190,99294,190,99930,190,99282,190,99936,100,99235,100,100018,100,99077,100,100081,100,98977,100,100089,100,98513,100,100095,100,,
2019-06-28 09:54:00.000000000,99560,253,99466,253,99658,248,99424,248,99784,348,99378,248,99820,100,99294,100,99930,100,99282,100,99936,100,99235,100,100018,100,99077,100,100081,100,98977,100,100089,100,98513,100,100095,100,,
2019-06-28 09:54:10.000000000,99560,253,99466,253,99658,248,99424,248,99784,348,99378,248,99820,100,99294,100,99930,100,99282,100,99936,100,99235,100,100018,100,99077,100,100081,100,98977,100,100089,100,98513,100,100095,100,,
2019-06-28 09:54:20.000000000,99560,190,99466,190,99658,190,99424,190,99784,290,99378,190,99820,190,99294,190,99930,190,99282,190,99936,100,99235,100,100018,100,99077,100,100081,100,98977,100,100089,100,98513,100,100095,100,,
2019-06-28 09:54:30.000000000,99560,212,99466,212,99658,212,99424,212,99784,312,99378,212,99820,212,99294,212,99930,100,99282,100,99936,100,99235,100,100018,100,99077,100,100081,100,98977,100,100089,100,98513,100,100095,100,,
2019-06-28 09:54:33.726576187,99560,212,99466,112,99658,212,99424,212,99784,312,99378,212,99820,212,99294,212,99930,100,99282,100,99936,100,99235,100,100018,100,99077,100,100081,100,98977,100,100089,100,98513,100,100095,100,,
2019-06-28 09:54:40.000000000,99560,190,99424,190,99658,190,99378,190,99784,290,99294,190,99820,190,99282,190,99930,190,99235,190,99936,100,99077,100,100018,100,98977,100,100081,100,98513,100,100089,100,,,100095,100,,
2019-06-28 09:54:46.615109759,99560,190,99424,90,99658,90,99378,190,99784,290,99294,190,99820,190,99282,190,99930,190,99235,190,99936,100,99077,100,100018,100,98977,100,100081,100,98513,100,100089,100,,,100095,100,,
2019-06-28 09:54:47.181423698,99466,100,99424,90,99560,190,99378,190,99658,90,99294,190,99784,190,99282,190,99820,190,99235,190,99930,190,99077,100,99936,100,98977,100,100018,100,98513,100,100081,100,,,100089,100,,
2019-06-28 09:54:48.151605733,99466,200,99424,90,99560,190,99378,190,99658,90,99294,190,99784,190,99282,190,99820,190,99235,190,99930,190,99077,100,99936,100,98977,100,100018,100,98513,100,100081,100,,,100089,100,,
2019-06-28 09:54:50.000000000,99466,312,99378,212,99560,212,99294,212,99784,212,99282,212,99820,212,99235,212,99930,100,99077,100,99936,100,98977,100,100018,100,98513,100,100081,100,,,100089,100,,,100095,100,,
2019-06-28 09:55:00.000000000,99466,650,99378,550,99560,100,99294,100,99784,100,99282,100,99820,100,99235,100,99930,100,99077,100,99936,100,98977,100,100018,100,98513,100,100081,100,,,100089,100,,,100095,100,,
2019-06-28 09:55:10.000000000,99466,353,99378,253,99560,248,99294,248,99784,248,99282,248,99820,100,99235,100,99930,100,99077,100,99936,100,98977,100,100018,100,98513,100,100081,100,,,100089,100,,,100095,100,,
2019-06-28 09:55:20.000000000,99466,312,99378,212,99560,212,99294,212,99784,212,99282,212,99820,212,99235,212,99930,100,99077,100,99936,100,98977,100,100018,100,98513,100,100081,100,,,100089,100,,,100095,100,,
2019-06-28 09:55:30.000000000,99466,353,99378,253,99560,248,99294,248,99784,248,99282,248,99820,100,99235,100,99930,100,99077,100,99936,100,98977,100,100018,100,98513,100,100081,100,,,100089,100,,,100095,100,,
2019-06-28 09:55:39.065964285,99466,353,99378,253,99560,248,99294,248,99646,100,99282,248,99784,248,99235,100,99820,100,99077,100,99930,100,98977,100,99936,100,98513,100,100018,100,,,100081,100,,,100089,100,,
2019-06-28 09:55:40.000000000,99466,312,99378,212,99560,212,99294,212,99646,212,99282,212,99784,212,99235,212,99820,100,99077,100,99930,100,98977,100,99936,100,98513,100,100018,100,,,100081,100,,,100089,100,,
2019-06-28 09:55:49.816324130,99466,312,99378,212,99560,212,99294,212,99646,212,99282,212,99700,100,99235,212,99784,212,99077,100,99820,100,98977,100,99930,100,98513,100,99936,100,,,100018,100,,,100081,100,,
2019-06-28 09:55:50.000000000,99466,425,99378,325,99560,325,99294,325,99646,100,99282,100,99700,100,99235,100,99784,100,99077,100,99820,100,98977,100,99930,100,98513,100,99936,100,,,100018,100,,,100081,100,,
2019-06-28 09:56:00.000000000,99466,353,99378,253,99560,248,99294,248,99646,248,99282,248,99700,100,99235,100,99784,100,99077,100,99820,100,98977,100,99930,100,98513,100,99936,100,,,100018,100,,,100081,100,,
2019-06-28 09:56:10.000000000,99466,353,99378,253,99560,248,99294,248,99646,248,99282,248,99700,100,99235,100,99784,100,99077,100,99820,100,98977,100,99930,100,98513,100,99936,100,,,100018,100,,,100081,100,,
2019-06-28 09:56:15.718287308,99466,253,99378,253,99560,248,99294,248,99646,248,99282,248,99700,100,99235,100,99784,100,99077,100,99820,100,98977,100,99930,100,98513,100,99936,100,,,100018,100,,,100081,100,,
2019-06-28 09:56:20.000000000,99466,190,99378,190,99560,190,99294,190,99646,190,99282,190,99700,190,99235,190,99784,190,99077,190,99820,100,98977,100,99930,100,98513,100,99936,100,,,100018,100,,,100081,100,,
2019-06-28 09:56:30.000000000,99466,190,99378,190,99560,190,99294,190,99646,190,99282,190,99700,190,99235,190,99784,190,99077,190,99820,100,98977,100,99930,100,98513,100,99936,100,,,100018,100,,,100081,100,,
2019-06-28 09:56:40.000000000,99466,212,99378,212,99560,212,99294,212,99646,212,99282,212,99700,212,99235,212,99784,100,99077,100,99820,100,98977,100,99930,100,98513,100,99936,100,,,100018,100,,,100081,100,,
2019-06-28 09:56:47.224688708,99466,112,99378,212,99560,212,99294,212,99646,212,99282,212,99700,212,99235,212,99784,100,99077,100,99820,100,98977,100,99930,100,98513,100,99936,100,,,100018,100,,,100081,100,,
2019-06-28 09:56:50.000000000,99560,550,99378,550,99646,100,99294,100,99700,100,99282,100,99784,100,99235,100,99820,100,99077,100,99930,100,98977,100,99936,100,98513,100,100018,100,,,100081,100,,,100095,100,,
2019-06-28 09:57:00.000000000,99560,325,99378,325,99646,325,99294,325,99700,100,99282,100,99784,100,99235,100,99820,100,99077,100,99930,100,98977,100,99936,100,98513,100,100018,100,,,100081,100,,,100095,100,,
2019-06-28 09:57:10.000000000,99560,550,99378,550,99646,100,99294,100,99700,100,99282,100,99784,100,99235,100,99820,100,99077,100,99930,100,98977,100,99936,100,98513,100,100018,100,,,100081,100,,,100095,100,,
2019-06-28 09:57:20.000000000,99560,253,99378,253,99646,248,99294,248,99700,248,99282,248,99784,100,99235,100,99820,100,99077,100,99930,100,98977,100,99936,100,98513,100,100018,100,,,100081,100,,,100095,100,,
2019-06-28 09:57:24.008183944,99560,253,99378,253,99646,248,99294,248,99700,248,99282,248,99784,100,99235,100,99820,100,99077,100,99930,100,98977,100,99936,100,98513,100,100018,100,,,100081,100,,,100095,100,,
2019-06-28 09:57:29.339056614,99560,153,99378,253,99646,248,99294,248,99700,248,99282,248,99784,100,99235,100,99820,100,99077,100,99930,100,98977,100,99936,100,98513,100,100018,100,,,100081,100,,,100095,100,,
2019-06-28 09:57:30.000000000,99646,212,99378,212,99700,212,99294,212,99784,212,99282,212,99820,212,99235,212,99930,100,99077,100,99936,100,98977,100,100018,100,98513,100,100081,100,,,100095,100,,,100119,100,,
2019-06-28 09:57:40.000000000,99646,253,99378,253,99700,248,99294,248,99784,248,99282,248,99820,100,99235,100,99930,100,99077,100,99936,100,98977,100,100018,100,98513,100,100081,100,,,100095,100,,,100119,100,,
2019-06-28 09:57:50.000000000,99646,190,99378,190,99700,190,99294,190,99784,190,99282,190,99820,190,99235,190,99930,190,99077,190,99936,100,98977,100,100018,100,98513,100,100081,100,,,100095,100,,,100119,100,,
2019-06-28 09:57:57.307453941,99646,190,99378,190,99700,190,99294,190,99777,100,99282,190,99784,190,99235,190,99820,190,99077,190,99930,190,98977,100,99936,100,98513,100,100018,100,,,100081,100,,,100095,100,,
2019-06-28 09:57:59.248948890,99646,90,99378,190,99700,190,99294,190,99777,100,99282,190,99784,190,99235,190,99820,190,99077,190,99930,190,98977,100,99936,100,98513,100,100018,100,,,100081,100,,,100095,100,,
2019-06-28 09:58:00.000000000,99700,550,99378,550,99777,100,99294,100,99784,100,99282,100,99820,100,99235,100,99930,100,99077,100,99936,100,98977,100,100018,100,98513,100,100081,100,,,100095,100,,,100119,100,,
2019-06-28 09:58:08.793795035,99700,550,99653,100,99777,100,99378,550,99784,100,99294,100,99820,100,99282,100,99930,100,99235,100,99936,100,99077,100,100018,100,98977,100,100081,100,98513,100,100095,100,,,100119,100,,
2019-06-28 09:58:10.000000000,99700,253,99653,253,99777,248,99378,248,99784,248,99294,248,99820,100,99282,100,99930,100,99235,100,99936,100,99077,100,100018,100,98977,100,100081,100,98513,100,100095,100,,,100119,100,,
2019-06-28 09:58:20.000000000,99700,325,99653,325,99777,325,99378,325,99784,100,99294,100,99820,100,99282,100,99930,100,99235,100,99936,100,99077,100,100018,100,98977,100,100081,100,98513,100,100095,100,,,100119,100,,
2019-06-28 09:58:30.000000000,99700,190,99653,190,99777,190,99378,190,99784,190,99294,190,99820,190,99282,190,99930,190,99235,190,99936,100,99077,100,100018,100,98977,100,100081,100,98513,100,100095,100,,,100119,100,,
2019-06-28 09:58:40.000000000,99700,190,99653,190,99777,190,99378,190,99784,190,99294,190,99820,190,99282,190,99930,190,99235,190,99936,100,99077,100,100018,100,98977,100,100081,100,98513,100,100095,100,,,100119,100,,
2019-06-28 09:58:40.261583426,99700,190,99653,190,99777,190,99378,190,99784,190,99298,100,99820,190,99294,190,99930,190,99282,190,99936,100,99235,190,100018,100,99077,100,100081,100,98977,100,100095,100,98513,100,100119,100,,
2019-06-28 09:58:50.000000000,99700,325,99653,325,99777,325,99378,325,99784,100,99298,100,99820,100,99294,100,99930,100,99282,100,99936,100,99235,100,100018,100,99077,100,100081,100,98977,100,100095,100,98513,100,100119,100,,
2019-06-28 09:58:52.903612211,99700,325,99653,325,99777,325,99547,100,99784,100,99378,325,99820,100,99298,100,99930,100,99294,100,99936,100,99282,100,100018,100,99235,100,100081,100,99077,100,100095,100,98977,100,100119,100,98513,100
2019-06-28 09:59:00.000000000,99700,325,99653,325,99777,325,99547,325,99784,100,99378,100,99820,100,99298,100,99930,100,99294,100,99936,100,99282,100,100018,100,99235,100,100081,100,99077,100,100095,100,98977,100,100119,100,98513,100
2019-06-28 09:59:10.000000000,99700,325,99653,325,99777,325,99547,325,99784,100,99378,100,99820,100,99298,100,99930,100,99294,100,99936,100,99282,100,100018,100,99235,100,100081,100,99077,100,100095,100,98977,100,100119,100,98513,100
2019-06-28 09:59:14.929388031,99700,325,99653,325,99777,325,99547,325,99820,100,99378,100,99930,100,99298,100,99936,100,99294,100,100018,100,99282,100,100081,100,99235,100,100095,100,99077,100,100119,100,98977,100,100121,100,98513,100
2019-06-28 09:59:15.763393480,99700,325,99653,325,99777,325,99564,100,99820,100,99547,325,99930,100,99378,100,99936,100,99298,100,100018,100,99294,100,100081,100,99282,100,100095,100,99235,100,100119,100,99077,100,100121,100,98977,100
2019-06-28 09:59:20.000000000,99700,212,99653,212,99777,212,99564,212,99820,212,99547,212,99930,212,99378,212,99936,100,99298,100,100018,100,99294,100,100081,100,99282,100,100095,100,99235,100,100119,100,99077,100,100121,100,98977,100
2019-06-28 09:59:30.000000000,99700,212,99653,212,99777,212,99564,212,99820,212,99547,212,99930,212,99378,212,99936,100,99298,100,100018,100,99294,100,100081,100,99282,100,100095,100,99235,100,100119,100,99077,100,100121,100,98977,100
2019-06-28 09:59:40.000000000,99700,212,99653,212,99777,212,99564,212,99820,212,99547,212,99930,212,99378,212,99936,100,99298,100,100018,100,99294,100,100081,100,99282,100,100095,100,99235,100,100119,100,99077,100,100121,100,98977,100
2019-06-28 09:59:43.650662163,99700,212,99653,212,99777,212,99564,212,99820,212,99560,100,99930,212,99547,212,99936,100,99378,212,100018,100,99298,100,100081,100,99294,100,100095,100,99282,100,100119,100,99235,100,100121,100,99077,100
2019-06-28 09:59:50.000000000,99700,325,99653,325,99777,325,99564,325,99820,100,99560,100,99930,100,99547,100,99936,100,99378,100,100018,100,99298,100,100081,100,99294,100,100095,100,99282,100,100119,100,99235,100,100121,100,99077,100
2019-06-28 10:00:00.000000000,99700,253,99653,253,99777,248,99564,248,99820,248,99560,248,99930,100,99547,100,99936,100,99378,100,100018,100,99298,100,100081,100,99294,100,100095,100,99282,100,100119,100,99235,100,100121,100,99077,100
2019-06-28 10:00:04.324438024,99700,153,99653,253,99777,248,99564,248,99820,248,99560,248,99930,100,99547,100,99936,100,99378,100,100018,100,99298,100,100081,100,99294,100,100095,100,99282,100,100119,100,99235,100,100121,100,99077,100
2019-06-28 10:00:09.042867465,99700,153,99653,253,99777,248,99629,100,99820,248,99564,248,99930,100,99560,248,99936,100,99547,100,100018,100,99378,100,100081,100,99298,100,100095,100,99294,100,100119,100,99282,100,100121,100,99235,100
2019-06-28 10:00:10.000000000,99777,212,99653,212,99820,212,99629,212,99930,212,99564,212,99936,212,99560,212,100018,100,99547,100,100081,100,99378,100,100095,100,99298,100,100119,100,99294,100,100121,100,99282,100,100237,100,99235,100
2019-06-28 10:00:14.753110897,99661,100,99653,212,99777,212,99629,212,99820,212,99564,212,99930,212,99560,212,99936,212,99547,100,100018,100,99378,100,100081,100,99298,100,100095,100,99294,100,100119,100,99282,100,100121,100,99235,100
2019-06-28 10:00:17.849259393,99661,100,99653,212,99777,112,99629,212,99786,100,99564,212,99820,212,99560,212,99930,212,99547,100,99936,212,99378,100,100018,100,99298,100,100081,100,99294,100,100095,100,99282,100,100119,100,99235,100
2019-06-28 10:00:20.000000000,99661,212,99653,212,99786,212,99629,212,99820,212,99564,212,99930,212,99560,212,99936,100,99547,100,100018,100,99378,100,100081,100,99298,100,100095,100,99294,100,100119,100,99282,100,100121,100,99235,100
2019-06-28 10:00:30.000000000,99661,550,99653,550,99786,100,99629,100,99820,100,99564,100,99930,100,99560,100,99936,100,99547,100,100018,100,99378,100,100081,100,99298,100,100095,100,99294,100,100119,100,99282,100,100121,100,99235,100
2019-06-28 10:00:40.000000000,99661,190,99653,190,99786,190,99629,190,99820,190,99564,190,99930,190,99560,190,99936,190,99547,190,100018,100,99378,100,100081,100,99298,100,100095,100,99294,100,100119,100,99282,100,100121,100,99235,100
2019-06-28 10:00:47.325477423,99661,190,99654,100,99786,190,99653,190,99820,190,99629,190,99930,190,99564,190,99936,190,99560,190,100018,100,99547,190,100081,100,99378,100,100095,100,99298,100,100119,100,99294,100,100121,100,99282,100
2019-06-28 10:00:50.000000000,99661,550,99654,550,99786,100,99653,100,99820,100,99629,100,99930,100,99564,100,99936,100,99560,100,100018,100,99547,100,100081,100,99378,100,100095,100,99298,100,100119,100,99294,100,100121,100,99282,100
2019-06-28 10:00:51.050429351,99661,550,99654,550,99786,100,99653,100,99820,100,99629,100,99930,100,99564,100,99936,100,99560,100,100018,100,99536,100,100081,100,99378,100,100095,100,99298,100,100119,100,99294,100,100121,100,99282,100
2019-06-28 10:01:00.000000000,99661,190,99654,190,99786,190,99653,190,99820,190,99629,190,99930,190,99564,190,99936,190,99560,190,100018,100,99536,100,100081,100,99378,100,100095,100,99298,100,100119,100,99294,100,100121,100,99282,100
2019-06-28 10:01:10.000000000,99661,190,99654,190,99786,190,99653,190,99820,190,99629,190,99930,190,99564,190,99936,190,99560,190,100018,100,99536,100,100081,100,99378,100,100095,100,99298,100,100119,100,99294,100,100121,100,99282,100
2019-06-28 10:01:11.495979302,99661,90,99654,190,99786,190,99653,190,99820,190,99629,190,99930,190,99564,190,99936,190,99560,190,100018,100,99536,100,100081,100,99378,100,100095,100,99298,100,100119,100,99294,100,100121,100,99282,100
2019-06-28 10:01:20.000000000,99786,550,99654,550,99820,100,99653,100,99930,100,99629,100,99936,100,99564,100,100018,100,99560,100,100081,100,99536,100,100095,100,99378,100,100119,100,99298,100,100121,100,99294,100,100237,100,99282,100
2019-06-28 10:01:30.000000000,99786,325,99654,325,99820,325,99653,325,99930,100,99629,100,99936,100,99564,100,100018,100,99560,100,100081,100,99536,100,100095,100,99378,100,100119,100,99298,100,100121,100,99294,100,100237,100,99282,100
2019-06-28 10:01:40.000000000,99786,550,99654,550,99820,100,99653,100,99930,100,99629,100,99936,100,99564,100,100018,100,99560,100,100081,100,99536,100,100095,100,99378,100,100119,100,99298,100,100121,100,99294,100,100237,100,99282,100
2019-06-28 10:01:50.000000000,99786,212,99654,212,99820,212,99653,212,99930,212,99629,212,99936,212,99564,212,100018,100,99560,100,100081,100,99536,100,100095,100,99378,100,100119,100,99298,100,100121,100,99294,100,100237,100,99282,100
2019-06-28 10:02:00.000000000,99786,325,99654,325,99820,325,99653,325,99930,100,99629,100,99936,100,99564,100,100018,100,99560,100,100081,100,99536,100,100095,100,99378,100,100119,100,99298,100,100121,100,99294,100,100237,100,99282,100
2019-06-28 10:02:10.000000000,99786,190,99654,190,99820,190,99653,190,99930,190,99629,190,99936,190,99564,190,100018,190,99560,190,100081,100,99536,100,100095,100,99378,100,100119,100,99298,100,100121,100,99294,100,100237,100,99282,100
2019-06-28 10:02:20.000000000,99786,325,99654,325,99820,325,99653,325,99930,100,99629,100,99936,100,99564,100,100018,100,99560,100,100081,100,99536,100,100095,100,99378,100,100119,100,99298,100,100121,100,99294,100,100237,100,99282,100
2019-06-28 10:02:30.000000000,99786,212,99654,212,99820,212,99653,212,99930,212,99629,212,99936,212,99564,212,100018,100,99560,100,100081,100,99536,100,100095,100,99378,100,100119,100,99298,100,100121,100,99294,100,100237,100,99282,100
2019-06-28 10:02:40.000000000,99786,550,99654,550,99820,100,99653,100,99930,100,99629,100,99936,100,99564,100,100018,100,99560,100,100081,100,99536,100,100095,100,99378,100,100119,100,99298,100,100121,100,99294,100,100237,100,99282,100
2019-06-28 10:02:42.615678570,99786,550,99654,550,99820,100,99653,100,99849,100,99629,100,99930,100,99564,100,99936,100,99560,100,100018,100,99536,100,100081,100,99378,100,100095,100,99298,100,100119,100,99294,100,100121,100,99282,100
2019-06-28 10:02:47.580568942,99786,450,99654,550,99820,100,99653,100,99849,100,99629,100,99930,100,99564,100,99936,100,99560,100,100018,100,99536,100,100081,100,99378,100,100095,100,99298,100,100119,100,99294,100,100121,100,99282,100
2019-06-28 10:02:47.884788002,99786,450,99654,550,99820,100,99653,100,99825,100,99629,100,99849,100,99564,100,99930,100,99560,100,99936,100,99536,100,100018,100,99378,100,100081,100,99298,100,100095,100,99294,100,100119,100,99282,100
2019-06-28 10:02:48.887296583,99786,450,99747,100,99820,100,99654,550,99825,100,99653,100,99849,100,99629,100,99930,100,99564,100,99936,100,99560,100,100018,100,99536,100,100081,100,99378,100,100095,100,99298,100,100119,100,99294,100
2019-06-28 10:02:50.000000000,99820,253,99747,253,99825,248,99654,248,99849,248,99653,248,99930,100,99629,100,99936,100,99564,100,100018,100,99560,100,100081,100,99536,100,100095,100,99378,100,100119,100,99298,100,100121,100,99294,100
2019-06-28 10:03:00.000000000,99820,325,99747,325,99825,325,99654,325,99849,100,99653,100,99930,100,99629,100,99936,100,99564,100,100018,100,99560,100,100081,100,99536,100,100095,100,99378,100,100119,100,99298,100,100121,100,99294,100
2019-06-28 10:03:08.184469408,99820,225,99747,325,99825,325,99654,325,99849,100,99653,100,99930,100,99629,100,99936,100,99564,100,100018,100,99560,100,100081,100,99536,100,100095,100,99378,100,100119,100,99298,100,100121,100,99294,100
2019-06-28 10:03:10.000000000,99825,253,99747,253,99849,248,99654,248,99930,248,99653,248,99936,100,99629,100,100018,100,99564,100,100081,100,99560,100,100095,100,99536,100,100119,100,99378,100,100121,100,99298,100,100237,100,99294,100
2019-06-28 10:03:20.000000000,99825,212,99747,212,99849,212,99654,212,99930,212,99653,212,99936,212,99629,212,100018,100,99564,100,100081,100,99560,100,100095,100,99536,100,100119,100,99378,100,100121,100,99298,100,100237,100,99294,100
2019-06-28 10:03:30.000000000,99825,550,99747,550,99849,100,99654,100,99930,100,99653,100,99936,100,99629,100,100018,100,99564,100,100081,100,99560,100,100095,100,99536,100,100119,100,99378,100,100121,100,99298,100,100237,100,99294,100
2019-06-28 10:03:35.946461585,99825,550,99747,550,99849,100,99654,100,99930,100,99653,100,99936,100,99629,100,100018,100,99564,100,100081,100,99560,100,100095,100,99536,100,100119,100,99378,100,100121,100,99298,100,100237,100,99294,100
2019-06-28 10:03:40.000000000,99825,253,99747,253,99849,248,99654,248,99930,248,99653,248,99936,100,99629,100,100018,100,99564,100,100081,100,99560,100,100095,100,99536,100,100119,100,99378,100,100121,100,99298,100,100237,100,99294,100
2019-06-28 10:03:50.000000000,99825,253,99747,253,99849,248,99654,248,99930,248,99653,248,99936,100,99629,100,100018,100,99564,100,100081,100,99560,100,100095,100,99536,100,100119,100,99378,100,100121,100,99298,100,100237,100,99294,100
2019-06-28 10:04:00.000000000,99825,550,99747,550,99849,100,99654,100,99930,100,99653,100,99936,100,99629,100,100018,100,99564,100,100081,100,99560,100,100095,100,99536,100,100119,100,99378,100,100121,100,99298,100,100237,100,99294,100
2019-06-28 10:04:10.000000000,99825,190,99747,190,99849,190,99654,190,99930,190,99653,190,99936,190,99629,190,100018,190,99564,190,100081,100,99560,100,100095,100,99536,100,100119,100,99378,100,100121,100,99298,100,100237,100,99294,100
2019-06-28 10:04:12.701842002,99825,190,99747,190,99849,190,99654,190,99930,190,99653,190,99936,90,99629,190,100018,190,99564,190,100081,100,99560,100,100095,100,99536,100,100119,100,99378,100,100121,100,99298,100,100237,100,99294,100
2019-06-28 10:04:20.000000000,99825,550,99747,550,99849,100,99654,100,99930,100,99653,100,100018,100,99629,100,100081,100,99564,100,100095,100,99560,100,100119,100,99536,100,100121,100,99378,100,100237,100,99298,100,100421,100,99294,100
2019-06-28 10:04:30.000000000,99825,212,99747,212,99849,212,99654,212,99930,212,99653,212,100018,212,99629,212,100081,100,99564,100,100095,100,99560,100,100119,100,99536,100,100121,100,99378,100,100237,100,99298,100,100421,100,99294,100
2019-06-28 10:04:40.000000000,99825,325,99747,325,99849,325,99654,325,99930,100,99653,100,100018,100,99629,100,100081,100,99564,100,100095,100,99560,100,100119,100,99536,100,100121,100,99378,100,100237,100,99298,100,100421,100,99294,100
2019-06-28 10:04:50.000000000,99825,550,99747,550,99849,100,99654,100,99930,100,99653,100,100018,100,99629,100,100081,100,99564,100,100095,100,99560,100,100119,100,99536,100,100121,100,99378,100,100237,100,99298,100,100421,100,99294,100
2019-06-28 10:05:00.000000000,99825,190,99747,190,99849,190,99654,190,99930,190,99653,190,100018,190,99629,190,100081,190,99564,190,100095,100,99560,100,100119,100,99536,100,100121,100,99378,100,100237,100,99298,100,100421,100,99294,100
2019-06-28 10:05:04.764642419,99785,100,99747,190,99825,190,99654,190,99849,190,99653,190,99930,190,99629,190,100018,190,99564,190,100081,190,99536,100,100095,100,99378,100,100119,100,99298,100,100121,100,99294,100,100237,100,99282,100
2019-06-28 10:05:07.779583227,99785,100,99747,190,99825,190,99654,190,99849,190,99653,190,99930,190,99629,190,100018,190,99564,190,100081,190,99536,100,100095,100,99443,100,100119,100,99378,100,100121,100,99298,100,100237,100,99294,100
2019-06-28 10:05:10.000000000,99785,190,99747,190,99825,190,99654,190,99849,190,99653,190,99930,190,99629,190,100018,190,99564,190,100081,100,99536,100,100095,100,99443,100,100119,100,99378,100,100121,100,99298,100,100237,100,99294,100
2019-06-28 10:05:20.000000000,99785,253,99747,253,99825,248,99654,248,99849,248,99653,248,99930,100,99629,100,100018,100,99564,100,100081,100,99536,100,100095,100,99443,100,100119,100,99378,100,100121,100,99298,100,100237,100,99294,100
2019-06-28 10:05:28.134108257,99785,253,99747,153,99825,248,99654,248,99849,248,99653,248,99930,100,99629,100,100018,100,99564,100,100081,100,99536,100,100095,100,99443,100,100119,100,99378,100,100121,100,99298,100,100237,100,99294,100
2019-06-28 10:05:30.000000000,99785,253,99654,253,99825,248,99653,248,99849,248,99629,248,99930,100,99564,100,100018,100,99536,100,100081,100,99443,100,100095,100,99378,100,100119,100,99298,100,100121,100,99294,100,100237,100,99282,100
2019-06-28 10:05:37.883004693,99785,253,99654,253,99825,248,99653,248,99849,248,99629,248,99930,100,99564,100,100018,100,99536,100,100081,100,99443,100,100095,100,99378,100,100119,100,99298,100,100121,100,99294,100,100237,100,99282,100
2019-06-28 10:05:40.000000000,99785,325,99654,325,99825,325,99653,325,99849,100,99629,100,99930,100,99564,100,100018,100,99536,100,100081,100,99443,100,100095,100,99378,100,100119,100,99298,100,100121,100,99294,100,100237,100,99282,100
2019-06-28 10:05:50.000000000,99785,190,99654,190,99825,190,99653,190,99849,190,99629,190,99930,190,99564,190,100018,190,99536,190,100081,100,99443,100,100095,100,99378,100,100119,100,99298,100,100121,100,99294,100,100237,100,99282,100
2019-06-28 10:06:00.000000000,99785,212,99654,212,99825,212,99653,212,99849,212,99629,212,99930,212,99564,212,100018,100,99536,100,100081,100,99443,100,100095,100,99378,100,100119,100,99298,100,100121,100,99294,100,100237,100,99282,100
2019-06-28 10:06:10.000000000,99785,550,99654,550,99825,100,99653,100,99849,100,99629,100,99930,100,99564,100,100018,100,99536,100,100081,100,99443,100,100095,100,99378,100,100119,100,99298,100,100121,100,99294,100,100237,100,99282,100
2019-06-28 10:06:20.000000000,99785,550,99654,550,99825,100,99653,100,99849,100,99629,100,99930,100,99564,100,100018,100,99536,100,100081,100,99443,100,100095,100,99378,100,100119,100,99298,100,100121,100,99294,100,100237,100,99282,100
2019-06-28 10:06:25.920080376,99785,550,99654,550,99825,100,99653,100,99849,100,99629,100,99930,100,99564,100,99940,100,99536,100,100018,100,99443,100,100081,100,99378,100,100095,100,99298,100,100119,100,99294,100,100121,100,99282,100
2019-06-28 10:06:30.000000000,99785,212,99654,212,99825,212,99653,212,99849,212,99629,212,99930,212,99564,212,99940,100,99536,100,100018,100,99443,100,100081,100,99378,100,100095,100,99298,100,100119,100,99294,100,100121,100,99282,100
2019-06-28 10:06:31.877863429,99785,212,99654,212,99825,212,99653,212,99849,212,99629,212,99930,212,99564,212,99940,100,99536,100,100018,100,99443,100,100036,100,99378,100,100081,100,99298,100,100095,100,99294,100,100119,100,99282,100
2019-06-28 10:06:33.884378402,99784,100,99654,112,99785,212,99653,212,99825,212,99629,212,99849,212,99564,212,99930,212,99536,100,99940,100,99443,100,100018,100,99378,100,100036,100,99298,100,100081,100,99294,100,100095,100,99282,100
2019-06-28 10:06:40.000000000,99784,190,99653,190,99785,190,99629,190,99825,190,99564,190,99849,190,99536,190,99930,190,99443,190,99940,100,99378,100,100018,100,99298,100,100036,100,99294,100,100081,100,99282,100,100095,100,99215,100
2019-06-28 10:06:50.000000000,99784,325,99653,325,99785,325,99629,325,99825,100,99564,100,99849,100,99536,100,99930,100,99443,100,99940,100,99378,100,100018,100,99298,100,100036,100,99294,100,100081,100,99282,100,100095,100,99215,100
2019-06-28 10:07:00.000000000,99784,550,99653,550,99785,100,99629,100,99825,100,99564,100,99849,100,99536,100,99930,100,99443,100,99940,100,99378,100,100018,100,99298,100,100036,100,99294,100,100081,100,99282,100,100095,100,99215,100
2019-06-28 10:07:00.492605455,99784,550,99653,550,99785,100,99629,100,99825,100,99564,100,99849,100,99536,100,99930,100,99503,100,99940,100,99443,100,100018,100,99378,100,100036,100,99298,100,100081,100,99294,100,100095,100,99282,100
2019-06-28 10:07:10.000000000,99784,325,99653,325,99785,325,99629,325,99825,100,99564,100,99849,100,99536,100,99930,100,99503,100,99940,100,99443,100,100018,100,99378,100,100036,100,99298,100,100081,100,99294,100,100095,100,99282,100
2019-06-28 10:07:20.000000000,99784,190,99653,190,99785,190,99629,190,99825,190,99564,190,99849,190,99536,190,99930,190,99503,190,99940,100,99443,100,100018,100,99378,100,100036,100,99298,100,100081,100,99294,100,100095,100,99282,100
2019-06-28 10:07:24.602504157,99762,100,99653,190,99784,190,99629,190,99785,190,99564,190,99825,190,99536,190,99849,190,99503,190,99930,190,99443,100,99940,100,99378,100,100018,100,99298,100,100036,100,99294,100,100081,100,99282,100
2019-06-28 10:07:30.000000000,99762,325,99653,325,99784,325,99629,325,99785,100,99564,100,99825,100,99536,100,99849,100,99503,100,99930,100,99443,100,99940,100,99378,100,100018,100,99298,100,100036,100,99294,100,100081,100,99282,100
2019-06-28 10:07:38.596618441,99762,325,99653,325,99784,325,99629,325,99785,100,99564,100,99825,100,99503,100,99849,100,99443,100,99930,100,99378,100,99940,100,99298,100,100018,100,99294,100,100036,100,99282,100,100081,100,99265,100
2019-06-28 10:07:40.000000000,99762,190,99653,190,99784,190,99629,190,99785,190,99564,190,99825,190,99503,190,99849,190,99443,190,99930,100,99378,100,99940,100,99298,100,100018,100,99294,100,100036,100,99282,100,100081,100,99265,100
2019-06-28 10:07:48.003643552,99762,190,99653,90,99784,190,99629,190,99785,190,99564,190,99825,190,99503,190,99849,190,99443,190,99930,100,99378,100,99940,100,99294,100,100018,100,99282,100,100036,100,99265,100,100081,100,99215,100
2019-06-28 10:07:50.000000000,99762,253,99629,253,99784,248,99564,248,99785,248,99503,248,99825,100,99443,100,99849,100,99378,100,99930,100,99294,100,99940,100,99282,100,100018,100,99265,100,100036,100,99215,100,100081,100,98977,100
2019-06-28 10:08:00.000000000,99762,212,99629,212,99784,212,99564,212,99785,212,99503,212,99825,212,99443,212,99849,100,99378,100,99930,100,99294,100,99940,100,99282,100,100018,100,99265,100,100036,100,99215,100,100081,100,98977,100
2019-06-28 10:08:02.360373453,99762,212,99629,212,99784,212,99564,212,99785,212,99503,212,99825,212,99444,100,99849,100,99443,212,99930,100,99378,100,99940,100,99294,100,100018,100,99265,100,100036,100,99215,100,100081,100,98977,100
2019-06-28 10:08:10.000000000,99762,253,99629,253,99784,248,99564,248,99785,248,99503,248,99825,100,99444,100,99849,100,99443,100,99930,100,99378,100,99940,100,99294,100,100018,100,99265,100,100036,100,99215,100,100081,100,98977,100
2019-06-28 10:08:20.000000000,99762,212,99629,212,99784,212,99564,212,99785,212,99503,212,99825,212,99444,212,99849,100,99443,100,99930,100,99378,100,99940,100,99294,100,100018,100,99265,100,100036,100,99215,100,100081,100,98977,100
2019-06-28 10:08:30.000000000,99762,212,99629,212,99784,212,99564,212,99785,212,99503,212,99825,212,99444,212,99849,100,99443,100,99930,100,99378,100,99940,100,99294,100,100018,100,99265,100,100036,100,99215,100,100081,100,98977,100
2019-06-28 10:08:33.286440896,99762,212,99629,112,99784,212,99564,212,99785,212,99503,212,99825,212,99444,212,99849,100,99443,100,99930,100,99378,100,99940,100,99294,100,100018,100,99265,100,100036,100,99215,100,100081,100,98977,100
2019-06-28 10:08:40.000000000,99762,212,99564,212,99784,212,99503,212,99785,212,99444,212,99825,212,99443,212,99849,100,99378,100,99930,100,99294,100,99940,100,99265,100,100018,100,99215,100,100036,100,98977,100,100081,100,98513,100
2019-06-28 10:08:50.000000000,99762,190,99564,190,99784,190,99503,190,99785,190,99444,190,99825,190,99443,190,99849,190,99378,190,99930,100,99294,100,99940,100,99265,100,100018,100,99215,100,100036,100,98977,100,100081,100,98513,100
2019-06-28 10:08:56.588734420,99654,100,99564,190,99762,190,99503,190,99784,190,99444,190,99785,190,99443,190,99825,190,99378,190,99849,190,99294,100,99930,100,99265,100,99940,100,99215,100,100018,100,98977,100,100036,100,98513,100
2019-06-28 10:09:00.000000000,99654,212,99564,212,99762,212,99503,212,99784,212,99444,212,99785,212,99443,212,99825,100,99378,100,99849,100,99294,100,99930,100,99265,100,99940,100,99215,100,100018,100,98977,100,100036,100,98513,100
2019-06-28 10:09:10.000000000,99654,325,99564,325,99762,325,99503,325,99784,100,99444,100,99785,100,99443,100,99825,100,99378,100,99849,100,99294,100,99930,100,99265,100,99940,100,99215,100,100018,100,98977,100,100036,100,98513,100
2019-06-28 10:09:17.022987796,99654,425,99564,325,99762,325,99503,325,99784,100,99444,100,99785,100,99443,100,99825,100,99378,100,99849,100,99294,100,99930,100,99265,100,99940,100,99215,100,100018,100,98977,100,100036,100,98513,100
2019-06-28 10:09:20.000000000,99654,650,99564,550,99762,100,99503,100,99784,100,99444,100,99785,100,99443,100,99825,100,99378,100,99849,100,99294,100,99930,100,99265,100,99940,100,99215,100,100018,100,98977,100,100036,100,98513,100
2019-06-28 10:09:20.078852046,99654,650,99564,550,99762,100,99503,100,99784,100,99444,100,99785,100,99443,100,99825,100,99378,100,99849,100,99294,100,99930,100,99265,100,99940,100,99215,100,100018,100,99166,100,100036,100,98977,100
2019-06-28 10:09:23.158499514,99654,650,99564,350,99762,100,99503,100,99784,100,99444,100,99785,100,99443,100,99825,100,99378,100,99849,100,99294,100,99930,100,99265,100,99940,100,99215,100,100018,100,99166,100,100036,100,98977,100
2019-06-28 10:09:30.000000000,99654,312,99503,212,99762,212,99444,212,99784,212,99443,212,99785,212,99378,212,99825,100,99294,100,99849,100,99265,100,99930,100,99215,100,99940,100,99166,100,100018,100,98977,100,100036,100,98513,100
2019-06-28 10:09:32.751826809,99561,100,99503,212,99654,312,99444,212,99762,212,99443,212,99784,212,99378,212,99785,212,99294,100,99825,100,99265,100,99849,100,99215,100,99930,100,99166,100,99940,100,98977,100,100018,100,98513,100
2019-06-28 10:09:40.000000000,99561,190,99503,190,99654,290,99444,190,99762,190,99443,190,99784,190,99378,190,99785,190,99294,190,99825,100,99265,100,99849,100,99215,100,99930,100,99166,100,99940,100,98977,100,100018,100,98513,100
2019-06-28 10:09:50.000000000,99561,190,99503,190,99654,290,99444,190,99762,190,99443,190,99784,190,99378,190,99785,190,99294,190,99825,100,99265,100,99849,100,99215,100,99930,100,99166,100,99940,100,98977,100,100018,100,98513,100
2019-06-28 10:10:00.000000000,99561,550,99503,550,99654,200,99444,100,99762,100,99443,100,99784,100,99378,100,99785,100,99294,100,99825,100,99265,100,99849,100,99215,100,99930,100,99166,100,99940,100,98977,100,100018,100,98513,100
2019-06-28 10:10:10.000000000,99561,190,99503,190,99654,290,99444,190,99762,190,99443,190,99784,190,99378,190,99785,190,99294,190,99825,100,99265,100,99849,100,99215,100,99930,100,99166,100,99940,100,98977,100,100018,100,98513,100
2019-06-28 10:10:20.000000000,99561,212,99503,212,99654,312,99444,212,99762,212,99443,212,99784,212,99378,212,99785,100,99294,100,99825,100,99265,100,99849,100,99215,100,99930,100,99166,100,99940,100,98977,100,100018,100,98513,100
2019-06-28 10:10:30.000000000,99561,550,99503,550,99654,200,99444,100,99762,100,99443,100,99784,100,99378,100,99785,100,99294,100,99825,100,99265,100,99849,100,99215,100,99930,100,99166,100,99940,100,98977,100,100018,100,98513,100
2019-06-28 10:10:40.000000000,99561,253,99503,253,99654,348,99444,248,99762,248,99443,248,99784,100,99378,100,99785,100,99294,100,99825,100,99265,100,99849,100,99215,100,99930,100,99166,100,99940,100,98977,100,100018,100,98513,100
2019-06-28 10:10:41.555951476,99561,253,99503,253,99629,100,99444,248,99654,348,99443,248,99762,248,99378,100,99784,100,99294,100,99785,100,99265,100,99825,100,99215,100,99849,100,99166,100,99930,100,98977,100,99940,100,98513,100
2019-06-28 10:10:50.000000000,99561,550,99503,550,99629,100,99444,100,99654,200,99443,100,99762,100,99378,100,99784,100,99294,100,99785,100,99265,100,99825,100,99215,100,99849,100,99166,100,99930,100,98977,100,99940,100,98513,100
2019-06-28 10:10:50.207712589,99561,550,99503,450,99629,100,99444,100,99654,200,99443,100,99762,100,99378,100,99784,100,99294,100,99785,100,99265,100,99849,100,99215,100,99930,100,99166,100,99940,100,98977,100,100018,100,98513,100
2019-06-28 10:10:55.207894344,99561,550,99503,350,99629,100,99444,100,99654,200,99443,100,99762,100,99378,100,99784,100,99294,100,99785,100,99265,100,99849,100,99215,100,99930,100,99166,100,99940,100,98977,100,100018,100,98513,100
2019-06-28 10:11:00.000000000,99561,190,99444,190,99629,190,99443,190,99654,290,99378,190,99762,190,99294,190,99784,190,99265,190,99785,100,99215,100,99849,100,99166,100,99930,100,98977,100,99940,100,98513,100,100018,100,,
2019-06-28 10:11:10.000000000,99561,212,99444,212,99629,212,99443,212,99654,312,99378,212,99762,212,99294,212,99784,100,99265,100,99785,100,99215,100,99849,100,99166,100,99930,100,98977,100,99940,100,98513,100,100018,100,,
2019-06-28 10:11:13.190062095,99561,212,99444,212,99629,212,99443,212,99654,312,99378,212,99762,212,99294,212,99784,100,99265,100,99785,100,99185,100,99849,100,99166,100,99930,100,98977,100,99940,100,98513,100,100018,100,,
