,ask_price_1,ask_size_1,bid_price_1,bid_size_1,ask_price_2,ask_size_2,bid_price_2,bid_size_2,ask_price_3,ask_size_3,bid_price_3,bid_size_3,ask_price_4,ask_size_4,bid_price_4,bid_size_4,ask_price_5,ask_size_5,bid_price_5,bid_size_5,ask_price_6,ask_size_6,bid_price_6,bid_size_6,ask_price_7,ask_size_7,bid_price_7,bid_size_7,ask_price_8,ask_size_8,bid_price_8,bid_size_8,ask_price_9,ask_size_9,bid_price_9,bid_size_9,ask_price_10,ask_size_10,bid_price_10,bid_size_10
2019-06-28 09:30:00.000000004,100131,100,,,,,,,,,,,,,,,,,,,,,,,,,,,,,,,,,,,,,,
2019-06-28 09:30:00.000000005,100093,100,,,100131,100,,,,,,,,,,,,,,,,,,,,,,,,,,,,,,,,,,
2019-06-28 09:30:00.000000006,99977,100,,,100091,100,,,100093,100,,,100131,100,,,,,,,,,,,,,,,,,,,,,,,,,,
2019-06-28 09:30:00.000000008,99977,100,99922,100,100091,100,,,100093,100,,,100131,100,,,,,,,,,,,,,,,,,,,,,,,,,,
2019-06-28 09:30:00.000000009,99977,100,99922,100,100091,100,,,100093,100,,,100131,100,,,100134,100,,,,,,,,,,,,,,,,,,,,,,
2019-06-28 09:30:00.000000010,99977,100,99922,100,100089,100,,,100091,100,,,100093,100,,,100131,100,,,100134,100,,,,,,,,,,,,,,,,,,
2019-06-28 09:30:00.000000013,100089,100,99922,100,100091,100,,,100093,100,,,100131,100,,,100134,100,,,,,,,,,,,,,,,,,,,,,,
2019-06-28 09:30:00.000000014,100077,100,99922,100,100089,100,99914,100,100091,100,,,100093,100,,,100131,100,,,100134,100,,,,,,,,,,,,,,,,,,
2019-06-28 09:30:00.000000017,100035,100,100023,100,100077,100,99922,100,100089,100,99914,100,100091,100,,,100093,100,,,100131,100,,,100134,100,,,100185,100,,,,,,,,,,
2019-06-28 09:30:00.000000019,100075,100,100023,100,100077,100,99922,100,100089,100,99914,100,100091,100,,,100093,100,,,100131,100,,,100134,100,,,100185,100,,,,,,,,,,
2019-06-28 09:30:00.000000022,100075,100,99922,100,100077,100,99914,100,100089,100,,,100091,100,,,100093,100,,,100131,100,,,100134,100,,,100185,100,,,,,,,,,,
2019-06-28 09:30:00.000000023,100075,100,99922,100,100077,100,99914,100,100089,100,,,100091,100,,,100093,100,,,100095,100,,,100131,100,,,100134,100,,,100185,100,,,,,,
2019-06-28 09:30:00.000000024,100075,100,99926,100,100077,100,99922,100,100089,100,99914,100,100091,100,99895,100,100093,100,,,100095,100,,,100107,100,,,100131,100,,,100134,100,,,100185,100,,
2019-06-28 09:30:00.000000026,100075,100,99926,100,100077,100,99922,100,100089,100,99914,100,100091,100,99895,100,100093,100,99834,100,100095,100,,,100107,100,,,100116,100,,,100131,100,,,100134,100,,
2019-06-28 09:30:00.000000030,100075,100,100023,100,100077,100,99926,100,100089,100,99922,100,100091,100,99914,100,100093,100,99895,100,100095,100,99834,100,100107,100,,,100116,100,,,100131,100,,,100134,100,,
2019-06-28 09:30:00.000000032,100023,100,99933,100,100075,100,99926,100,100077,100,99922,100,100089,100,99915,100,100091,100,99914,100,100093,100,99895,100,100095,100,99834,100,100107,100,,,100116,100,,,100131,100,,
2019-06-28 09:30:00.000000036,100012,100,99933,100,100023,100,99926,100,100034,100,99922,100,100075,100,99915,100,100077,100,99914,100,100089,100,99895,100,100091,100,99834,100,100093,100,,,100095,100,,,100107,100,,
2019-06-28 09:30:00.000000038,100012,100,99933,100,100023,100,99926,100,100034,100,99922,100,100075,100,99915,100,100077,100,99914,100,100089,100,99895,100,100091,100,99834,100,100093,100,99781,100,100095,100,,,100107,100,,
2019-06-28 09:30:00.000000042,100012,100,99933,100,100023,100,99926,100,100034,100,99922,100,100057,100,99915,100,100075,100,99914,100,100077,100,99895,100,100089,100,99834,100,100091,100,99781,100,100093,100,,,100095,100,,
2019-06-28 09:30:00.000000046,100012,100,99933,100,100023,100,99926,100,100034,100,99922,100,100057,100,99915,100,100075,100,99914,100,100077,100,99895,100,100089,100,99885,100,100091,100,99834,100,100093,100,99781,100,100095,100,,
2019-06-28 09:30:00.000000048,100012,100,99933,100,100023,100,99926,100,100034,100,99922,100,100057,100,99915,100,100075,100,99914,100,100077,100,99895,100,100083,100,99885,100,100089,100,99834,100,100091,100,99781,100,100093,100,,
2019-06-28 09:30:00.000000051,100012,100,99933,100,100023,100,99926,100,100034,100,99922,100,100057,100,99915,100,100075,100,99914,100,100077,100,99908,100,100083,100,99895,100,100089,100,99889,100,100091,100,99885,100,100093,100,99834,100
2019-06-28 09:30:00.000000055,100012,100,99933,100,100023,100,99926,100,100034,100,99922,100,100057,100,99915,100,100059,100,99914,100,100075,100,99908,100,100077,100,99895,100,100083,100,99889,100,100089,100,99885,100,100091,100,99850,100
2019-06-28 09:30:00.000000057,100023,100,99933,100,100034,100,99926,100,100057,100,99922,100,100059,100,99915,100,100075,100,99914,100,100077,100,99908,100,100083,100,99895,100,100089,100,99889,100,100091,100,99885,100,100093,100,99850,100
2019-06-28 09:30:00.000000061,100023,100,99933,100,100034,100,99926,100,100057,100,99922,100,100059,200,99915,100,100075,100,99914,100,100077,100,99908,100,100083,100,99895,100,100089,100,99889,100,100091,100,99885,100,100093,100,99850,100
2019-06-28 09:30:00.000000064,100023,100,99947,100,100034,100,99933,100,100057,100,99926,100,100059,200,99922,100,100075,100,99915,100,100077,100,99914,100,100083,100,99908,100,100089,100,99895,100,100091,100,99889,100,100093,100,99885,100
2019-06-28 09:30:00.000000066,100023,100,99947,100,100034,100,99933,100,100053,100,99926,100,100057,100,99922,100,100059,200,99915,100,100075,100,99914,100,100077,100,99908,100,100083,100,99895,100,100089,100,99889,100,100091,100,99885,100
2019-06-28 09:30:00.000000067,100023,100,99947,100,100034,100,99933,100,100053,100,99926,100,100057,100,99922,100,100059,200,99915,100,100067,100,99914,100,100075,100,99908,100,100077,100,99895,100,100083,100,99889,100,100089,100,99885,100
2019-06-28 09:30:00.000000068,100023,100,99947,100,100034,100,99933,100,100053,100,99926,100,100057,100,99922,100,100059,200,99915,100,100067,100,99914,100,100075,100,99908,100,100077,100,99895,100,100083,100,99889,100,100089,100,99885,100
2019-06-28 09:30:00.000000070,100023,100,99947,100,100034,100,99933,100,100053,100,99926,100,100057,100,99922,100,100059,200,99915,200,100067,100,99914,100,100075,100,99908,100,100077,100,99895,100,100083,100,99889,100,100089,100,99885,100
2019-06-28 09:30:00.000000071,100023,100,99947,100,100034,100,99933,100,100053,100,99926,100,100057,100,99922,100,100059,200,99915,200,100067,100,99914,100,100070,100,99908,100,100075,100,99895,100,100077,100,99889,100,100083,100,99885,100
2019-06-28 09:30:00.000000072,100023,100,99933,100,100034,100,99926,100,100053,100,99922,100,100057,100,99915,200,100059,200,99914,100,100067,100,99908,100,100070,100,99895,100,100075,100,99889,100,100077,100,99885,100,100083,100,99852,100
2019-06-28 09:30:00.000000074,100023,100,99933,100,100033,100,99926,100,100034,100,99922,100,100053,100,99915,200,100057,100,99914,100,100059,200,99908,100,100067,100,99895,100,100070,100,99889,100,100075,100,99885,100,100077,100,99852,100
2019-06-28 09:30:00.000000076,100023,100,99933,100,100033,100,99926,100,100034,100,99922,100,100053,100,99915,200,100055,100,99914,100,100057,100,99908,100,100059,200,99895,100,100067,100,99889,100,100070,100,99885,100,100075,100,99852,100
2019-06-28 09:30:00.000000079,100023,100,99933,100,100033,100,99926,100,100034,100,99922,100,100053,100,99915,200,100055,100,99914,100,100057,100,99908,100,100059,200,99895,100,100067,100,99889,100,100070,100,99885,100,100075,100,99852,100
2019-06-28 09:30:00.000000085,100022,100,99933,100,100023,100,99926,100,100033,100,99922,100,100034,100,99915,200,100053,100,99914,100,100055,100,99908,100,100057,100,99895,100,100059,200,99889,100,100067,100,99885,100,100070,100,99852,100
2019-06-28 09:30:00.000000087,100022,100,99968,100,100023,100,99933,100,100033,100,99926,100,100034,100,99922,100,100053,100,99915,200,100055,100,99914,100,100057,100,99908,100,100059,200,99895,100,100067,100,99889,100,100070,100,99886,100
2019-06-28 09:30:00.000000088,100022,100,99968,100,100023,100,99947,100,100033,100,99933,100,100034,100,99926,100,100053,100,99922,100,100055,100,99915,200,100057,100,99914,100,100059,200,99908,100,100067,100,99895,100,100070,100,99889,100
2019-06-28 09:30:00.000000090,99990,100,99968,100,100022,100,99947,100,100023,100,99933,100,100033,100,99926,100,100034,100,99922,100,100053,100,99915,200,100055,100,99914,100,100057,100,99908,100,100059,200,99895,100,100067,100,99889,100
2019-06-28 09:30:00.000000092,99990,100,99948,100,100022,100,99947,100,100023,100,99933,100,100033,100,99926,100,100034,100,99922,100,100053,100,99915,200,100055,100,99914,100,100057,100,99908,100,100059,200,99895,100,100067,100,99889,100
2019-06-28 09:30:00.000000093,99990,100,99948,100,100022,100,99947,100,100023,100,99933,100,100033,100,99926,100,100034,100,99922,100,100053,100,99915,200,100055,100,99914,100,100057,100,99909,100,100059,200,99908,100,100067,100,99895,100
2019-06-28 09:30:00.000000095,99990,100,99947,100,100022,100,99933,100,100023,100,99926,100,100033,100,99922,100,100034,100,99915,200,100053,100,99914,100,100055,100,99909,100,100057,100,99908,100,100059,200,99895,100,100066,100,99889,100
2019-06-28 09:30:00.000000096,99990,100,99947,100,100022,100,99943,100,100023,100,99933,100,100033,100,99926,100,100034,100,99922,100,100053,100,99915,200,100055,100,99914,100,100057,100,99909,100,100059,200,99908,100,100066,100,99895,100
2019-06-28 09:30:00.000000098,100022,100,99947,100,100023,100,99943,100,100033,100,99933,100,100034,100,99926,100,100053,100,99922,100,100055,100,99915,200,100057,100,99914,100,100059,200,99909,100,100066,100,99908,100,100067,100,99895,100
2019-06-28 09:30:10.000000000,100022,256,99947,256,100023,256,99943,256,100033,100,99933,100,100034,100,99926,100,100053,100,99922,100,100055,100,99915,200,100057,100,99914,100,100059,200,99909,100,100066,100,99908,100,100067,100,99895,100
2019-06-28 09:30:20.000000000,100022,206,99947,206,100023,203,99943,203,100033,203,99933,203,100034,100,99926,100,100053,100,99922,100,100055,100,99915,200,100057,100,99914,100,100059,200,99909,100,100066,100,99908,100,100067,100,99895,100
2019-06-28 09:30:20.449361003,100022,106,99947,206,100023,203,99943,203,100033,203,99933,203,100034,100,99926,100,100053,100,99922,100,100055,100,99915,200,100057,100,99914,100,100059,200,99909,100,100066,100,99908,100,100067,100,99895,100
2019-06-28 09:30:30.000000000,100023,412,99947,412,100033,100,99943,100,100034,100,99933,100,100053,100,99926,100,100055,100,99922,100,100057,100,99915,200,100059,200,99914,100,100066,100,99909,100,100067,100,99908,100,100070,100,99895,100
2019-06-28 09:30:33.457051989,100023,412,99947,412,100033,100,99943,100,100034,100,99933,100,100053,100,99926,100,100055,100,99922,100,100057,100,99915,200,100059,200,99914,100,100066,100,99909,100,100067,100,99908,100,100070,100,99895,100
2019-06-28 09:30:40.000000000,100023,178,99947,178,100033,178,99943,178,100034,178,99933,178,100053,178,99926,178,100055,100,99922,100,100057,100,99915,200,100059,200,99914,100,100066,100,99909,100,100067,100,99908,100,100070,100,99895,100
2019-06-28 09:30:50.000000000,100023,162,99947,162,100033,162,99943,162,100034,162,99933,162,100053,162,99926,162,100055,162,99922,162,100057,100,99915,200,100059,200,99914,100,100066,100,99909,100,100067,100,99908,100,100070,100,99895,100
2019-06-28 09:30:52.303773120,100023,162,99990,100,100033,162,99947,162,100034,162,99943,162,100053,162,99933,162,100055,162,99926,162,100057,100,99922,162,100059,200,99915,200,100066,100,99914,100,100067,100,99909,100,100070,100,99908,100
2019-06-28 09:30:57.384018792,100023,162,99990,200,100033,162,99947,162,100034,162,99943,162,100053,162,99933,162,100055,162,99926,162,100057,100,99922,162,100059,200,99915,200,100066,100,99914,100,100067,100,99909,100,100070,100,99908,100
2019-06-28 09:31:00.000000000,100023,256,99990,356,100033,256,99947,256,100034,100,99943,100,100053,100,99933,100,100055,100,99926,100,100057,100,99922,100,100059,200,99915,200,100066,100,99914,100,100067,100,99909,100,100070,100,99908,100
2019-06-28 09:31:01.869808357,100023,156,99990,356,100033,256,99947,256,100034,100,99943,100,100053,100,99933,100,100055,100,99926,100,100057,100,99922,100,100059,200,99915,200,100066,100,99914,100,100067,100,99909,100,100070,100,99908,100
2019-06-28 09:31:10.000000000,100033,412,99990,512,100034,100,99947,100,100053,100,99943,100,100055,100,99933,100,100057,100,99926,100,100059,200,99922,100,100066,100,99915,200,100067,100,99914,100,100070,100,99909,100,100075,100,99908,100
2019-06-28 09:31:14.348235328,100033,312,99990,512,100034,100,99947,100,100053,100,99943,100,100055,100,99933,100,100057,100,99926,100,100059,200,99922,100,100066,100,99915,200,100067,100,99914,100,100070,100,99909,100,100075,100,99908,100
2019-06-28 09:31:20.000000000,100034,162,99990,262,100053,162,99947,162,100055,162,99943,162,100057,162,99933,162,100059,262,99926,162,100066,100,99922,100,100067,100,99915,200,100070,100,99914,100,100075,100,99909,100,100077,100,99908,100
2019-06-28 09:31:30.000000000,100034,178,99990,278,100053,178,99947,178,100055,178,99943,178,100057,178,99933,178,100059,200,99926,100,100066,100,99922,100,100067,100,99915,200,100070,100,99914,100,100075,100,99909,100,100077,100,99908,100
2019-06-28 09:31:30.666777229,100034,178,99990,278,100053,178,99947,178,100055,178,99943,178,100057,178,99933,178,100059,200,99926,100,100066,100,99922,100,100067,100,99915,200,100070,100,99914,100,100075,100,99909,100,100077,100,99908,100
2019-06-28 09:31:40.000000000,100034,162,99990,262,100053,162,99947,162,100055,162,99943,162,100057,162,99933,162,100059,262,99926,162,100066,100,99922,100,100067,100,99915,200,100070,100,99914,100,100075,100,99909,100,100077,100,99908,100
2019-06-28 09:31:50.000000000,100034,162,99990,262,100053,162,99947,162,100055,162,99943,162,100057,162,99933,162,100059,262,99926,162,100066,100,99922,100,100067,100,99915,200,100070,100,99914,100,100075,100,99909,100,100077,100,99908,100
2019-06-28 09:32:00.000000000,100034,178,99990,278,100053,178,99947,178,100055,178,99943,178,100057,178,99933,178,100059,200,99926,100,100066,100,99922,100,100067,100,99915,200,100070,100,99914,100,100075,100,99909,100,100077,100,99908,100
2019-06-28 09:32:10.000000000,100034,178,99990,278,100053,178,99947,178,100055,178,99943,178,100057,178,99933,178,100059,200,99926,100,100066,100,99922,100,100067,100,99915,200,100070,100,99914,100,100075,100,99909,100,100077,100,99908,100
2019-06-28 09:32:20.000000000,100034,206,99990,306,100053,203,99947,203,100055,203,99943,203,100057,100,99933,100,100059,200,99926,100,100066,100,99922,100,100067,100,99915,200,100070,100,99914,100,100075,100,99909,100,100077,100,99908,100
2019-06-28 09:32:20.663870728,100034,206,100022,100,100053,203,99990,306,100055,203,99947,203,100057,100,99943,203,100059,200,99933,100,100066,100,99926,100,100067,100,99922,100,100070,100,99915,200,100075,100,99914,100,100077,100,99909,100
2019-06-28 09:32:21.611815067,100034,206,100022,200,100053,203,99990,306,100055,203,99947,203,100057,100,99943,203,100059,200,99933,100,100066,100,99926,100,100067,100,99922,100,100070,100,99915,200,100075,100,99914,100,100077,100,99909,100
2019-06-28 09:32:30.000000000,100034,412,100022,512,100053,100,99990,200,100055,100,99947,100,100057,100,99943,100,100059,200,99933,100,100066,100,99926,100,100067,100,99922,100,100070,100,99915,200,100075,100,99914,100,100077,100,99909,100
2019-06-28 09:32:37.515719754,100034,412,100022,612,100053,100,99990,200,100055,100,99947,100,100057,100,99943,100,100059,200,99933,100,100066,100,99926,100,100067,100,99922,100,100070,100,99915,200,100075,100,99914,100,100077,100,99909,100
2019-06-28 09:32:40.000000000,100034,162,100022,362,100053,162,99990,262,100055,162,99947,162,100057,162,99943,162,100059,262,99933,162,100066,100,99926,100,100067,100,99922,100,100070,100,99915,200,100075,100,99914,100,100077,100,99909,100
2019-06-28 09:32:50.000000000,100034,162,100022,362,100053,162,99990,262,100055,162,99947,162,100057,162,99943,162,100059,262,99933,162,100066,100,99926,100,100067,100,99922,100,100070,100,99915,200,100075,100,99914,100,100077,100,99909,100
2019-06-28 09:33:00.000000000,100034,256,100022,456,100053,256,99990,356,100055,100,99947,100,100057,100,99943,100,100059,200,99933,100,100066,100,99926,100,100067,100,99922,100,100070,100,99915,200,100075,100,99914,100,100077,100,99909,100
2019-06-28 09:33:09.365177498,100034,256,100022,556,100053,256,99990,356,100055,100,99947,100,100057,100,99943,100,100059,200,99933,100,100066,100,99926,100,100067,100,99922,100,100070,100,99915,200,100075,100,99914,100,100077,100,99909,100
2019-06-28 09:33:10.000000000,100034,256,100022,556,100053,256,99990,356,100055,100,99947,100,100057,100,99943,100,100059,200,99933,100,100066,100,99926,100,100067,100,99922,100,100070,100,99915,200,100075,100,99914,100,100077,100,99909,100
2019-06-28 09:33:20.000000000,100034,412,100022,712,100053,100,99990,200,100055,100,99947,100,100057,100,99943,100,100059,200,99933,100,100066,100,99926,100,100067,100,99922,100,100070,100,99915,200,100075,100,99914,100,100077,100,99909,100
2019-06-28 09:33:29.790422119,100034,312,100022,712,100053,100,99990,200,100055,100,99947,100,100057,100,99943,100,100059,200,99933,100,100066,100,99926,100,100067,100,99922,100,100070,100,99915,200,100075,100,99914,100,100077,100,99909,100
2019-06-28 09:33:30.000000000,100053,162,100022,462,100055,162,99990,262,100057,162,99947,162,100059,262,99943,162,100066,162,99933,162,100067,100,99926,100,100070,100,99922,100,100075,100,99915,200,100077,100,99914,100,100083,100,99909,100
2019-06-28 09:33:40.000000000,100053,256,100022,556,100055,256,99990,356,100057,100,99947,100,100059,200,99943,100,100066,100,99933,100,100067,100,99926,100,100070,100,99922,100,100075,100,99915,200,100077,100,99914,100,100083,100,99909,100
2019-06-28 09:33:50.000000000,100053,178,100022,478,100055,178,99990,278,100057,178,99947,178,100059,278,99943,178,100066,100,99933,100,100067,100,99926,100,100070,100,99922,100,100075,100,99915,200,100077,100,99914,100,100083,100,99909,100
2019-06-28 09:34:00.000000000,100053,412,100022,712,100055,100,99990,200,100057,100,99947,100,100059,200,99943,100,100066,100,99933,100,100067,100,99926,100,100070,100,99922,100,100075,100,99915,200,100077,100,99914,100,100083,100,99909,100
2019-06-28 09:34:10.000000000,100053,178,100022,478,100055,178,99990,278,100057,178,99947,178,100059,278,99943,178,100066,100,99933,100,100067,100,99926,100,100070,100,99922,100,100075,100,99915,200,100077,100,99914,100,100083,100,99909,100
2019-06-28 09:34:20.000000000,100053,206,100022,506,100055,203,99990,303,100057,203,99947,203,100059,200,99943,100,100066,100,99933,100,100067,100,99926,100,100070,100,99922,100,100075,100,99915,200,100077,100,99914,100,100083,100,99909,100
2019-06-28 09:34:30.000000000,100053,162,100022,462,100055,162,99990,262,100057,162,99947,162,100059,262,99943,162,100066,162,99933,162,100067,100,99926,100,100070,100,99922,100,100075,100,99915,200,100077,100,99914,100,100083,100,99909,100
2019-06-28 09:34:32.948928142,100053,162,100022,462,100055,162,99990,262,100057,162,99947,162,100059,262,99943,162,100066,162,99933,162,100067,100,99926,100,100070,100,99922,100,100075,100,99915,200,100077,100,99914,100,100083,100,99909,100
2019-06-28 09:34:40.000000000,100053,256,100022,556,100055,256,99990,356,100057,100,99947,100,100059,200,99943,100,100066,100,99933,100,100067,100,99926,100,100070,100,99922,100,100075,100,99915,200,100077,100,99914,100,100083,100,99909,100
2019-06-28 09:34:50.000000000,100053,412,100022,712,100055,100,99990,200,100057,100,99947,100,100059,200,99943,100,100066,100,99933,100,100067,100,99926,100,100070,100,99922,100,100075,100,99915,200,100077,100,99914,100,100083,100,99909,100
2019-06-28 09:35:00.000000000,100053,206,100022,506,100055,203,99990,303,100057,203,99947,203,100059,200,99943,100,100066,100,99933,100,100067,100,99926,100,100070,100,99922,100,100075,100,99915,200,100077,100,99914,100,100083,100,99909,100
2019-06-28 09:35:10.000000000,100053,206,100022,506,100055,203,99990,303,100057,203,99947,203,100059,200,99943,100,100066,100,99933,100,100067,100,99926,100,100070,100,99922,100,100075,100,99915,200,100077,100,99914,100,100083,100,99909,100
2019-06-28 09:35:11.242031889,100053,206,100022,506,100055,203,99990,303,100057,203,99947,203,100059,200,99943,100,100066,100,99933,100,100067,100,99926,100,100070,100,99922,100,100077,100,99915,200,100083,100,99914,100,100089,100,99909,100
2019-06-28 09:35:20.000000000,100053,256,100022,556,100055,256,99990,356,100057,100,99947,100,100059,200,99943,100,100066,100,99933,100,100067,100,99926,100,100070,100,99922,100,100077,100,99915,200,100083,100,99914,100,100089,100,99909,100
2019-06-28 09:35:25.746291966,100032,100,100022,556,100053,256,99990,356,100055,256,99947,100,100057,100,99943,100,100059,200,99933,100,100066,100,99926,100,100067,100,99922,100,100070,100,99915,200,100077,100,99914,100,100083,100,99909,100
2019-06-28 09:35:29.597520202,100032,100,100022,556,100053,256,99990,356,100055,256,99947,100,100057,100,99943,100,100059,200,99933,100,100066,100,99922,100,100067,100,99915,200,100070,100,99914,100,100077,100,99909,100,100083,100,99908,100
2019-06-28 09:35:30.000000000,100032,256,100022,556,100053,256,99990,356,100055,100,99947,100,100057,100,99943,100,100059,200,99933,100,100066,100,99922,100,100067,100,99915,200,100070,100,99914,100,100077,100,99909,100,100083,100,99908,100
2019-06-28 09:35:40.000000000,100032,178,100022,478,100053,178,99990,278,100055,178,99947,178,100057,178,99943,178,100059,200,99933,100,100066,100,99922,100,100067,100,99915,200,100070,100,99914,100,100077,100,99909,100,100083,100,99908,100
2019-06-28 09:35:46.127047549,100032,78,100022,478,100053,178,99990,278,100055,178,99947,178,100057,178,99943,178,100059,200,99933,100,100066,100,99922,100,100067,100,99915,200,100070,100,99914,100,100077,100,99909,100,100083,100,99908,100
2019-06-28 09:35:50.000000000,100053,206,100022,506,100055,203,99990,303,100057,203,99947,203,100059,200,99943,100,100066,100,99933,100,100067,100,99922,100,100070,100,99915,200,100077,100,99914,100,100083,100,99909,100,100089,100,99908,100
2019-06-28 09:35:50.151195140,100053,206,100022,506,100055,203,99990,303,100057,203,99947,203,100059,200,99943,100,100066,100,99933,100,100067,100,99922,100,100070,100,99915,200,100077,100,99914,100,100083,100,99909,100,100089,100,99908,100
2019-06-28 09:35:59.860742346,100053,206,100022,506,100055,203,99990,303,100057,203,99947,203,100059,200,99933,100,100066,100,99922,100,100067,100,99915,200,100070,100,99914,100,100077,100,99909,100,100083,100,99908,100,100089,100,99895,100
2019-06-28 09:36:00.000000000,100053,206,100022,506,100055,203,99990,303,100057,203,99947,203,100059,200,99933,100,100066,100,99922,100,100067,100,99915,200,100070,100,99914,100,100077,100,99909,100,100083,100,99908,100,100089,100,99895,100
2019-06-28 09:36:06.490485129,100053,206,100022,506,100055,203,99990,303,100057,203,99947,203,100059,200,99933,100,100067,100,99922,100,100070,100,99915,200,100077,100,99914,100,100083,100,99909,100,100089,100,99908,100,100091,100,99895,100
2019-06-28 09:36:10.000000000,100053,412,100022,712,100055,100,99990,200,100057,100,99947,100,100059,200,99933,100,100067,100,99922,100,100070,100,99915,200,100077,100,99914,100,100083,100,99909,100,100089,100,99908,100,100091,100,99895,100
2019-06-28 09:36:20.000000000,100053,412,100022,712,100055,100,99990,200,100057,100,99947,100,100059,200,99933,100,100067,100,99922,100,100070,100,99915,200,100077,100,99914,100,100083,100,99909,100,100089,100,99908,100,100091,100,99895,100
2019-06-28 09:36:27.221330856,100053,412,100022,712,100055,100,99990,200,100057,100,99947,100,100059,200,99933,100,100067,100,99922,100,100070,100,99915,200,100077,100,99914,100,100083,100,99909,100,100089,100,99908,100,100091,100,99896,100
2019-06-28 09:36:28.758740237,100035,100,100022,712,100053,412,99990,200,100055,100,99947,100,100057,100,99933,100,100059,200,99922,100,100067,100,99915,100,100070,100,99914,100,100077,100,99909,100,100083,100,99908,100,100089,100,99896,100
2019-06-28 09:36:30.000000000,100035,206,100022,506,100053,203,99990,303,100055,203,99947,203,100057,100,99933,100,100059,200,99922,100,100067,100,99915,100,100070,100,99914,100,100077,100,99909,100,100083,100,99908,100,100089,100,99896,100
2019-06-28 09:36:40.000000000,100035,206,100022,506,100053,203,99990,303,100055,203,99947,203,100057,100,99933,100,100059,200,99922,100,100067,100,99915,100,100070,100,99914,100,100077,100,99909,100,100083,100,99908,100,100089,100,99896,100
2019-06-28 09:36:42.330189371,100035,206,100022,506,100053,203,99990,303,100055,203,99947,203,100057,100,99933,100,100059,200,99922,100,100067,100,99915,100,100070,100,99914,100,100077,100,99909,100,100083,100,99908,100,100089,100,99896,100
2019-06-28 09:36:50.000000000,100035,162,100022,462,100053,162,99990,262,100055,162,99947,162,100057,162,99933,162,100059,262,99922,162,100067,100,99915,100,100070,100,99914,100,100077,100,99909,100,100083,100,99908,100,100089,100,99896,100
2019-06-28 09:36:50.629150437,100035,162,100022,462,100053,162,99990,262,100055,162,99947,162,100057,162,99933,162,100059,262,99922,162,100067,100,99915,100,100070,100,99914,100,100077,100,99909,100,100083,100,99908,100,100089,100,99896,100
2019-06-28 09:37:00.000000000,100035,412,100022,712,100053,100,99990,200,100055,100,99947,100,100057,100,99933,100,100059,200,99922,100,100067,100,99915,100,100070,100,99914,100,100077,100,99909,100,100083,100,99908,100,100089,100,99896,100
2019-06-28 09:37:03.089971702,100031,100,100022,712,100035,412,99990,200,100053,100,99933,100,100055,100,99922,100,100057,100,99915,100,100059,200,99914,100,100067,100,99909,100,100070,100,99908,100,100077,100,99896,100,100083,100,99895,100
2019-06-28 09:37:10.000000000,100031,256,100022,556,100035,256,99990,356,100053,100,99933,100,100055,100,99922,100,100057,100,99915,100,100059,200,99914,100,100067,100,99909,100,100070,100,99908,100,100077,100,99896,100,100083,100,99895,100
2019-06-28 09:37:20.000000000,100031,162,100022,462,100035,162,99990,262,100053,162,99933,162,100055,162,99922,162,100057,162,99915,162,100059,200,99914,100,100067,100,99909,100,100070,100,99908,100,100077,100,99896,100,100083,100,99895,100
2019-06-28 09:37:27.919005241,100031,62,100022,362,100035,162,99990,262,100053,162,99933,162,100055,162,99922,162,100057,162,99915,162,100059,200,99914,100,100067,100,99909,100,100070,100,99908,100,100077,100,99896,100,100083,100,99895,100
2019-06-28 09:37:29.698997142,100035,162,100031,38,100053,62,100022,362,100055,162,99990,262,100057,162,99933,162,100059,200,99922,162,100067,100,99915,162,100070,100,99914,100,100077,100,99909,100,100083,100,99908,100,100089,100,99896,100
2019-06-28 09:37:30.000000000,100035,162,100031,100,100055,162,100022,362,100057,162,99990,262,100059,262,99933,162,100067,162,99922,162,100070,100,99915,100,100077,100,99914,100,100083,100,99909,100,100089,100,99908,100,100091,100,99896,100
2019-06-28 09:37:32.770060566,100035,162,100031,200,100055,162,100022,362,100057,162,99990,262,100059,262,99933,162,100067,162,99922,162,100070,100,99915,100,100077,100,99914,100,100083,100,99909,100,100089,100,99908,100,100091,100,99896,100
2019-06-28 09:37:40.000000000,100035,256,100031,294,100055,256,100022,456,100057,100,99990,200,100059,200,99933,100,100067,100,99922,100,100070,100,99915,100,100077,100,99914,100,100083,100,99909,100,100089,100,99908,100,100091,100,99896,100
2019-06-28 09:37:50.000000000,100035,206,100031,244,100055,203,100022,403,100057,203,99990,303,100059,200,99933,100,100067,100,99922,100,100070,100,99915,100,100077,100,99914,100,100083,100,99909,100,100089,100,99908,100,100091,100,99896,100
2019-06-28 09:38:00.000000000,100035,412,100031,450,100055,100,100022,300,100057,100,99990,200,100059,200,99933,100,100067,100,99922,100,100070,100,99915,100,100077,100,99914,100,100083,100,99909,100,100089,100,99908,100,100091,100,99896,100
2019-06-28 09:38:00.028189672,100035,412,100031,450,100055,100,100022,300,100057,100,99990,200,100059,200,99933,100,100067,100,99922,100,100070,100,99915,100,100077,100,99914,100,100083,100,99909,100,100089,100,99908,100,100091,100,99896,100
2019-06-28 09:38:07.363885070,100035,412,100031,350,100055,100,100022,300,100057,100,99990,200,100059,200,99933,100,100067,100,99922,100,100070,100,99915,100,100077,100,99914,100,100083,100,99909,100,100089,100,99908,100,100091,100,99896,100
2019-06-28 09:38:10.000000000,100035,256,100031,194,100055,256,100022,456,100057,100,99990,200,100059,200,99933,100,100067,100,99922,100,100070,100,99915,100,100077,100,99914,100,100083,100,99909,100,100089,100,99908,100,100091,100,99896,100
2019-06-28 09:38:12.955081190,100035,256,100031,94,100055,256,100022,456,100057,100,99990,200,100059,200,99933,100,100067,100,99922,100,100070,100,99915,100,100077,100,99914,100,100083,100,99909,100,100089,100,99908,100,100091,100,99896,100
2019-06-28 09:38:20.000000000,100035,178,100022,378,100055,178,99990,278,100057,178,99933,178,100059,278,99922,178,100067,100,99915,100,100070,100,99914,100,100077,100,99909,100,100083,100,99908,100,100089,100,99896,100,100091,100,99895,100
2019-06-28 09:38:27.924336106,100035,178,100022,378,100055,178,99990,278,100057,178,99933,178,100059,278,99922,178,100067,100,99915,100,100070,100,99914,100,100077,100,99909,100,100083,100,99908,100,100089,100,99896,100,100091,100,99895,100
2019-06-28 09:38:30.000000000,100035,178,100022,378,100055,178,99990,278,100057,178,99933,178,100059,278,99922,178,100067,100,99915,100,100070,100,99914,100,100077,100,99909,100,100083,100,99908,100,100089,100,99896,100,100091,100,99895,100
2019-06-28 09:38:40.000000000,100035,178,100022,378,100055,178,99990,278,100057,178,99933,178,100059,278,99922,178,100067,100,99915,100,100070,100,99914,100,100077,100,99909,100,100083,100,99908,100,100089,100,99896,100,100091,100,99895,100
2019-06-28 09:38:47.869537136,100035,178,100022,378,100055,178,99990,278,100057,178,99933,178,100059,278,99922,178,100067,100,99915,100,100070,100,99914,100,100077,100,99909,100,100083,100,99908,100,100089,100,99896,100,100091,100,99895,100
2019-06-28 09:38:49.102182198,100035,78,100022,378,100055,178,99990,278,100057,178,99933,178,100059,278,99922,178,100067,100,99915,100,100070,100,99914,100,100077,100,99909,100,100083,100,99908,100,100089,100,99896,100,100091,100,99895,100
2019-06-28 09:38:50.000000000,100055,178,100022,378,100057,178,99990,278,100059,278,99933,178,100067,178,99922,178,100070,100,99915,100,100077,100,99914,100,100083,100,99909,100,100089,100,99908,100,100091,100,99896,100,100097,100,99895,100
2019-06-28 09:38:59.031965034,100055,178,100022,378,100057,178,99990,278,100059,278,99933,178,100067,178,99922,178,100070,100,99915,100,100077,100,99914,100,100083,100,99909,100,100089,100,99908,100,100091,100,99896,100,100097,100,99895,100
2019-06-28 09:39:00.000000000,100055,256,100022,456,100057,256,99990,356,100059,200,99933,100,100067,100,99922,100,100070,100,99915,100,100077,100,99914,100,100083,100,99909,100,100089,100,99908,100,100091,100,99896,100,100097,100,99895,100
2019-06-28 09:39:02.964222207,100055,256,100022,456,100057,256,99991,100,100059,200,99990,356,100067,100,99933,100,100070,100,99922,100,100077,100,99915,100,100083,100,99914,100,100089,100,99909,100,100091,100,99908,100,100097,100,99896,100
2019-06-28 09:39:03.712894420,100055,256,100022,356,100057,256,99991,100,100059,200,99990,356,100067,100,99933,100,100070,100,99922,100,100077,100,99915,100,100083,100,99914,100,100089,100,99909,100,100091,100,99908,100,100097,100,99896,100
2019-06-28 09:39:10.000000000,100055,178,100022,278,100057,178,99991,178,100059,278,99990,278,100067,178,99933,178,100070,100,99922,100,100077,100,99915,100,100083,100,99914,100,100089,100,99909,100,100091,100,99908,100,100097,100,99896,100
2019-06-28 09:39:20.000000000,100055,206,100022,306,100057,203,99991,203,100059,303,99990,303,100067,100,99933,100,100070,100,99922,100,100077,100,99915,100,100083,100,99914,100,100089,100,99909,100,100091,100,99908,100,100097,100,99896,100
2019-06-28 09:39:30.000000000,100055,162,100022,262,100057,162,99991,162,100059,262,99990,262,100067,162,99933,162,100070,162,99922,162,100077,100,99915,100,100083,100,99914,100,100089,100,99909,100,100091,100,99908,100,100097,100,99896,100
2019-06-28 09:39:40.000000000,100055,256,100022,356,100057,256,99991,256,100059,200,99990,200,100067,100,99933,100,100070,100,99922,100,100077,100,99915,100,100083,100,99914,100,100089,100,99909,100,100091,100,99908,100,100097,100,99896,100
2019-06-28 09:39:50.000000000,100055,178,100022,278,100057,178,99991,178,100059,278,99990,278,100067,178,99933,178,100070,100,99922,100,100077,100,99915,100,100083,100,99914,100,100089,100,99909,100,100091,100,99908,100,100097,100,99896,100
2019-06-28 09:40:00.000000000,100055,206,100022,306,100057,203,99991,203,100059,303,99990,303,100067,100,99933,100,100070,100,99922,100,100077,100,99915,100,100083,100,99914,100,100089,100,99909,100,100091,100,99908,100,100097,100,99896,100
2019-06-28 09:40:03.353552846,100055,206,100023,100,100057,203,100022,306,100059,303,99991,203,100067,100,99990,303,100070,100,99933,100,100077,100,99915,100,100083,100,99914,100,100089,100,99909,100,100091,100,99908,100,100097,100,99896,100
2019-06-28 09:40:10.000000000,100055,206,100023,206,100057,203,100022,303,100059,303,99991,203,100067,100,99990,200,100070,100,99933,100,100077,100,99915,100,100083,100,99914,100,100089,100,99909,100,100091,100,99908,100,100097,100,99896,100
2019-06-28 09:40:10.088904304,100055,206,100023,206,100057,203,100022,303,100059,303,99991,203,100067,100,99990,200,100070,100,99933,100,100077,100,99915,100,100083,100,99914,100,100089,100,99909,100,100091,100,99908,100,100097,100,99896,100
2019-06-28 09:40:20.000000000,100055,412,100023,412,100057,100,100022,200,100059,200,99991,100,100067,100,99990,200,100070,100,99933,100,100077,100,99915,100,100083,100,99914,100,100089,100,99909,100,100091,100,99908,100,100097,100,99896,100
2019-06-28 09:40:30.000000000,100055,412,100023,412,100057,100,100022,200,100059,200,99991,100,100067,100,99990,200,100070,100,99933,100,100077,100,99915,100,100083,100,99914,100,100089,100,99909,100,100091,100,99908,100,100097,100,99896,100
2019-06-28 09:40:40.000000000,100055,162,100023,162,100057,162,100022,262,100059,262,99991,162,100067,162,99990,262,100070,162,99933,162,100077,100,99915,100,100083,100,99914,100,100089,100,99909,100,100091,100,99908,100,100097,100,99896,100
2019-06-28 09:40:50.000000000,100055,206,100023,206,100057,203,100022,303,100059,303,99991,203,100067,100,99990,200,100070,100,99933,100,100077,100,99915,100,100083,100,99914,100,100089,100,99909,100,100091,100,99908,100,100097,100,99896,100
2019-06-28 09:40:56.359012024,100055,206,100023,206,100057,203,100022,303,100059,303,99991,203,100067,100,99990,200,100070,100,99933,100,100077,100,99915,100,100089,100,99914,100,100091,100,99909,100,100097,100,99908,100,100107,100,99896,100
2019-06-28 09:41:00.000000000,100055,256,100023,256,100057,256,100022,356,100059,200,99991,100,100067,100,99990,200,100070,100,99933,100,100077,100,99915,100,100089,100,99914,100,100091,100,99909,100,100097,100,99908,100,100107,100,99896,100
2019-06-28 09:41:10.000000000,100055,178,100023,178,100057,178,100022,278,100059,278,99991,178,100067,178,99990,278,100070,100,99933,100,100077,100,99915,100,100089,100,99914,100,100091,100,99909,100,100097,100,99908,100,100107,100,99896,100
2019-06-28 09:41:20.000000000,100055,256,100023,256,100057,256,100022,356,100059,200,99991,100,100067,100,99990,200,100070,100,99933,100,100077,100,99915,100,100089,100,99914,100,100091,100,99909,100,100097,100,99908,100,100107,100,99896,100
2019-06-28 09:41:20.416836509,100055,256,100023,256,100057,256,100022,356,100059,200,99991,100,100067,100,99990,200,100077,100,99933,100,100089,100,99915,100,100091,100,99914,100,100097,100,99909,100,100107,100,99908,100,100114,100,99896,100
2019-06-28 09:41:29.068556705,100055,256,100023,256,100057,256,100022,356,100059,200,99991,100,100067,100,99990,200,100077,100,99933,100,100089,100,99915,100,100091,100,99914,100,100097,100,99909,100,100107,100,99908,100,100114,100,99896,100
2019-06-28 09:41:30.000000000,100055,162,100023,162,100057,162,100022,262,100059,262,99991,162,100067,162,99990,262,100077,162,99933,162,100089,100,99915,100,100091,100,99914,100,100097,100,99909,100,100107,100,99908,100,100114,100,99896,100
2019-06-28 09:41:40.000000000,100055,162,100023,162,100057,162,100022,262,100059,262,99991,162,100067,162,99990,262,100077,162,99933,162,100089,100,99915,100,100091,100,99914,100,100097,100,99909,100,100107,100,99908,100,100114,100,99896,100
2019-06-28 09:41:50.000000000,100055,412,100023,412,100057,100,100022,200,100059,200,99991,100,100067,100,99990,200,100077,100,99933,100,100089,100,99915,100,100091,100,99914,100,100097,100,99909,100,100107,100,99908,100,100114,100,99896,100
2019-06-28 09:41:55.293199314,100055,412,100023,412,100057,100,100022,200,100059,200,99991,100,100067,100,99990,200,100077,100,99933,100,100089,100,99915,100,100091,100,99914,100,100097,100,99909,100,100107,100,99908,100,100114,100,99896,100
2019-06-28 09:42:00.000000000,100055,412,100023,412,100057,100,100022,200,100059,200,99991,100,100067,100,99990,200,100077,100,99933,100,100089,100,99915,100,100091,100,99914,100,100097,100,99909,100,100107,100,99908,100,100114,100,99896,100
2019-06-28 09:42:08.427483349,100055,312,100023,412,100057,100,100022,200,100059,200,99991,100,100067,100,99990,200,100077,100,99933,100,100089,100,99915,100,100091,100,99914,100,100097,100,99909,100,100107,100,99908,100,100114,100,99896,100
2019-06-28 09:42:10.000000000,100057,162,100023,162,100059,262,100022,262,100067,162,99991,162,100077,162,99990,262,100089,162,99933,162,100091,100,99915,100,100097,100,99914,100,100107,100,99909,100,100114,100,99908,100,100131,100,99896,100
2019-06-28 09:42:20.000000000,100057,256,100023,256,100059,356,100022,356,100067,100,99991,100,100077,100,99990,200,100089,100,99933,100,100091,100,99915,100,100097,100,99914,100,100107,100,99909,100,100114,100,99908,100,100131,100,99896,100
2019-06-28 09:42:30.000000000,100057,178,100023,178,100059,278,100022,278,100067,178,99991,178,100077,178,99990,278,100089,100,99933,100,100091,100,99915,100,100097,100,99914,100,100107,100,99909,100,100114,100,99908,100,100131,100,99896,100
2019-06-28 09:42:40.000000000,100057,162,100023,162,100059,262,100022,262,100067,162,99991,162,100077,162,99990,262,100089,162,99933,162,100091,100,99915,100,100097,100,99914,100,100107,100,99909,100,100114,100,99908,100,100131,100,99896,100
2019-06-28 09:42:43.338898814,100057,62,100023,162,100059,262,100022,262,100067,162,99991,162,100077,162,99990,262,100089,162,99933,162,100091,100,99915,100,100097,100,99914,100,100107,100,99909,100,100114,100,99908,100,100131,100,99896,100
2019-06-28 09:42:50.000000000,100059,306,100023,206,100067,203,100022,303,100077,203,99991,203,100089,100,99990,200,100091,100,99933,100,100097,100,99915,100,100107,100,99914,100,100114,100,99909,100,100131,100,99908,100,100152,100,99896,100
2019-06-28 09:42:55.387836782,100059,306,100055,100,100067,203,100023,206,100077,203,100022,303,100089,100,99991,203,100091,100,99990,200,100097,100,99933,100,100107,100,99915,100,100114,100,99914,100,100131,100,99909,100,100152,100,99908,100
2019-06-28 09:43:00.000000000,100059,512,100055,412,100067,100,100023,100,100077,100,100022,200,100089,100,99991,100,100091,100,99990,200,100097,100,99933,100,100107,100,99915,100,100114,100,99914,100,100131,100,99909,100,100152,100,99908,100
2019-06-28 09:43:10.000000000,100059,306,100055,206,100067,203,100023,203,100077,203,100022,303,100089,100,99991,100,100091,100,99990,200,100097,100,99933,100,100107,100,99915,100,100114,100,99914,100,100131,100,99909,100,100152,100,99908,100
2019-06-28 09:43:20.000000000,100059,356,100055,256,100067,256,100023,256,100077,100,100022,200,100089,100,99991,100,100091,100,99990,200,100097,100,99933,100,100107,100,99915,100,100114,100,99914,100,100131,100,99909,100,100152,100,99908,100
2019-06-28 09:43:30.000000000,100059,306,100055,206,100067,203,100023,203,100077,203,100022,303,100089,100,99991,100,100091,100,99990,200,100097,100,99933,100,100107,100,99915,100,100114,100,99914,100,100131,100,99909,100,100152,100,99908,100
2019-06-28 09:43:31.124231886,100059,206,100055,206,100067,203,100023,203,100077,203,100022,303,100089,100,99991,100,100091,100,99990,200,100097,100,99933,100,100107,100,99915,100,100114,100,99914,100,100131,100,99909,100,100152,100,99908,100
2019-06-28 09:43:40.000000000,100059,178,100055,178,100067,178,100023,178,100077,178,100022,278,100089,178,99991,178,100091,100,99990,200,100097,100,99933,100,100107,100,99915,100,100114,100,99914,100,100131,100,99909,100,100152,100,99908,100
2019-06-28 09:43:43.066188295,100059,78,100055,178,100067,178,100023,178,100077,178,100022,278,100089,178,99991,178,100091,100,99990,200,100097,100,99933,100,100107,100,99915,100,100131,100,99914,100,100152,100,99909,100,100161,100,99908,100
2019-06-28 09:43:50.000000000,100067,256,100055,256,100077,256,100023,256,100089,100,100022,200,100091,100,99991,100,100097,100,99990,200,100107,100,99933,100,100131,100,99915,100,100152,100,99914,100,100161,100,99909,100,100179,100,99908,100
2019-06-28 09:44:00.000000000,100067,206,100055,206,100077,203,100023,203,100089,203,100022,303,100091,100,99991,100,100097,100,99990,200,100107,100,99933,100,100131,100,99915,100,100152,100,99914,100,100161,100,99909,100,100179,100,99908,100
2019-06-28 09:44:04.174720471,100067,206,100055,206,100077,203,100023,203,100089,203,100022,303,100091,100,99991,100,100097,100,99990,200,100107,100,99933,100,100131,100,99915,100,100152,100,99914,100,100161,100,99909,100,100179,100,99908,100
2019-06-28 09:44:04.814027295,100067,206,100055,206,100077,203,100023,203,100089,203,100022,303,100091,100,99991,100,100097,100,99990,200,100107,100,99933,100,100131,100,99915,100,100152,100,99914,100,100161,100,99909,100,100179,100,99908,100
2019-06-28 09:44:10.000000000,100067,162,100055,162,100077,162,100023,162,100089,162,100022,262,100091,162,99991,162,100097,162,99990,262,100107,100,99933,100,100131,100,99915,100,100152,100,99914,100,100161,100,99909,100,100179,100,99908,100
2019-06-28 09:44:17.928757245,100067,162,100055,162,100077,162,100023,162,100089,162,100022,262,100091,162,99991,162,100097,162,99990,262,100107,100,99933,100,100131,100,99915,100,100152,100,99914,100,100161,100,99909,100,100179,100,99908,100
2019-06-28 09:44:20.000000000,100067,412,100055,412,100077,100,100023,100,100089,100,100022,200,100091,100,99991,100,100097,100,99990,200,100107,100,99933,100,100131,100,99915,100,100152,100,99914,100,100161,100,99909,100,100179,100,99908,100
2019-06-28 09:44:20.718089387,100067,412,100055,412,100077,100,100023,100,100089,100,100022,200,100091,100,99991,100,100097,100,99990,200,100107,100,99915,100,100131,100,99914,100,100152,100,99909,100,100161,100,99908,100,100179,100,99895,100
2019-06-28 09:44:22.510441836,100067,312,100055,412,100077,100,100023,100,100089,100,100022,200,100091,100,99991,100,100097,100,99990,200,100107,100,99915,100,100131,100,99914,100,100152,100,99909,100,100161,100,99908,100,100179,100,99895,100
2019-06-28 09:44:29.883113109,100067,212,100055,412,100089,100,100023,100,100091,100,100022,200,100097,100,99991,100,100107,100,99990,200,100131,100,99915,100,100152,100,99914,100,100161,100,99909,100,100179,100,99908,100,100210,100,99895,100
2019-06-28 09:44:30.000000000,100089,412,100055,412,100091,100,100023,100,100097,100,100022,200,100107,100,99991,100,100131,100,99990,200,100152,100,99915,100,100161,100,99914,100,100179,100,99909,100,100210,100,99908,100,100230,100,99895,100
2019-06-28 09:44:36.689361994,100089,412,100067,100,100091,100,100055,412,100097,100,100023,100,100107,100,100022,200,100131,100,99991,100,100152,100,99990,200,100161,100,99915,100,100179,100,99914,100,100210,100,99909,100,100230,100,99908,100
2019-06-28 09:44:40.000000000,100089,178,100067,178,100091,178,100055,178,100097,178,100023,178,100107,178,100022,278,100131,100,99991,100,100152,100,99990,200,100161,100,99915,100,100179,100,99914,100,100210,100,99909,100,100230,100,99908,100
2019-06-28 09:44:50.000000000,100089,206,100067,206,100091,203,100055,203,100097,203,100023,203,100107,100,100022,200,100131,100,99991,100,100152,100,99990,200,100161,100,99915,100,100179,100,99914,100,100210,100,99909,100,100230,100,99908,100
2019-06-28 09:44:59.509569565,100089,206,100067,306,100091,203,100055,203,100097,203,100023,203,100107,100,100022,200,100131,100,99991,100,100152,100,99990,200,100161,100,99915,100,100179,100,99914,100,100210,100,99909,100,100230,100,99908,100
2019-06-28 09:45:00.000000000,100089,256,100067,356,100091,256,100055,256,100097,100,100023,100,100107,100,100022,200,100131,100,99991,100,100152,100,99990,200,100161,100,99915,100,100179,100,99914,100,100210,100,99909,100,100230,100,99908,100
2019-06-28 09:45:05.584572741,100089,256,100067,356,100091,256,100055,256,100097,100,100023,100,100107,100,100022,100,100131,100,99991,100,100152,100,99990,200,100161,100,99915,100,100179,100,99914,100,100210,100,99909,100,100230,100,99908,100
2019-06-28 09:45:10.000000000,100089,206,100067,306,100091,203,100055,203,100097,203,100023,203,100107,100,100022,100,100131,100,99991,100,100152,100,99990,200,100161,100,99915,100,100179,100,99914,100,100210,100,99909,100,100230,100,99908,100
2019-06-28 09:45:13.385655864,100089,206,100067,306,100091,203,100055,203,100097,203,100023,203,100107,100,100022,100,100131,100,99991,100,100152,100,99990,200,100161,100,99915,100,100179,100,99914,100,100210,100,99909,100,100230,100,99908,100
2019-06-28 09:45:20.000000000,100089,256,100067,356,100091,256,100055,256,100097,100,100023,100,100107,100,100022,100,100131,100,99991,100,100152,100,99990,200,100161,100,99915,100,100179,100,99914,100,100210,100,99909,100,100230,100,99908,100
2019-06-28 09:45:30.000000000,100089,178,100067,278,100091,178,100055,178,100097,178,100023,178,100107,178,100022,178,100131,100,99991,100,100152,100,99990,200,100161,100,99915,100,100179,100,99914,100,100210,100,99909,100,100230,100,99908,100
2019-06-28 09:45:40.000000000,100089,412,100067,512,100091,100,100055,100,100097,100,100023,100,100107,100,100022,100,100131,100,99991,100,100152,100,99990,200,100161,100,99915,100,100179,100,99914,100,100210,100,99909,100,100230,100,99908,100
2019-06-28 09:45:50.000000000,100089,162,100067,262,100091,162,100055,162,100097,162,100023,162,100107,162,100022,162,100131,162,99991,162,100152,100,99990,200,100161,100,99915,100,100179,100,99914,100,100210,100,99909,100,100230,100,99908,100
2019-06-28 09:45:51.382141776,100089,162,100067,362,100091,162,100055,162,100097,162,100023,162,100107,162,100022,162,100131,162,99991,162,100152,100,99990,200,100161,100,99915,100,100179,100,99914,100,100210,100,99909,100,100230,100,99908,100
2019-06-28 09:45:56.062059486,100089,62,100067,362,100091,162,100055,162,100097,162,100023,162,100107,162,100022,162,100131,162,99991,162,100152,100,99990,200,100161,100,99915,100,100210,100,99914,100,100230,100,99909,100,100363,100,99908,100
2019-06-28 09:46:00.000000000,100091,178,100067,378,100097,178,100055,178,100107,178,100023,178,100131,178,100022,178,100152,100,99991,100,100161,100,99990,200,100210,100,99915,100,100230,100,99914,100,100363,100,99909,100,100417,100,99908,100
2019-06-28 09:46:02.884865327,100091,178,100067,378,100097,178,100055,178,100107,178,100023,178,100131,178,100022,178,100152,100,99991,100,100161,100,99990,200,100210,100,99915,100,100230,100,99914,100,100363,100,99909,100,100417,100,99908,100
2019-06-28 09:46:10.000000000,100091,178,100067,378,100097,178,100055,178,100107,178,100023,178,100131,178,100022,178,100152,100,99991,100,100161,100,99990,200,100210,100,99915,100,100230,100,99914,100,100363,100,99909,100,100417,100,99908,100
2019-06-28 09:46:20.000000000,100091,256,100067,456,100097,256,100055,256,100107,100,100023,100,100131,100,100022,100,100152,100,99991,100,100161,100,99990,200,100210,100,99915,100,100230,100,99914,100,100363,100,99909,100,100417,100,99908,100
2019-06-28 09:46:30.000000000,100091,162,100067,362,100097,162,100055,162,100107,162,100023,162,100131,162,100022,162,100152,162,99991,162,100161,100,99990,200,100210,100,99915,100,100230,100,99914,100,100363,100,99909,100,100417,100,99908,100
2019-06-28 09:46:40.000000000,100091,412,100067,612,100097,100,100055,100,100107,100,100023,100,100131,100,100022,100,100152,100,99991,100,100161,100,99990,200,100210,100,99915,100,100230,100,99914,100,100363,100,99909,100,100417,100,99908,100
2019-06-28 09:46:40.272725677,100091,412,100067,612,100097,100,100055,100,100107,100,100023,100,100131,100,100022,100,100152,100,99991,100,100161,100,99990,200,100210,100,99914,100,100230,100,99909,100,100363,100,99908,100,100417,100,99895,100
2019-06-28 09:46:50.000000000,100091,412,100067,612,100097,100,100055,100,100107,100,100023,100,100131,100,100022,100,100152,100,99991,100,100161,100,99990,200,100210,100,99914,100,100230,100,99909,100,100363,100,99908,100,100417,100,99895,100
2019-06-28 09:47:00.000000000,100091,412,100067,612,100097,100,100055,100,100107,100,100023,100,100131,100,100022,100,100152,100,99991,100,100161,100,99990,200,100210,100,99914,100,100230,100,99909,100,100363,100,99908,100,100417,100,99895,100
2019-06-28 09:47:10.000000000,100091,206,100067,406,100097,203,100055,203,100107,203,100023,203,100131,100,100022,100,100152,100,99991,100,100161,100,99990,200,100210,100,99914,100,100230,100,99909,100,100363,100,99908,100,100417,100,99895,100
2019-06-28 09:47:20.000000000,100091,162,100067,362,100097,162,100055,162,100107,162,100023,162,100131,162,100022,162,100152,162,99991,162,100161,100,99990,200,100210,100,99914,100,100230,100,99909,100,100363,100,99908,100,100417,100,99895,100
2019-06-28 09:47:26.266472730,100091,62,100067,362,100097,162,100055,162,100107,162,100023,162,100131,62,100022,162,100152,162,99991,162,100161,100,99990,200,100210,100,99914,100,100230,100,99909,100,100363,100,99908,100,100417,100,99895,100
2019-06-28 09:47:30.000000000,100097,256,100067,456,100107,256,100055,256,100152,100,100023,100,100161,100,100022,100,100210,100,99991,100,100230,100,99990,200,100363,100,99914,100,100417,100,99909,100,100491,100,99908,100,100609,100,99895,100
2019-06-28 09:47:40.000000000,100097,162,100067,362,100107,162,100055,162,100152,162,100023,162,100161,162,100022,162,100210,162,99991,162,100230,100,99990,200,100363,100,99914,100,100417,100,99909,100,100491,100,99908,100,100609,100,99895,100
2019-06-28 09:47:50.000000000,100097,206,100067,406,100107,203,100055,203,100152,203,100023,203,100161,100,100022,100,100210,100,99991,100,100230,100,99990,200,100363,100,99914,100,100417,100,99909,100,100491,100,99908,100,100609,100,99895,100
2019-06-28 09:47:56.032175130,100097,106,100067,406,100107,203,100055,203,100152,203,100023,203,100161,100,100022,100,100230,100,99991,100,100363,100,99990,200,100417,100,99914,100,100491,100,99909,100,100609,100,99908,100,100711,100,99895,100
2019-06-28 09:48:00.000000000,100107,178,100067,378,100152,178,100055,178,100161,178,100023,178,100230,178,100022,178,100363,100,99991,100,100417,100,99990,200,100491,100,99914,100,100609,100,99909,100,100711,100,99908,100,100716,100,99895,100
2019-06-28 09:48:09.899875572,100107,78,100067,378,100152,178,100055,178,100161,178,100023,178,100230,178,100022,178,100363,100,99991,100,100417,100,99990,200,100491,100,99914,100,100609,100,99909,100,100716,100,99908,100,100846,100,99895,100
2019-06-28 09:48:10.000000000,100152,162,100067,362,100161,162,100055,162,100230,162,100023,162,100363,162,100022,162,100417,162,99991,162,100491,100,99990,200,100609,100,99914,100,100716,100,99909,100,100846,100,99908,100,101000,100,99895,100
2019-06-28 09:48:20.000000000,100152,256,100067,456,100161,256,100055,256,100230,100,100023,100,100363,100,100022,100,100417,100,99991,100,100491,100,99990,200,100609,100,99914,100,100716,100,99909,100,100846,100,99908,100,101000,100,99895,100
2019-06-28 09:48:20.391727802,100152,256,100067,456,100161,256,100055,256,100230,100,100023,100,100363,100,100022,100,100417,100,99991,100,100491,100,99990,200,100609,100,99914,100,100644,100,99909,100,100716,100,99908,100,100846,100,99895,100
2019-06-28 09:48:30.000000000,100152,162,100067,362,100161,162,100055,162,100230,162,100023,162,100363,162,100022,162,100417,162,99991,162,100491,100,99990,200,100609,100,99914,100,100644,100,99909,100,100716,100,99908,100,100846,100,99895,100
2019-06-28 09:48:37.448242463,100152,62,100067,362,100161,162,100055,162,100230,162,100023,162,100363,162,100022,162,100417,162,99991,162,100491,100,99990,200,100609,100,99914,100,100644,100,99909,100,100716,100,99908,100,100846,100,99895,100
2019-06-28 09:48:40.000000000,100161,412,100067,612,100230,100,100055,100,100363,100,100023,100,100417,100,100022,100,100491,100,99991,100,100609,100,99990,200,100644,100,99914,100,100716,100,99909,100,100846,100,99908,100,101000,100,99895,100
2019-06-28 09:48:40.240714404,100161,412,100107,100,100230,100,100067,512,100363,100,100055,100,100417,100,100023,100,100491,100,100022,100,100609,100,99991,100,100644,100,99990,200,100716,100,99914,100,100846,100,99909,100,101000,100,99908,100
2019-06-28 09:48:44.117966665,100161,412,100107,100,100230,100,100067,512,100363,100,100055,100,100417,100,100023,100,100491,100,100022,100,100609,100,99991,100,100644,100,99990,200,100716,100,99914,100,100832,100,99909,100,100846,100,99908,100
2019-06-28 09:48:50.000000000,100161,178,100107,178,100230,178,100067,278,100363,178,100055,178,100417,178,100023,178,100491,100,100022,100,100609,100,99991,100,100644,100,99990,200,100716,100,99914,100,100832,100,99909,100,100846,100,99908,100
2019-06-28 09:48:54.102617088,100161,178,100107,178,100230,178,100067,278,100363,178,100055,178,100417,178,100023,178,100491,100,100022,100,100609,100,99991,100,100644,100,99990,100,100716,100,99914,100,100832,100,99909,100,100846,100,99908,100
2019-06-28 09:48:59.609584713,100161,78,100107,178,100230,178,100067,278,100363,178,100055,178,100417,178,100023,178,100491,100,100022,100,100609,100,99991,100,100644,100,99990,100,100716,100,99914,100,100832,100,99909,100,100846,100,99908,100
2019-06-28 09:49:00.000000000,100230,206,100107,206,100363,203,100067,303,100417,203,100055,203,100491,100,100023,100,100609,100,100022,100,100644,100,99991,100,100716,100,99990,100,100832,100,99914,100,100846,100,99909,100,101000,100,99908,100
2019-06-28 09:49:00.910269343,100230,206,100152,100,100363,203,100107,206,100417,203,100067,203,100491,100,100055,203,100609,100,100023,100,100644,100,100022,100,100716,100,99991,100,100832,100,99990,100,100846,100,99914,100,101000,100,99909,100
2019-06-28 09:49:07.151156755,100230,206,100152,200,100363,203,100107,206,100417,203,100067,203,100491,100,100055,203,100609,100,100023,100,100644,100,100022,100,100716,100,99991,100,100832,100,99990,100,100846,100,99914,100,101000,100,99909,100
2019-06-28 09:49:10.000000000,100230,178,100152,278,100363,178,100107,178,100417,178,100067,178,100491,178,100055,178,100609,100,100023,100,100644,100,100022,100,100716,100,99991,100,100832,100,99990,100,100846,100,99914,100,101000,100,99909,100
2019-06-28 09:49:20.000000000,100230,178,100152,278,100363,178,100107,178,100417,178,100067,178,100491,178,100055,178,100609,100,100023,100,100644,100,100022,100,100716,100,99991,100,100832,100,99990,100,100846,100,99914,100,101000,100,99909,100
2019-06-28 09:49:23.810473436,100230,78,100152,278,100363,178,100107,178,100417,178,100067,178,100491,178,100055,178,100609,100,100023,100,100644,100,100022,100,100716,100,99991,100,100832,100,99990,100,100846,100,99914,100,101000,100,99909,100
2019-06-28 09:49:28.084151829,100363,178,100230,22,100417,178,100152,278,100491,178,100107,178,100609,100,100067,178,100644,100,100055,178,100716,100,100023,100,100832,100,100022,100,100846,100,99991,100,101000,100,99990,100,101108,100,99914,100
2019-06-28 09:49:29.832877319,100363,78,100230,22,100417,178,100152,278,100491,178,100107,178,100609,100,100067,178,100716,100,100055,178,100832,100,100023,100,100846,100,100022,100,101000,100,99991,100,101108,100,99990,100,,,99914,100
2019-06-28 09:49:30.000000000,100417,206,100230,128,100491,203,100152,303,100609,203,100107,203,100716,100,100067,100,100832,100,100055,100,100846,100,100023,100,101000,100,100022,100,101108,100,99991,100,,,99990,100,,,99914,100
2019-06-28 09:49:33.578546075,100417,206,100230,228,100491,203,100152,303,100609,203,100107,203,100716,100,100067,100,100832,100,100055,100,100846,100,100023,100,101000,100,100022,100,101108,100,99991,100,,,99990,100,,,99914,100
2019-06-28 09:49:40.000000000,100417,256,100230,278,100491,256,100152,356,100609,100,100107,100,100716,100,100067,100,100832,100,100055,100,100846,100,100023,100,101000,100,100022,100,101108,100,99991,100,,,99990,100,,,99914,100
2019-06-28 09:49:41.066433441,100417,156,100230,278,100491,256,100152,356,100609,100,100107,100,100716,100,100067,100,100832,100,100055,100,100846,100,100023,100,101000,100,100022,100,101108,100,99991,100,,,99990,100,,,99914,100
2019-06-28 09:49:50.000000000,100491,206,100230,228,100609,203,100152,303,100716,203,100107,203,100832,100,100067,100,100846,100,100055,100,101000,100,100023,100,101108,100,100022,100,,,99991,100,,,99990,100,,,99914,100
2019-06-28 09:50:00.000000000,100491,178,100230,200,100609,178,100152,278,100716,178,100107,178,100832,178,100067,178,100846,100,100055,100,101000,100,100023,100,101108,100,100022,100,,,99991,100,,,99990,100,,,99914,100
2019-06-28 09:50:10.000000000,100491,178,100230,200,100609,178,100152,278,100716,178,100107,178,100832,178,100067,178,100846,100,100055,100,101000,100,100023,100,101108,100,100022,100,,,99991,100,,,99990,100,,,99914,100
2019-06-28 09:50:16.722164626,100491,178,100363,100,100609,178,100230,200,100716,178,100152,278,100832,178,100107,178,100846,100,100067,178,101000,100,100055,100,101108,100,100023,100,,,100022,100,,,99991,100,,,99990,100
2019-06-28 09:50:20.000000000,100491,206,100363,206,100609,203,100230,225,100716,203,100152,303,100832,100,100107,100,100846,100,100067,100,101000,100,100055,100,101108,100,100023,100,,,100022,100,,,99991,100,,,99990,100
2019-06-28 09:50:30.000000000,100491,256,100363,256,100609,256,100230,278,100716,100,100152,200,100832,100,100107,100,100846,100,100067,100,101000,100,100055,100,101108,100,100023,100,,,100022,100,,,99991,100,,,99990,100
2019-06-28 09:50:40.000000000,100491,256,100363,256,100609,256,100230,278,100716,100,100152,200,100832,100,100107,100,100846,100,100067,100,101000,100,100055,100,101108,100,100023,100,,,100022,100,,,99991,100,,,99990,100
2019-06-28 09:50:50.000000000,100491,178,100363,178,100609,178,100230,200,100716,178,100152,278,100832,178,100107,178,100846,100,100067,100,101000,100,100055,100,101108,100,100023,100,,,100022,100,,,99991,100,,,99990,100
2019-06-28 09:50:58.339117441,100609,178,100491,22,100716,178,100363,178,100832,178,100230,200,100846,100,100152,278,101000,100,100107,178,101108,100,100067,100,,,100055,100,,,100023,100,,,100022,100,,,99991,100
2019-06-28 09:51:00.000000000,100609,256,100491,178,100716,256,100363,256,100832,100,100230,122,100846,100,100152,200,101000,100,100107,100,101108,100,100067,100,,,100055,100,,,100023,100,,,100022,100,,,99991,100
2019-06-28 09:51:10.000000000,100609,178,100491,100,100716,178,100363,178,100832,178,100230,200,100846,178,100152,278,101000,100,100107,100,101108,100,100067,100,,,100055,100,,,100023,100,,,100022,100,,,99991,100
2019-06-28 09:51:20.000000000,100609,178,100491,100,100716,178,100363,178,100832,178,100230,200,100846,178,100152,278,101000,100,100107,100,101108,100,100067,100,,,100055,100,,,100023,100,,,100022,100,,,99991,100
2019-06-28 09:51:29.989524778,100609,78,100491,100,100716,178,100363,178,100832,178,100230,200,100846,178,100152,278,101000,100,100107,100,101108,100,100067,100,,,100055,100,,,100023,100,,,100022,100,,,99991,100
2019-06-28 09:51:30.000000000,100716,412,100491,334,100832,100,100363,100,100846,100,100230,122,101000,100,100152,200,101108,100,100107,100,,,100067,100,,,100055,100,,,100023,100,,,100022,100,,,99991,100
2019-06-28 09:51:40.000000000,100716,162,100491,84,100832,162,100363,162,100846,162,100230,184,101000,162,100152,262,101108,162,100107,162,,,100067,100,,,100055,100,,,100023,100,,,100022,100,,,99991,100
2019-06-28 09:51:50.000000000,100716,178,100491,100,100832,178,100363,178,100846,178,100230,200,101000,178,100152,278,101108,100,100107,100,,,100067,100,,,100055,100,,,100023,100,,,100022,100,,,99991,100
2019-06-28 09:51:54.481293889,100716,178,100491,100,100832,178,100363,178,100846,178,100230,200,101000,178,100152,278,101108,100,100107,100,101869,100,100067,100,,,100055,100,,,100023,100,,,100022,100,,,99991,100
2019-06-28 09:52:00.000000000,100716,178,100491,100,100832,178,100363,178,100846,178,100230,200,101000,178,100152,278,101108,100,100107,100,101869,100,100067,100,,,100055,100,,,100023,100,,,100022,100,,,99991,100
2019-06-28 09:52:01.437751497,100716,178,100492,100,100832,178,100491,100,100846,178,100363,178,101000,178,100230,200,101108,100,100152,278,101869,100,100107,100,,,100067,100,,,100055,100,,,100022,100,,,99991,100
2019-06-28 09:52:02.634227495,100716,178,100492,100,100832,178,100491,100,100846,178,100363,178,101000,178,100230,200,101108,100,100152,278,101745,100,100107,100,101869,100,100067,100,,,100055,100,,,100022,100,,,99991,100
2019-06-28 09:52:10.000000000,100716,178,100492,178,100832,178,100491,100,100846,178,100363,178,101000,178,100230,200,101108,100,100152,200,101745,100,100107,100,101869,100,100067,100,,,100055,100,,,100022,100,,,99991,100
2019-06-28 09:52:13.021585930,100716,178,100492,178,100832,178,100491,100,100846,178,100363,178,101000,178,100230,200,101108,100,100152,200,101745,100,100107,100,101869,100,100067,100,,,100055,100,,,99991,100,,,99990,100
2019-06-28 09:52:20.000000000,100716,178,100492,178,100832,178,100491,100,100846,178,100363,178,101000,178,100230,200,101108,100,100152,200,101745,100,100107,100,101869,100,100067,100,,,100055,100,,,99991,100,,,99990,100
2019-06-28 09:52:25.504705839,100716,178,100492,178,100832,178,100491,100,100846,178,100363,178,101000,178,100230,200,101108,100,100152,200,101745,100,100107,100,101869,100,100067,100,102005,100,100055,100,,,99991,100,,,99990,100
2019-06-28 09:52:30.000000000,100716,162,100492,162,100832,162,100491,84,100846,162,100363,162,101000,162,100230,184,101108,162,100152,262,101745,100,100107,100,101869,100,100067,100,102005,100,100055,100,,,99991,100,,,99990,100
2019-06-28 09:52:34.645150300,100716,62,100492,162,100832,162,100491,84,100846,162,100363,162,101000,162,100230,184,101108,162,100152,262,101745,100,100107,100,101869,100,100067,100,102005,100,100055,100,,,99991,100,,,99990,100
2019-06-28 09:52:40.000000000,100832,256,100492,256,100846,256,100491,178,101000,100,100363,100,101108,100,100230,122,101745,100,100152,200,101869,100,100107,100,102005,100,100067,100,,,100055,100,,,99991,100,,,99990,100
2019-06-28 09:52:42.581362112,100832,256,100492,256,100846,256,100491,178,101000,100,100363,100,101108,100,100230,122,101745,100,100152,200,101869,100,100107,100,101871,100,100067,100,102005,100,100055,100,,,99990,100,,,99914,100
2019-06-28 09:52:50.000000000,100832,162,100492,162,100846,162,100491,84,101000,162,100363,162,101108,162,100230,184,101745,162,100152,262,101869,100,100107,100,101871,100,100067,100,102005,100,100055,100,,,99990,100,,,99914,100
2019-06-28 09:53:00.000000000,100832,206,100492,206,100846,203,100491,125,101000,203,100363,203,101108,100,100230,122,101745,100,100152,200,101869,100,100107,100,101871,100,100067,100,102005,100,100055,100,,,99990,100,,,99914,100
2019-06-28 09:53:03.234345165,100832,206,100492,206,100846,203,100491,125,101000,203,100363,203,101108,100,100230,122,101660,100,100152,200,101745,100,100107,100,101869,100,100067,100,101871,100,100055,100,102005,100,99990,100,,,99914,100
2019-06-28 09:53:06.985923659,100832,206,100492,206,100846,203,100491,125,101000,203,100363,203,101108,100,100230,122,101461,100,100152,200,101660,100,100107,100,101745,100,100067,100,101869,100,100055,100,101871,100,99990,100,102005,100,99914,100
2019-06-28 09:53:10.000000000,100832,162,100492,162,100846,162,100491,84,101000,162,100363,162,101108,162,100230,184,101461,162,100152,262,101660,100,100107,100,101745,100,100067,100,101869,100,100055,100,101871,100,99990,100,102005,100,99914,100
2019-06-28 09:53:10.528909080,100832,62,100492,162,100846,162,100491,84,101000,162,100363,162,101108,162,100230,184,101461,162,100152,262,101660,100,100107,100,101745,100,100067,100,101869,100,100055,100,101871,100,99990,100,102005,100,99914,100
2019-06-28 09:53:14.507664597,100832,62,100492,162,100846,162,100491,84,101000,162,100363,162,101108,162,100230,184,101425,100,100152,262,101461,162,100107,100,101660,100,100067,100,101745,100,100055,100,101869,100,99990,100,101871,100,99914,100
2019-06-28 09:53:20.000000000,100846,256,100492,256,101000,256,100491,178,101108,100,100363,100,101425,100,100230,122,101461,100,100152,200,101660,100,100107,100,101745,100,100067,100,101869,100,100055,100,101871,100,99990,100,102005,100,99914,100
2019-06-28 09:53:30.000000000,100846,206,100492,206,101000,203,100491,125,101108,203,100363,203,101425,100,100230,122,101461,100,100152,200,101660,100,100107,100,101745,100,100067,100,101869,100,100055,100,101871,100,99990,100,102005,100,99914,100
2019-06-28 09:53:40.000000000,100846,206,100492,206,101000,203,100491,125,101108,203,100363,203,101425,100,100230,122,101461,100,100152,200,101660,100,100107,100,101745,100,100067,100,101869,100,100055,100,101871,100,99990,100,102005,100,99914,100
2019-06-28 09:53:49.329924971,100846,206,100492,206,101000,203,100491,125,101108,203,100363,203,101425,100,100230,122,101461,100,100152,200,101534,100,100107,100,101660,100,100067,100,101745,100,100055,100,101869,100,99990,100,101871,100,99914,100
2019-06-28 09:53:50.000000000,100846,178,100492,178,101000,178,100491,100,101108,178,100363,178,101425,178,100230,200,101461,100,100152,200,101534,100,100107,100,101660,100,100067,100,101745,100,100055,100,101869,100,99990,100,101871,100,99914,100
2019-06-28 09:54:00.000000000,100846,206,100492,206,101000,203,100491,125,101108,203,100363,203,101425,100,100230,122,101461,100,100152,200,101534,100,100107,100,101660,100,100067,100,101745,100,100055,100,101869,100,99990,100,101871,100,99914,100
2019-06-28 09:54:10.000000000,100846,256,100492,256,101000,256,100491,178,101108,100,100363,100,101425,100,100230,122,101461,100,100152,200,101534,100,100107,100,101660,100,100067,100,101745,100,100055,100,101869,100,99990,100,101871,100,99914,100
2019-06-28 09:54:20.000000000,100846,162,100492,162,101000,162,100491,84,101108,162,100363,162,101425,162,100230,184,101461,162,100152,262,101534,100,100107,100,101660,100,100067,100,101745,100,100055,100,101869,100,99990,100,101871,100,99914,100
2019-06-28 09:54:30.000000000,100846,256,100492,256,101000,256,100491,178,101108,100,100363,100,101425,100,100230,122,101461,100,100152,200,101534,100,100107,100,101660,100,100067,100,101745,100,100055,100,101869,100,99990,100,101871,100,99914,100
2019-06-28 09:54:33.389228389,100846,256,100492,256,101000,256,100491,178,101106,100,100363,100,101108,100,100230,122,101425,100,100152,200,101461,100,100107,100,101534,100,100067,100,101660,100,100055,100,101745,100,99990,100,101869,100,99914,100
2019-06-28 09:54:36.194813679,100846,256,100716,100,101000,256,100492,256,101106,100,100491,178,101108,100,100363,100,101425,100,100230,122,101461,100,100152,200,101534,100,100107,100,101660,100,100067,100,101745,100,100055,100,101869,100,99990,100
2019-06-28 09:54:40.000000000,100846,162,100716,162,101000,162,100492,162,101106,162,100491,84,101108,162,100363,162,101425,162,100230,184,101461,100,100152,200,101534,100,100107,100,101660,100,100067,100,101745,100,100055,100,101869,100,99990,100
2019-06-28 09:54:50.000000000,100846,178,100716,178,101000,178,100492,178,101106,178,100491,100,101108,178,100363,178,101425,100,100230,122,101461,100,100152,200,101534,100,100107,100,101660,100,100067,100,101745,100,100055,100,101869,100,99990,100
2019-06-28 09:55:00.000000000,100846,412,100716,412,101000,100,100492,100,101106,100,100491,22,101108,100,100363,100,101425,100,100230,122,101461,100,100152,200,101534,100,100107,100,101660,100,100067,100,101745,100,100055,100,101869,100,99990,100
2019-06-28 09:55:10.000000000,100846,412,100716,412,101000,100,100492,100,101106,100,100491,22,101108,100,100363,100,101425,100,100230,122,101461,100,100152,200,101534,100,100107,100,101660,100,100067,100,101745,100,100055,100,101869,100,99990,100
2019-06-28 09:55:19.442720081,100846,412,100716,512,101000,100,100492,100,101106,100,100491,22,101108,100,100363,100,101425,100,100230,122,101461,100,100152,200,101534,100,100107,100,101660,100,100067,100,101745,100,100055,100,101869,100,99990,100
2019-06-28 09:55:20.000000000,100846,178,100716,278,101000,178,100492,178,101106,178,100491,100,101108,178,100363,178,101425,100,100230,122,101461,100,100152,200,101534,100,100107,100,101660,100,100067,100,101745,100,100055,100,101869,100,99990,100
2019-06-28 09:55:30.000000000,100846,412,100716,512,101000,100,100492,100,101106,100,100491,22,101108,100,100363,100,101425,100,100230,122,101461,100,100152,200,101534,100,100107,100,101660,100,100067,100,101745,100,100055,100,101869,100,99990,100
2019-06-28 09:55:30.145057711,100846,312,100716,512,101000,100,100492,100,101106,100,100491,22,101108,100,100363,100,101425,100,100230,122,101461,100,100152,200,101534,100,100107,100,101660,100,100067,100,101745,100,100055,100,101869,100,99990,100
2019-06-28 09:55:40.000000000,101000,162,100716,262,101106,162,100492,162,101108,162,100491,84,101425,162,100363,162,101461,162,100230,184,101534,100,100152,200,101660,100,100107,100,101745,100,100067,100,101869,100,100055,100,101871,100,99990,100
2019-06-28 09:55:40.130410912,101000,162,100832,100,101106,162,100716,262,101108,162,100492,162,101425,162,100491,84,101461,162,100363,162,101534,100,100230,184,101660,100,100152,200,101745,100,100107,100,101869,100,100067,100,101871,100,100055,100
2019-06-28 09:55:50.000000000,101000,256,100832,256,101106,256,100716,356,101108,100,100492,100,101425,100,100491,22,101461,100,100363,100,101534,100,100230,122,101660,100,100152,200,101745,100,100107,100,101869,100,100067,100,101871,100,100055,100
2019-06-28 09:55:53.770781341,101000,256,100832,356,101106,256,100716,356,101108,100,100492,100,101425,100,100491,22,101461,100,100363,100,101534,100,100230,122,101660,100,100152,200,101745,100,100107,100,101869,100,100067,100,101871,100,100055,100
2019-06-28 09:55:59.070353017,101000,256,100832,456,101106,256,100716,356,101108,100,100492,100,101425,100,100491,22,101461,100,100363,100,101534,100,100230,122,101660,100,100152,100,101745,100,100107,100,101869,100,100067,100,101871,100,100055,100
2019-06-28 09:55:59.669547470,101000,156,100832,456,101106,256,100716,356,101108,100,100492,100,101425,100,100491,22,101461,100,100363,100,101534,100,100230,122,101660,100,100152,100,101745,100,100107,100,101869,100,100067,100,101871,100,100055,100
2019-06-28 09:56:00.000000000,101106,178,100832,378,101108,178,100716,278,101425,178,100492,178,101461,178,100491,100,101534,100,100363,100,101660,100,100230,122,101745,100,100152,100,101869,100,100107,100,101871,100,100067,100,102005,100,100055,100
2019-06-28 09:56:10.000000000,101106,162,100832,362,101108,162,100716,262,101425,162,100492,162,101461,162,100491,84,101534,162,100363,162,101660,100,100230,122,101745,100,100152,100,101869,100,100107,100,101871,100,100067,100,102005,100,100055,100
2019-06-28 09:56:20.000000000,101106,162,100832,362,101108,162,100716,262,101425,162,100492,162,101461,162,100491,84,101534,162,100363,162,101660,100,100230,122,101745,100,100152,100,101869,100,100107,100,101871,100,100067,100,102005,100,100055,100
2019-06-28 09:56:30.000000000,101106,162,100832,362,101108,162,100716,262,101425,162,100492,162,101461,162,100491,84,101534,162,100363,162,101660,100,100230,122,101745,100,100152,100,101869,100,100107,100,101871,100,100067,100,102005,100,100055,100
2019-06-28 09:56:31.252783064,101106,162,101035,100,101108,162,100832,362,101425,162,100716,262,101461,162,100492,162,101534,162,100491,62,101660,100,100363,162,101745,100,100230,122,101869,100,100152,100,101871,100,100107,100,102005,100,100067,100
2019-06-28 09:56:40.000000000,101106,178,101035,178,101108,178,100832,378,101425,178,100716,278,101461,178,100492,178,101534,100,100363,100,101660,100,100230,122,101745,100,100152,100,101869,100,100107,100,101871,100,100067,100,102005,100,100055,100
2019-06-28 09:56:49.678328503,101106,178,101035,178,101108,178,100846,100,101425,178,100832,378,101461,178,100716,278,101534,100,100492,178,101660,100,100363,100,101745,100,100230,122,101869,100,100152,100,101871,100,100107,100,102005,100,100067,100
2019-06-28 09:56:50.000000000,101106,412,101035,412,101108,100,100846,100,101425,100,100832,300,101461,100,100716,200,101534,100,100492,100,101660,100,100363,100,101745,100,100230,122,101869,100,100152,100,101871,100,100107,100,102005,100,100067,100
2019-06-28 09:57:00.000000000,101106,178,101035,178,101108,178,100846,178,101425,178,100832,378,101461,178,100716,278,101534,100,100492,100,101660,100,100363,100,101745,100,100230,122,101869,100,100152,100,101871,100,100107,100,102005,100,100067,100
2019-06-28 09:57:05.749697637,101106,78,101035,178,101108,178,100846,178,101425,178,100832,378,101461,178,100716,278,101534,100,100492,100,101660,100,100363,100,101745,100,100230,122,101869,100,100152,100,101871,100,100107,100,102005,100,100067,100
2019-06-28 09:57:10.000000000,101108,162,101035,162,101425,162,100846,162,101461,162,100832,362,101534,162,100716,262,101660,162,100492,162,101745,100,100363,100,101869,100,100230,122,101871,100,100152,100,102005,100,100107,100,,,100067,100
2019-06-28 09:57:10.220067745,101108,62,101035,162,101425,162,100846,162,101461,162,100832,362,101534,162,100716,262,101660,162,100492,162,101745,100,100363,100,101869,100,100230,122,101871,100,100152,100,102005,100,100107,100,,,100067,100
2019-06-28 09:57:12.900753658,101108,62,101035,162,101425,162,100846,162,101426,100,100832,362,101461,162,100716,262,101534,162,100492,162,101660,162,100363,100,101745,100,100230,122,101869,100,100152,100,101871,100,100107,100,102005,100,100067,100
2019-06-28 09:57:20.000000000,101425,412,101035,412,101426,100,100846,100,101461,100,100832,300,101534,100,100716,200,101660,100,100492,100,101745,100,100363,100,101869,100,100230,122,101871,100,100152,100,102005,100,100107,100,,,100067,100
2019-06-28 09:57:30.000000000,101425,206,101035,206,101426,203,100846,203,101461,203,100832,403,101534,100,100716,200,101660,100,100492,100,101745,100,100363,100,101869,100,100230,122,101871,100,100152,100,102005,100,100107,100,,,100067,100
2019-06-28 09:57:36.451558586,101363,100,101035,206,101425,206,100846,203,101426,203,100832,403,101461,203,100716,200,101534,100,100492,100,101660,100,100363,100,101745,100,100230,122,101869,100,100152,100,101871,100,100107,100,102005,100,100067,100
2019-06-28 09:57:40.000000000,101363,178,101035,178,101425,178,100846,178,101426,178,100832,378,101461,178,100716,278,101534,100,100492,100,101660,100,100363,100,101745,100,100230,122,101869,100,100152,100,101871,100,100107,100,102005,100,100067,100
2019-06-28 09:57:50.000000000,101363,412,101035,412,101425,100,100846,100,101426,100,100832,300,101461,100,100716,200,101534,100,100492,100,101660,100,100363,100,101745,100,100230,122,101869,100,100152,100,101871,100,100107,100,102005,100,100067,100
2019-06-28 09:57:54.278692757,101339,100,101035,412,101363,312,100846,100,101425,100,100832,300,101426,100,100716,200,101461,100,100492,100,101534,100,100363,100,101660,100,100230,122,101745,100,100152,100,101869,100,100107,100,101871,100,100067,100
2019-06-28 09:58:00.000000000,101339,162,101035,162,101425,162,100846,162,101426,162,100832,362,101461,162,100716,262,101534,162,100492,162,101660,100,100363,100,101745,100,100230,122,101869,100,100152,100,101871,100,100107,100,102005,100,100067,100
2019-06-28 09:58:10.000000000,101339,206,101035,206,101425,203,100846,203,101426,203,100832,403,101461,100,100716,200,101534,100,100492,100,101660,100,100363,100,101745,100,100230,122,101869,100,100152,100,101871,100,100107,100,102005,100,100067,100
2019-06-28 09:58:17.213199147,101339,206,101035,206,101425,103,100957,100,101426,203,100846,203,101461,100,100832,403,101534,100,100716,200,101660,100,100492,100,101745,100,100363,100,101869,100,100230,122,101871,100,100152,100,102005,100,100107,100
2019-06-28 09:58:20.000000000,101339,178,101035,178,101426,178,100957,178,101461,178,100846,178,101534,178,100832,378,101660,100,100716,200,101745,100,100492,100,101869,100,100363,100,101871,100,100230,122,102005,100,100152,100,,,100107,100
2019-06-28 09:58:30.000000000,101339,162,101035,162,101426,162,100957,162,101461,162,100846,162,101534,162,100832,362,101660,162,100716,262,101745,100,100492,100,101869,100,100363,100,101871,100,100230,122,102005,100,100152,100,,,100107,100
2019-06-28 09:58:40.000000000,101339,256,101035,256,101426,256,100957,256,101461,100,100846,100,101534,100,100832,300,101660,100,100716,200,101745,100,100492,100,101869,100,100363,100,101871,100,100230,122,102005,100,100152,100,,,100107,100
2019-06-28 09:58:50.000000000,101339,178,101035,178,101426,178,100957,178,101461,178,100846,178,101534,178,100832,378,101660,100,100716,200,101745,100,100492,100,101869,100,100363,100,101871,100,100230,122,102005,100,100152,100,,,100107,100
2019-06-28 09:58:57.668811689,101339,178,101035,78,101426,178,100957,178,101461,178,100846,178,101534,178,100832,378,101660,100,100716,200,101745,100,100492,100,101869,100,100363,100,101871,100,100230,122,102005,100,100152,100,,,100107,100
2019-06-28 09:59:00.000000000,101339,178,100957,178,101426,178,100846,178,101461,178,100832,378,101534,178,100716,278,101660,100,100492,100,101745,100,100363,100,101869,100,100230,122,101871,100,100152,100,102005,100,100107,100,,,100067,100
2019-06-28 09:59:10.000000000,101339,412,100957,412,101426,100,100846,100,101461,100,100832,300,101534,100,100716,200,101660,100,100492,100,101745,100,100363,100,101869,100,100230,122,101871,100,100152,100,102005,100,100107,100,,,100067,100
2019-06-28 09:59:20.000000000,101339,256,100957,256,101426,256,100846,256,101461,100,100832,300,101534,100,100716,200,101660,100,100492,100,101745,100,100363,100,101869,100,100230,122,101871,100,100152,100,102005,100,100107,100,,,100067,100
2019-06-28 09:59:21.856328788,101339,256,100957,156,101426,256,100846,256,101461,100,100832,300,101534,100,100716,200,101660,100,100492,100,101745,100,100363,100,101869,100,100230,122,101871,100,100152,100,102005,100,100107,100,,,100067,100
2019-06-28 09:59:22.111584246,101339,256,100957,156,101426,256,100846,256,101461,100,100832,300,101534,100,100716,200,101660,100,100492,100,101745,100,100363,100,101869,100,100230,122,101871,100,100152,100,102005,100,100067,100,,,100055,100
2019-06-28 09:59:24.877707073,101339,256,100957,56,101426,256,100846,256,101461,100,100832,300,101534,100,100716,200,101660,100,100492,100,101745,100,100363,100,101869,100,100230,122,101871,100,100152,100,102005,100,100067,100,,,100055,100
2019-06-28 09:59:28.046097085,100957,44,100846,256,101339,256,100832,300,101426,256,100716,200,101461,100,100492,100,101534,100,100363,100,101660,100,100230,122,101745,100,100152,100,101869,100,100067,100,101871,100,100055,100,102005,100,99990,100
2019-06-28 09:59:30.000000000,100957,122,100846,178,101339,178,100832,378,101426,178,100716,278,101461,178,100492,178,101534,100,100363,100,101660,100,100230,122,101745,100,100152,100,101869,100,100067,100,101871,100,100055,100,102005,100,99990,100
2019-06-28 09:59:32.296231261,100957,122,100846,78,101339,178,100832,378,101426,178,100716,278,101461,178,100492,178,101534,100,100363,100,101660,100,100230,122,101745,100,100152,100,101869,100,100067,100,101871,100,100055,100,102005,100,99990,100
2019-06-28 09:59:40.000000000,100957,200,100832,456,101339,256,100716,356,101426,100,100492,100,101461,100,100363,100,101534,100,100230,122,101660,100,100152,100,101745,100,100067,100,101869,100,100055,100,101871,100,99990,100,102005,100,99914,100
2019-06-28 09:59:50.000000000,100957,200,100832,456,101339,256,100716,356,101426,100,100492,100,101461,100,100363,100,101534,100,100230,122,101660,100,100152,100,101745,100,100067,100,101869,100,100055,100,101871,100,99990,100,102005,100,99914,100
2019-06-28 09:59:56.319918986,100957,200,100832,456,101339,256,100716,356,101426,100,100570,100,101461,100,100492,100,101534,100,100363,100,101660,100,100230,122,101745,100,100152,100,101869,100,100067,100,101871,100,100055,100,102005,100,99990,100
2019-06-28 10:00:00.000000000,100957,356,100832,612,101339,100,100716,200,101426,100,100570,100,101461,100,100492,100,101534,100,100363,100,101660,100,100230,122,101745,100,100152,100,101869,100,100067,100,101871,100,100055,100,102005,100,99990,100
2019-06-28 10:00:03.605413527,100957,356,100832,512,101339,100,100716,200,101426,100,100570,100,101461,100,100492,100,101534,100,100363,100,101660,100,100230,122,101745,100,100152,100,101869,100,100067,100,101871,100,100055,100,102005,100,99990,100
2019-06-28 10:00:04.494577804,100957,356,100832,512,101339,100,100716,200,101426,100,100570,100,101461,100,100492,100,101660,100,100363,100,101745,100,100343,100,101869,100,100230,122,101871,100,100152,100,102005,100,100067,100,,,100055,100
2019-06-28 10:00:07.292424108,100846,100,100832,512,100957,356,100716,200,101339,100,100570,100,101426,100,100492,100,101461,100,100363,100,101660,100,100343,100,101745,100,100230,122,101869,100,100152,100,101871,100,100067,100,102005,100,99990,100
2019-06-28 10:00:10.000000000,100846,256,100832,356,100957,200,100716,356,101339,100,100570,100,101426,100,100492,100,101461,100,100363,100,101660,100,100343,100,101745,100,100230,122,101869,100,100152,100,101871,100,100067,100,102005,100,99990,100
2019-06-28 10:00:20.000000000,100846,178,100832,278,100957,122,100716,278,101339,178,100570,178,101426,178,100492,178,101461,100,100363,100,101660,100,100343,100,101745,100,100230,122,101869,100,100152,100,101871,100,100067,100,102005,100,99990,100
2019-06-28 10:00:29.814912503,100846,178,100832,178,100957,122,100716,278,101339,178,100570,178,101426,178,100492,178,101461,100,100363,100,101660,100,100343,100,101745,100,100230,100,101869,100,100152,100,101871,100,100067,100,102005,100,99990,100
2019-06-28 10:00:30.000000000,100846,178,100832,178,100957,122,100716,278,101339,178,100570,178,101426,178,100492,178,101461,100,100363,100,101660,100,100343,100,101745,100,100230,100,101869,100,100152,100,101871,100,100067,100,102005,100,99990,100
2019-06-28 10:00:38.941165849,100846,178,100832,78,100957,122,100716,278,101339,178,100570,178,101426,178,100492,178,101461,100,100363,100,101660,100,100343,100,101745,100,100230,100,101869,100,100152,100,101871,100,100067,100,102005,100,99990,100
2019-06-28 10:00:39.974847118,100832,22,100716,278,100846,178,100570,178,100957,122,100492,178,101339,178,100363,100,101426,178,100343,100,101461,100,100230,100,101660,100,100152,100,101869,100,100067,100,101871,100,99990,100,102005,100,99914,100
2019-06-28 10:00:40.000000000,100832,334,100716,512,100846,100,100570,100,100957,44,100492,100,101339,100,100363,100,101426,100,100343,100,101461,100,100230,100,101660,100,100152,100,101869,100,100067,100,101871,100,99990,100,102005,100,99914,100
2019-06-28 10:00:50.000000000,100832,128,100716,306,100846,203,100570,203,100957,147,100492,203,101339,100,100363,100,101426,100,100343,100,101461,100,100230,100,101660,100,100152,100,101869,100,100067,100,101871,100,99990,100,102005,100,99914,100
2019-06-28 10:01:00.000000000,100832,178,100716,356,100846,256,100570,256,100957,44,100492,100,101339,100,100363,100,101426,100,100343,100,101461,100,100230,100,101660,100,100152,100,101869,100,100067,100,101871,100,99990,100,102005,100,99914,100
2019-06-28 10:01:04.031321942,100832,178,100716,356,100846,256,100652,100,100957,44,100570,256,101339,100,100492,100,101426,100,100363,100,101461,100,100343,100,101660,100,100230,100,101869,100,100152,100,101871,100,100067,100,102005,100,99990,100
2019-06-28 10:01:10.000000000,100832,84,100716,262,100846,162,100652,162,100957,106,100570,162,101339,162,100492,162,101426,162,100363,162,101461,100,100343,100,101660,100,100230,100,101869,100,100152,100,101871,100,100067,100,102005,100,99990,100
2019-06-28 10:01:20.000000000,100832,334,100716,512,100846,100,100652,100,100957,44,100570,100,101339,100,100492,100,101426,100,100363,100,101461,100,100343,100,101660,100,100230,100,101869,100,100152,100,101871,100,100067,100,102005,100,99990,100
2019-06-28 10:01:30.000000000,100832,128,100716,306,100846,203,100652,203,100957,147,100570,203,101339,100,100492,100,101426,100,100363,100,101461,100,100343,100,101660,100,100230,100,101869,100,100152,100,101871,100,100067,100,102005,100,99990,100
2019-06-28 10:01:40.000000000,100832,178,100716,356,100846,256,100652,256,100957,44,100570,100,101339,100,100492,100,101426,100,100363,100,101461,100,100343,100,101660,100,100230,100,101869,100,100152,100,101871,100,100067,100,102005,100,99990,100
2019-06-28 10:01:44.640444672,100832,78,100716,356,100846,256,100652,256,100957,44,100570,100,101339,100,100492,100,101426,100,100363,100,101461,100,100343,100,101660,100,100230,100,101869,100,100152,100,101871,100,100067,100,102005,100,99990,100
2019-06-28 10:01:46.012166665,100846,256,100832,22,100957,44,100716,356,101339,100,100652,256,101426,100,100570,100,101461,100,100492,100,101660,100,100363,100,101869,100,100343,100,101871,100,100230,100,102005,100,100152,100,,,100067,100
2019-06-28 10:01:49.840896984,100846,156,100832,22,100957,44,100716,356,101339,100,100652,256,101426,100,100492,100,101461,100,100363,100,101660,100,100343,100,101869,100,100230,100,101871,100,100152,100,102005,100,100067,100,,,99990,100
2019-06-28 10:01:50.000000000,100957,106,100832,84,101339,162,100716,262,101426,162,100652,162,101461,162,100492,162,101660,162,100363,162,101869,100,100343,100,101871,100,100230,100,102005,100,100152,100,,,100067,100,,,99990,100
2019-06-28 10:02:00.000000000,100957,200,100832,178,101339,256,100716,356,101426,100,100652,100,101461,100,100492,100,101660,100,100363,100,101869,100,100343,100,101871,100,100230,100,102005,100,100152,100,,,100067,100,,,99990,100
2019-06-28 10:02:02.093442269,100957,200,100832,178,101118,100,100716,356,101339,256,100652,100,101426,100,100492,100,101461,100,100363,100,101660,100,100343,100,101869,100,100230,100,101871,100,100152,100,102005,100,100067,100,,,99990,100
2019-06-28 10:02:10.000000000,100957,106,100832,84,101118,162,100716,262,101339,162,100652,162,101426,162,100492,162,101461,162,100363,162,101660,100,100343,100,101869,100,100230,100,101871,100,100152,100,102005,100,100067,100,,,99990,100
2019-06-28 10:02:20.000000000,100957,356,100832,334,101118,100,100716,200,101339,100,100652,100,101426,100,100492,100,101461,100,100363,100,101660,100,100343,100,101869,100,100230,100,101871,100,100152,100,102005,100,100067,100,,,99990,100
2019-06-28 10:02:26.510385614,100957,356,100832,434,101118,100,100716,200,101339,100,100652,100,101426,100,100492,100,101461,100,100363,100,101660,100,100343,100,101869,100,100230,100,101871,100,100152,100,102005,100,100067,100,,,99914,100
2019-06-28 10:02:30.000000000,100957,356,100832,434,101118,100,100716,200,101339,100,100652,100,101426,100,100492,100,101461,100,100363,100,101660,100,100343,100,101869,100,100230,100,101871,100,100152,100,102005,100,100067,100,,,99914,100
2019-06-28 10:02:30.585238194,100957,256,100832,434,101118,100,100716,200,101339,100,100652,100,101426,100,100492,100,101461,100,100363,100,101660,100,100343,100,101869,100,100230,100,101871,100,100152,100,102005,100,100067,100,,,99914,100
2019-06-28 10:02:40.000000000,101118,206,100832,228,101339,203,100716,303,101426,203,100652,203,101461,100,100492,100,101660,100,100363,100,101869,100,100343,100,101871,100,100230,100,102005,100,100152,100,,,100067,100,,,99914,100
2019-06-28 10:02:42.020526436,101118,106,100832,228,101339,203,100716,303,101426,203,100652,203,101461,100,100492,100,101660,100,100363,100,101869,100,100343,100,101871,100,100230,100,102005,100,100152,100,,,100067,100,,,99914,100
2019-06-28 10:02:42.153356906,101118,106,100832,228,101339,203,100716,303,101382,100,100652,203,101426,203,100492,100,101461,100,100363,100,101660,100,100343,100,101869,100,100230,100,101871,100,100152,100,102005,100,100067,100,,,99914,100
2019-06-28 10:02:50.000000000,101339,178,100832,200,101382,178,100716,278,101426,178,100652,178,101461,178,100492,178,101660,100,100363,100,101869,100,100343,100,101871,100,100230,100,102005,100,100152,100,,,100067,100,,,99914,100
2019-06-28 10:03:00.000000000,101339,206,100832,228,101382,203,100716,303,101426,203,100652,203,101461,100,100492,100,101660,100,100363,100,101869,100,100343,100,101871,100,100230,100,102005,100,100152,100,,,100067,100,,,99914,100
2019-06-28 10:03:05.179260175,101339,206,100832,228,101382,203,100716,303,101426,203,100652,203,101461,100,100492,100,101522,100,100363,100,101660,100,100343,100,101869,100,100230,100,101871,100,100152,100,102005,100,100067,100,,,99914,100
2019-06-28 10:03:10.000000000,101339,162,100832,184,101382,162,100716,262,101426,162,100652,162,101461,162,100492,162,101522,162,100363,162,101660,100,100343,100,101869,100,100230,100,101871,100,100152,100,102005,100,100067,100,,,99914,100
2019-06-28 10:03:17.299410889,101339,162,100832,184,101382,162,100716,262,101426,162,100652,162,101461,162,100492,162,101477,100,100363,162,101522,162,100343,100,101660,100,100230,100,101869,100,100152,100,102005,100,100067,100,,,99914,100
2019-06-28 10:03:20.000000000,101339,412,100832,434,101382,100,100716,200,101426,100,100652,100,101461,100,100492,100,101477,100,100363,100,101522,100,100343,100,101660,100,100230,100,101869,100,100152,100,102005,100,100067,100,,,99914,100
2019-06-28 10:03:30.000000000,101339,178,100832,200,101382,178,100716,278,101426,178,100652,178,101461,178,100492,178,101477,100,100363,100,101522,100,100343,100,101660,100,100230,100,101869,100,100152,100,102005,100,100067,100,,,99914,100
2019-06-28 10:03:30.356847627,101339,178,101118,100,101382,178,100832,200,101426,178,100716,278,101461,178,100652,178,101477,100,100492,178,101522,100,100363,100,101660,100,100343,100,101869,100,100230,100,102005,100,100152,100,,,100067,100
2019-06-28 10:03:40.000000000,101339,162,101118,162,101382,162,100832,184,101426,162,100716,262,101461,162,100652,162,101477,162,100492,162,101522,100,100363,100,101660,100,100343,100,101869,100,100230,100,102005,100,100152,100,,,100067,100
2019-06-28 10:03:41.406294335,101339,162,101118,162,101382,162,100832,184,101404,100,100716,262,101426,162,100652,162,101461,162,100492,162,101477,162,100363,100,101522,100,100343,100,101660,100,100230,100,101869,100,100152,100,102005,100,100067,100
2019-06-28 10:03:47.119374078,101339,162,101291,100,101382,162,101118,162,101404,100,100832,184,101426,162,100716,262,101461,162,100652,162,101477,162,100492,162,101660,100,100363,100,101869,100,100343,100,102005,100,100230,100,,,100152,100
2019-06-28 10:03:50.000000000,101339,162,101291,162,101382,162,101118,162,101404,162,100832,184,101426,162,100716,262,101461,162,100652,162,101477,100,100492,100,101660,100,100363,100,101869,100,100343,100,102005,100,100230,100,,,100152,100
2019-06-28 10:04:00.000000000,101339,412,101291,412,101382,100,101118,100,101404,100,100832,122,101426,100,100716,200,101461,100,100652,100,101477,100,100492,100,101660,100,100363,100,101869,100,100343,100,102005,100,100230,100,,,100152,100
2019-06-28 10:04:10.000000000,101339,256,101291,256,101382,256,101118,256,101404,100,100832,122,101426,100,100716,200,101461,100,100652,100,101477,100,100492,100,101660,100,100363,100,101869,100,100343,100,102005,100,100230,100,,,100152,100
2019-06-28 10:04:20.000000000,101339,162,101291,162,101382,162,101118,162,101404,162,100832,184,101426,162,100716,262,101461,162,100652,162,101477,100,100492,100,101660,100,100363,100,101869,100,100343,100,102005,100,100230,100,,,100152,100
2019-06-28 10:04:20.380257589,101339,162,101291,62,101382,162,101118,162,101404,162,100832,184,101426,162,100716,262,101461,162,100652,162,101477,100,100492,100,101660,100,100363,100,101869,100,100343,100,102005,100,100230,100,,,100152,100
2019-06-28 10:04:30.000000000,101339,178,101118,178,101382,178,100832,200,101404,178,100716,278,101426,178,100652,178,101461,100,100492,100,101477,100,100363,100,101660,100,100343,100,101869,100,100230,100,102005,100,100152,100,,,100067,100
2019-06-28 10:04:40.000000000,101339,178,101118,178,101382,178,100832,200,101404,178,100716,278,101426,178,100652,178,101461,100,100492,100,101477,100,100363,100,101660,100,100343,100,101869,100,100230,100,102005,100,100152,100,,,100067,100
2019-06-28 10:04:45.335064664,101339,178,101118,178,101382,178,100979,100,101404,178,100832,200,101426,178,100716,278,101461,100,100652,178,101477,100,100492,100,101660,100,100363,100,101869,100,100343,100,102005,100,100230,100,,,100152,100
2019-06-28 10:04:49.516623939,101291,100,101118,178,101339,178,100979,100,101382,178,100832,200,101404,178,100716,278,101426,178,100652,178,101461,100,100492,100,101477,100,100363,100,101660,100,100343,100,101869,100,100230,100,102005,100,100152,100
2019-06-28 10:04:50.000000000,101291,256,101118,256,101339,256,100979,256,101382,100,100832,122,101404,100,100716,200,101426,100,100652,100,101461,100,100492,100,101477,100,100363,100,101660,100,100343,100,101869,100,100230,100,102005,100,100152,100
2019-06-28 10:04:52.639149946,101119,100,101118,256,101291,256,100979,256,101339,256,100832,122,101382,100,100716,200,101404,100,100652,100,101426,100,100492,100,101461,100,100363,100,101660,100,100343,100,101869,100,100230,100,102005,100,100152,100
2019-06-28 10:04:56.257896743,101119,100,101118,156,101291,256,100979,256,101339,256,100832,122,101382,100,100716,200,101404,100,100652,100,101426,100,100492,100,101461,100,100363,100,101660,100,100343,100,101869,100,100230,100,102005,100,100152,100
2019-06-28 10:05:00.000000000,101119,412,100979,412,101291,100,100832,122,101339,100,100716,200,101382,100,100652,100,101404,100,100492,100,101426,100,100363,100,101461,100,100343,100,101660,100,100230,100,101869,100,100152,100,102005,100,100067,100
2019-06-28 10:05:09.855995047,101119,312,100979,412,101291,100,100832,122,101339,100,100716,200,101382,100,100652,100,101404,100,100492,100,101426,100,100363,100,101461,100,100343,100,101660,100,100230,100,101869,100,100152,100,102005,100,100067,100
2019-06-28 10:05:10.000000000,101291,178,100979,178,101339,178,100832,200,101382,178,100716,278,101404,178,100652,178,101426,100,100492,100,101461,100,100363,100,101660,100,100343,100,101869,100,100230,100,102005,100,100152,100,,,100067,100
2019-06-28 10:05:11.433729643,101291,178,100979,178,101339,178,100855,100,101382,178,100832,200,101404,178,100716,278,101426,100,100652,178,101461,100,100492,100,101660,100,100363,100,101869,100,100343,100,102005,100,100230,100,,,100152,100
2019-06-28 10:05:19.299960635,101291,178,100979,178,101339,178,100944,100,101382,178,100855,100,101404,178,100832,200,101426,100,100716,278,101461,100,100652,178,101660,100,100492,100,101869,100,100363,100,102005,100,100343,100,,,100230,100
2019-06-28 10:05:20.000000000,101291,206,100979,206,101339,203,100944,203,101382,203,100855,203,101404,100,100832,122,101426,100,100716,200,101461,100,100652,100,101660,100,100492,100,101869,100,100363,100,102005,100,100343,100,,,100230,100
2019-06-28 10:05:30.000000000,101291,412,100979,412,101339,100,100944,100,101382,100,100855,100,101404,100,100832,122,101426,100,100716,200,101461,100,100652,100,101660,100,100492,100,101869,100,100363,100,102005,100,100343,100,,,100230,100
2019-06-28 10:05:35.470677783,101291,412,101133,100,101339,100,100979,412,101382,100,100944,100,101404,100,100855,100,101426,100,100832,122,101461,100,100716,200,101660,100,100652,100,101869,100,100492,100,102005,100,100363,100,,,100343,100
2019-06-28 10:05:38.533951671,101291,412,101133,100,101339,100,101071,100,101382,100,100979,412,101404,100,100944,100,101426,100,100855,100,101461,100,100832,122,101660,100,100716,200,101869,100,100652,100,102005,100,100492,100,,,100363,100
2019-06-28 10:05:40.000000000,101291,178,101133,178,101339,178,101071,178,101382,178,100979,178,101404,178,100944,178,101426,100,100855,100,101461,100,100832,122,101660,100,100716,200,101869,100,100652,100,102005,100,100492,100,,,100363,100
2019-06-28 10:05:50.000000000,101291,256,101133,256,101339,256,101071,256,101382,100,100979,100,101404,100,100944,100,101426,100,100855,100,101461,100,100832,122,101660,100,100716,200,101869,100,100652,100,102005,100,100492,100,,,100363,100
2019-06-28 10:06:00.000000000,101291,412,101133,412,101339,100,101071,100,101382,100,100979,100,101404,100,100944,100,101426,100,100855,100,101461,100,100832,122,101660,100,100716,200,101869,100,100652,100,102005,100,100492,100,,,100363,100
2019-06-28 10:06:10.000000000,101291,256,101133,256,101339,256,101071,256,101382,100,100979,100,101404,100,100944,100,101426,100,100855,100,101461,100,100832,122,101660,100,100716,200,101869,100,100652,100,102005,100,100492,100,,,100363,100
2019-06-28 10:06:10.613749639,101272,100,101133,256,101291,256,101071,256,101339,256,100979,100,101382,100,100944,100,101404,100,100855,100,101426,100,100832,122,101461,100,100716,200,101660,100,100652,100,101869,100,100492,100,102005,100,100363,100
2019-06-28 10:06:10.675294149,101272,100,101133,156,101291,256,101071,256,101339,256,100979,100,101382,100,100944,100,101404,100,100855,100,101426,100,100832,122,101461,100,100716,200,101660,100,100652,100,101869,100,100492,100,102005,100,100363,100
2019-06-28 10:06:20.000000000,101272,256,101071,256,101291,256,100979,256,101339,100,100944,100,101382,100,100855,100,101404,100,100832,122,101426,100,100716,200,101461,100,100652,100,101660,100,100492,100,101869,100,100363,100,102005,100,100343,100
2019-06-28 10:06:30.000000000,101272,206,101071,206,101291,203,100979,203,101339,203,100944,203,101382,100,100855,100,101404,100,100832,122,101426,100,100716,200,101461,100,100652,100,101660,100,100492,100,101869,100,100363,100,102005,100,100343,100
2019-06-28 10:06:40.000000000,101272,162,101071,162,101291,162,100979,162,101339,162,100944,162,101382,162,100855,162,101404,162,100832,184,101426,100,100716,200,101461,100,100652,100,101660,100,100492,100,101869,100,100363,100,102005,100,100343,100
2019-06-28 10:06:50.000000000,101272,256,101071,256,101291,256,100979,256,101339,100,100944,100,101382,100,100855,100,101404,100,100832,122,101426,100,100716,200,101461,100,100652,100,101660,100,100492,100,101869,100,100363,100,102005,100,100343,100
2019-06-28 10:07:00.000000000,101272,256,101071,256,101291,256,100979,256,101339,100,100944,100,101382,100,100855,100,101404,100,100832,122,101426,100,100716,200,101461,100,100652,100,101660,100,100492,100,101869,100,100363,100,102005,100,100343,100
2019-06-28 10:07:09.583905999,101272,256,101071,256,101291,256,100979,256,101339,100,100944,100,101382,100,100855,100,101404,100,100832,122,101426,100,100716,200,101461,100,100652,100,101660,100,100492,100,101869,100,100343,100,102005,100,100230,100
2019-06-28 10:07:10.000000000,101272,178,101071,178,101291,178,100979,178,101339,178,100944,178,101382,178,100855,178,101404,100,100832,122,101426,100,100716,200,101461,100,100652,100,101660,100,100492,100,101869,100,100343,100,102005,100,100230,100
2019-06-28 10:07:17.157693527,101171,100,101071,178,101272,178,100979,178,101291,178,100944,178,101339,178,100855,178,101382,178,100832,122,101404,100,100716,200,101426,100,100652,100,101461,100,100492,100,101660,100,100343,100,101869,100,100230,100
2019-06-28 10:07:18.112501305,101171,100,101071,178,101272,178,100979,178,101291,178,100944,178,101339,178,100855,178,101382,178,100832,122,101404,100,100716,200,101426,100,100652,100,101461,100,100492,100,101660,100,100343,100,101869,100,100230,100
2019-06-28 10:07:20.000000000,101171,412,101071,412,101272,100,100979,100,101291,100,100944,100,101339,100,100855,100,101382,100,100832,122,101404,100,100716,200,101426,100,100652,100,101461,100,100492,100,101660,100,100343,100,101869,100,100230,100
