,ask_price_1,ask_size_1,bid_price_1,bid_size_1,ask_price_2,ask_size_2,bid_price_2,bid_size_2,ask_price_3,ask_size_3,bid_price_3,bid_size_3,ask_price_4,ask_size_4,bid_price_4,bid_size_4,ask_price_5,ask_size_5,bid_price_5,bid_size_5,ask_price_6,ask_size_6,bid_price_6,bid_size_6,ask_price_7,ask_size_7,bid_price_7,bid_size_7,ask_price_8,ask_size_8,bid_price_8,bid_size_8,ask_price_9,ask_size_9,bid_price_9,bid_size_9,ask_price_10,ask_size_10,bid_price_10,bid_size_10
2019-06-28 09:30:00.000000000,,,99869,100,,,99845,100,,,,,,,,,,,,,,,,,,,,,,,,,,,,,,,,
2019-06-28 09:30:00.000000001,100081,100,99869,100,,,99845,100,,,,,,,,,,,,,,,,,,,,,,,,,,,,,,,,
2019-06-28 09:30:00.000000002,100081,100,100048,100,,,100004,100,,,99869,100,,,99845,100,,,,,,,,,,,,,,,,,,,,,,,,
2019-06-28 09:30:00.000000004,100081,100,100048,100,100109,100,100004,100,,,99869,100,,,99845,100,,,,,,,,,,,,,,,,,,,,,,,,
2019-06-28 09:30:00.000000007,100081,100,100048,100,100109,100,100004,100,100144,100,99869,100,,,99845,100,,,,,,,,,,,,,,,,,,,,,,,,
2019-06-28 09:30:00.000000008,100081,100,100004,100,100109,100,99869,100,100144,100,99864,100,,,99863,100,,,99845,100,,,,,,,,,,,,,,,,,,,,
2019-06-28 09:30:00.000000009,100005,100,99869,100,100081,100,99864,100,100109,100,99863,100,100144,100,99845,100,,,,,,,,,,,,,,,,,,,,,,,,
2019-06-28 09:30:00.000000011,100005,100,99869,100,100081,100,99864,100,100109,100,99863,100,100133,100,99845,100,100144,100,,,,,,,,,,,,,,,,,,,,,,
2019-06-28 09:30:00.000000012,100005,100,99869,100,100022,100,99864,100,100081,100,99863,100,100109,100,99845,100,100133,100,,,100144,100,,,,,,,,,,,,,,,,,,
2019-06-28 09:30:00.000000013,100005,100,99972,100,100022,100,99869,100,100081,100,99864,100,100109,100,99863,100,100133,100,99845,100,100144,100,,,,,,,,,,,,,,,,,,
2019-06-28 09:30:00.000000014,100005,100,99972,100,100022,100,99869,100,100035,100,99864,100,100081,100,99863,100,100109,100,99845,100,100133,100,,,100144,100,,,,,,,,,,,,,,
2019-06-28 09:30:00.000000018,100005,100,99972,100,100022,100,99869,100,100035,100,99864,100,100040,100,99863,100,100071,100,99845,100,100081,100,,,100109,100,,,100133,100,,,100144,100,,,,,,
2019-06-28 09:30:00.000000023,100005,100,99972,100,100022,100,99869,100,100035,100,99864,100,100040,100,99863,100,100045,100,99845,100,100071,100,,,100081,100,,,100109,100,,,100133,100,,,100144,100,,
2019-06-28 09:30:00.000000028,100005,100,99972,100,100022,100,99869,100,100035,100,99864,100,100040,100,99863,100,100045,100,99845,100,100063,100,,,100071,100,,,100081,100,,,100109,100,,,100133,100,,
2019-06-28 09:30:00.000000032,100005,100,99972,100,100022,100,99869,100,100035,100,99864,100,100040,200,99863,100,100045,100,99845,100,100063,100,,,100071,100,,,100081,100,,,100109,100,,,100133,100,,
2019-06-28 09:30:00.000000033,100005,100,99972,100,100022,100,99869,100,100035,100,99866,100,100040,200,99864,100,100045,100,99863,100,100063,100,99845,100,100071,100,,,100081,100,,,100109,100,,,100133,100,,
2019-06-28 09:30:00.000000034,100005,100,99972,100,100022,100,99891,100,100035,100,99869,100,100040,200,99866,100,100045,100,99864,100,100063,100,99863,100,100071,100,99845,100,100081,100,,,100109,100,,,100133,100,,
2019-06-28 09:30:00.000000035,100005,100,99972,100,100022,100,99891,100,100035,100,99869,100,100040,200,99866,100,100045,100,99864,100,100061,100,99863,100,100063,100,99845,100,100071,100,,,100081,100,,,100109,100,,
2019-06-28 09:30:00.000000036,100005,100,100004,100,100022,100,99972,100,100035,100,99891,100,100040,200,99869,100,100045,100,99866,100,100061,100,99864,100,100063,100,99863,100,100071,100,99845,100,100081,100,,,100109,100,,
2019-06-28 09:30:00.000000038,100005,100,100004,100,100022,100,99972,100,100035,100,99897,100,100040,200,99891,100,100045,100,99869,100,100061,100,99866,100,100063,100,99864,100,100071,100,99863,100,100081,100,99845,100,100109,100,,
2019-06-28 09:30:00.000000041,100005,100,100004,100,100022,100,99972,100,100035,100,99897,100,100040,200,99891,100,100045,100,99869,100,100057,100,99866,100,100061,100,99864,100,100063,100,99863,100,100071,100,99845,100,100081,100,,
2019-06-28 09:30:00.000000042,100005,100,100004,100,100022,100,99972,100,100031,100,99897,100,100035,100,99891,100,100040,200,99869,100,100045,100,99866,100,100057,100,99864,100,100061,100,99863,100,100063,100,99845,100,100071,100,,
2019-06-28 09:30:00.000000043,100005,100,100004,100,100022,100,99972,100,100031,100,99897,100,100035,100,99891,100,100040,200,99869,100,100045,100,99866,100,100048,100,99864,100,100057,100,99863,100,100061,100,99845,100,100063,100,,
2019-06-28 09:30:00.000000046,100005,100,100004,100,100022,100,99972,100,100031,100,99897,100,100035,100,99891,100,100040,200,99869,100,100045,100,99866,100,100048,200,99864,100,100057,100,99863,100,100061,100,99845,100,100063,100,,
2019-06-28 09:30:00.000000047,100005,100,100004,100,100022,100,99972,100,100031,100,99897,100,100035,100,99891,100,100040,200,99869,100,100045,100,99866,100,100048,200,99864,100,100057,100,99863,100,100061,100,99845,100,100063,100,,
2019-06-28 09:30:00.000000049,100005,100,100004,100,100022,100,99972,100,100031,100,99897,100,100035,100,99891,100,100040,200,99869,100,100045,100,99866,100,100048,200,99864,100,100057,100,99863,100,100061,100,99859,100,100063,100,99845,100
2019-06-28 09:30:00.000000050,100005,100,100004,100,100022,100,99972,100,100031,100,99897,100,100035,100,99891,100,100040,200,99869,100,100045,100,99866,100,100048,300,99864,100,100057,100,99863,100,100061,100,99859,100,100063,100,99845,100
2019-06-28 09:30:00.000000051,100005,100,99972,100,100022,100,99897,100,100031,100,99891,100,100035,100,99869,100,100040,200,99866,100,100045,100,99864,100,100048,300,99863,100,100057,100,99859,100,100061,100,99845,100,100063,100,,
2019-06-28 09:30:00.000000052,100005,100,99972,100,100022,100,99897,100,100031,100,99891,100,100035,100,99869,100,100040,200,99866,100,100045,100,99864,100,100048,300,99863,100,100057,100,99859,100,100061,100,99845,100,100063,100,,
2019-06-28 09:30:00.000000054,100005,100,99972,100,100022,100,99897,100,100031,100,99891,100,100035,100,99869,100,100040,200,99866,100,100045,100,99864,100,100048,300,99863,100,100057,100,99859,100,100061,100,99845,100,100063,100,,
2019-06-28 09:30:00.000000064,100005,100,99972,100,100022,100,99897,100,100031,100,99891,100,100035,100,99869,100,100040,200,99866,100,100045,100,99864,100,100048,300,99863,100,100057,100,99859,100,100061,100,99845,100,100063,100,,
2019-06-28 09:30:00.000000067,100004,100,99972,100,100005,100,99897,100,100022,100,99891,100,100031,100,99869,100,100035,100,99866,100,100040,200,99864,100,100045,100,99863,100,100048,300,99859,100,100057,100,99845,100,100061,100,,
2019-06-28 09:30:00.000000068,100004,100,99972,100,100005,100,99968,100,100022,100,99897,100,100031,100,99891,100,100035,100,99869,100,100040,200,99866,100,100045,100,99864,100,100048,300,99863,100,100057,100,99859,100,100061,100,99845,100
2019-06-28 09:30:00.000000072,100005,100,99972,100,100022,100,99968,100,100031,100,99897,100,100035,100,99891,100,100040,200,99869,100,100045,100,99866,100,100048,300,99864,100,100057,100,99863,100,100061,100,99859,100,100063,100,99845,100
2019-06-28 09:30:00.000000074,100005,100,99972,100,100006,100,99968,100,100022,100,99897,100,100031,100,99891,100,100035,100,99869,100,100040,200,99866,100,100045,100,99864,100,100048,300,99863,100,100057,100,99859,100,100061,100,99845,100
2019-06-28 09:30:00.000000075,100004,100,99972,100,100005,100,99968,100,100006,100,99897,100,100022,100,99891,100,100031,100,99869,100,100035,100,99866,100,100040,200,99864,100,100045,100,99863,100,100048,300,99859,100,100057,100,99845,100
2019-06-28 09:30:00.000000076,100004,100,99972,100,100005,100,99968,100,100006,100,99897,100,100022,100,99891,100,100031,100,99869,100,100035,100,99866,100,100040,200,99864,100,100045,100,99863,100,100047,100,99859,100,100048,300,99845,100
2019-06-28 09:30:00.000000077,100004,100,99972,100,100005,100,99968,100,100006,100,99897,100,100022,100,99891,100,100031,100,99869,100,100035,100,99866,100,100040,200,99864,100,100045,100,99863,100,100047,100,99859,100,100048,300,99845,100
2019-06-28 09:30:00.000000078,100004,200,99972,100,100005,100,99968,100,100006,100,99897,100,100022,100,99891,100,100031,100,99869,100,100035,100,99866,100,100040,200,99864,100,100045,100,99863,100,100047,100,99859,100,100048,300,99845,100
2019-06-28 09:30:00.000000079,100004,200,99986,100,100005,100,99972,100,100006,100,99968,100,100022,100,99897,100,100031,100,99891,100,100035,100,99869,100,100040,200,99866,100,100045,100,99864,100,100047,100,99863,100,100048,300,99859,100
2019-06-28 09:30:00.000000081,100004,200,99986,100,100005,100,99972,100,100006,100,99968,100,100022,100,99897,100,100031,100,99891,100,100035,100,99870,100,100040,200,99869,100,100045,100,99866,100,100047,100,99864,100,100048,300,99863,100
2019-06-28 09:30:00.000000086,100004,300,99986,100,100005,100,99972,100,100006,100,99968,100,100022,100,99897,100,100031,100,99891,100,100035,100,99870,100,100040,200,99869,100,100045,100,99866,100,100047,100,99864,100,100048,300,99863,100
2019-06-28 09:30:00.000000087,100004,300,99986,100,100005,100,99972,100,100006,100,99968,100,100022,100,99913,100,100031,100,99897,100,100035,100,99891,100,100040,200,99870,100,100045,100,99869,100,100047,100,99866,100,100048,300,99864,100
2019-06-28 09:30:00.000000095,100004,300,99986,100,100005,100,99972,100,100006,100,99968,100,100022,100,99913,100,100031,100,99897,100,100035,100,99891,100,100040,200,99870,100,100045,100,99869,100,100047,100,99866,100,100048,300,99864,100
2019-06-28 09:30:00.000000096,100004,300,99972,100,100005,100,99968,100,100006,100,99913,100,100022,100,99897,100,100031,100,99891,100,100035,100,99870,100,100040,200,99869,100,100045,100,99866,100,100047,100,99864,100,100048,300,99863,100
2019-06-28 09:30:00.000000097,100003,100,99986,100,100004,300,99972,100,100005,100,99968,100,100006,100,99913,100,100022,100,99897,100,100031,100,99891,100,100035,100,99870,100,100040,200,99869,100,100045,100,99866,100,100047,100,99864,100
2019-06-28 09:30:00.000000098,100003,100,99986,100,100004,300,99972,100,100005,100,99968,100,100006,100,99913,100,100022,100,99900,100,100031,100,99897,100,100035,100,99891,100,100040,200,99870,100,100045,100,99869,100,100047,100,99866,100
2019-06-28 09:30:10.000000000,100003,167,99986,167,100004,367,99972,167,100005,167,99968,167,100006,167,99913,167,100022,100,99900,100,100031,100,99897,100,100035,100,99891,100,100040,200,99870,100,100045,100,99869,100,100047,100,99866,100
2019-06-28 09:30:20.000000000,100003,368,99986,368,100004,300,99972,100,100005,100,99968,100,100006,100,99913,100,100022,100,99900,100,100031,100,99897,100,100035,100,99891,100,100040,200,99870,100,100045,100,99869,100,100047,100,99866,100
2019-06-28 09:30:20.397801342,100003,368,99986,368,100004,300,99972,100,100005,100,99968,100,100006,100,99960,100,100031,100,99913,100,100035,100,99900,100,100040,200,99897,100,100045,100,99891,100,100047,100,99870,100,100048,300,99869,100
2019-06-28 09:30:25.126099262,100003,368,99986,368,100004,300,99972,100,100005,100,99968,100,100006,100,99960,100,100031,100,99913,100,100035,100,99907,100,100040,200,99900,100,100045,100,99897,100,100047,100,99891,100,100048,300,99870,100
2019-06-28 09:30:30.000000000,100003,234,99986,234,100004,434,99972,234,100005,100,99968,100,100006,100,99960,100,100031,100,99913,100,100035,100,99907,100,100040,200,99900,100,100045,100,99897,100,100047,100,99891,100,100048,300,99870,100
2019-06-28 09:30:40.000000000,100003,154,99986,154,100004,354,99972,154,100005,154,99968,154,100006,154,99960,154,100031,154,99913,154,100035,100,99907,100,100040,200,99900,100,100045,100,99897,100,100047,100,99891,100,100048,300,99870,100
2019-06-28 09:30:46.626735821,100003,54,99986,154,100004,354,99972,154,100005,154,99968,154,100006,154,99960,154,100031,154,99913,154,100035,100,99907,100,100040,200,99900,100,100045,100,99897,100,100047,100,99891,100,100048,300,99870,100
2019-06-28 09:30:46.649036374,100003,54,99986,154,100004,354,99972,154,100005,154,99968,154,100006,154,99960,154,100031,154,99913,154,100040,200,99907,100,100045,100,99900,100,100047,100,99897,100,100048,300,99891,100,100057,100,99870,100
2019-06-28 09:30:50.000000000,100004,354,99986,154,100005,154,99972,154,100006,154,99968,154,100031,154,99960,154,100040,254,99913,154,100045,100,99907,100,100047,100,99900,100,100048,300,99897,100,100057,100,99891,100,100058,100,99870,100
2019-06-28 09:31:00.000000000,100004,434,99986,234,100005,234,99972,234,100006,100,99968,100,100031,100,99960,100,100040,200,99913,100,100045,100,99907,100,100047,100,99900,100,100048,300,99897,100,100057,100,99891,100,100058,100,99870,100
2019-06-28 09:31:01.814243685,100004,434,99987,100,100005,234,99986,234,100006,100,99972,234,100031,100,99968,100,100040,200,99960,100,100045,100,99913,100,100047,100,99907,100,100048,300,99900,100,100057,100,99897,100,100058,100,99891,100
2019-06-28 09:31:10.000000000,100004,391,99987,191,100005,188,99986,188,100006,188,99972,188,100031,100,99968,100,100040,200,99960,100,100045,100,99913,100,100047,100,99907,100,100048,300,99900,100,100057,100,99897,100,100058,100,99891,100
2019-06-28 09:31:17.969511996,100004,291,99987,191,100005,188,99986,188,100006,188,99972,188,100031,100,99968,100,100040,200,99960,100,100045,100,99913,100,100047,100,99907,100,100048,300,99900,100,100057,100,99897,100,100058,100,99891,100
2019-06-28 09:31:20.000000000,100004,334,99987,234,100005,234,99986,234,100006,100,99972,100,100031,100,99968,100,100040,200,99960,100,100045,100,99913,100,100047,100,99907,100,100048,300,99900,100,100057,100,99897,100,100058,100,99891,100
2019-06-28 09:31:20.182410535,100004,334,99987,234,100005,234,99986,234,100006,100,99972,100,100031,100,99968,100,100040,200,99960,100,100045,100,99913,100,100047,100,99907,100,100048,200,99900,100,100057,100,99897,100,100058,100,99891,100
2019-06-28 09:31:21.319654735,100004,334,100003,100,100005,234,99987,134,100006,100,99986,234,100031,100,99972,100,100040,200,99968,100,100045,100,99960,100,100047,100,99913,100,100048,200,99907,100,100057,100,99900,100,100058,100,99897,100
2019-06-28 09:31:23.743426969,100004,234,100003,200,100005,234,99987,134,100006,100,99986,234,100031,100,99972,100,100040,200,99968,100,100045,100,99960,100,100047,100,99913,100,100048,200,99907,100,100057,100,99900,100,100058,100,99897,100
2019-06-28 09:31:23.908206149,100004,234,100003,200,100005,234,99987,134,100006,100,99986,234,100031,100,99972,100,100040,200,99968,100,100045,100,99960,100,100047,100,99913,100,100048,200,99907,100,100057,100,99900,100,100058,100,99897,100
2019-06-28 09:31:27.879965854,100004,134,100003,200,100005,234,99987,134,100006,100,99986,234,100031,100,99972,100,100040,200,99968,100,100045,100,99960,100,100047,100,99913,100,100048,200,99907,100,100057,100,99900,100,100058,100,99897,100
2019-06-28 09:31:30.000000000,100005,234,100003,334,100006,234,99986,234,100031,100,99972,100,100040,200,99968,100,100045,100,99960,100,100047,100,99913,100,100048,200,99907,100,100057,100,99900,100,100058,100,99897,100,100061,100,99891,100
2019-06-28 09:31:40.000000000,100005,234,100003,334,100006,234,99986,234,100031,100,99972,100,100040,200,99968,100,100045,100,99960,100,100047,100,99913,100,100048,200,99907,100,100057,100,99900,100,100058,100,99897,100,100061,100,99891,100
2019-06-28 09:31:50.000000000,100005,167,100003,267,100006,167,99986,167,100031,167,99972,167,100040,267,99968,167,100045,100,99960,100,100047,100,99913,100,100048,200,99907,100,100057,100,99900,100,100058,100,99897,100,100061,100,99891,100
2019-06-28 09:31:57.947110778,100005,167,100004,100,100006,167,100003,267,100031,167,99986,167,100040,267,99972,167,100045,100,99968,167,100047,100,99960,100,100048,200,99913,100,100057,100,99907,100,100058,100,99900,100,100061,100,99897,100
2019-06-28 09:32:00.000000000,100005,191,100004,191,100006,188,100003,288,100031,188,99986,188,100040,200,99972,100,100045,100,99968,100,100047,100,99960,100,100048,200,99913,100,100057,100,99907,100,100058,100,99900,100,100061,100,99897,100
2019-06-28 09:32:09.049009641,100005,191,100004,191,100006,188,100003,188,100031,188,99986,188,100040,200,99972,100,100045,100,99968,100,100047,100,99960,100,100048,200,99913,100,100057,100,99907,100,100058,100,99900,100,100061,100,99897,100
2019-06-28 09:32:10.000000000,100005,191,100004,191,100006,188,100003,188,100031,188,99986,188,100040,200,99972,100,100045,100,99968,100,100047,100,99960,100,100048,200,99913,100,100057,100,99907,100,100058,100,99900,100,100061,100,99897,100
2019-06-28 09:32:20.000000000,100005,234,100004,234,100006,234,100003,234,100031,100,99986,100,100040,200,99972,100,100045,100,99968,100,100047,100,99960,100,100048,200,99913,100,100057,100,99907,100,100058,100,99900,100,100061,100,99897,100
2019-06-28 09:32:20.923605122,100005,234,100004,334,100006,234,100003,234,100031,100,99986,100,100040,200,99972,100,100045,100,99968,100,100047,100,99960,100,100048,200,99913,100,100057,100,99907,100,100058,100,99900,100,100061,100,99897,100
2019-06-28 09:32:22.518823927,100005,234,100004,434,100006,234,100003,234,100031,100,99986,100,100040,200,99972,100,100045,100,99968,100,100047,100,99960,100,100048,100,99913,100,100057,100,99907,100,100058,100,99900,100,100061,100,99897,100
2019-06-28 09:32:23.678961842,100005,134,100004,434,100006,234,100003,234,100031,100,99986,100,100040,200,99972,100,100045,100,99968,100,100047,100,99960,100,100048,100,99913,100,100057,100,99907,100,100058,100,99900,100,100061,100,99897,100
2019-06-28 09:32:30.000000000,100006,191,100004,391,100031,188,100003,188,100040,288,99986,188,100045,100,99972,100,100047,100,99968,100,100048,100,99960,100,100057,100,99913,100,100058,100,99907,100,100061,100,99900,100,100062,100,99897,100
2019-06-28 09:32:40.000000000,100006,234,100004,434,100031,234,100003,234,100040,200,99986,100,100045,100,99972,100,100047,100,99968,100,100048,100,99960,100,100057,100,99913,100,100058,100,99907,100,100061,100,99900,100,100062,100,99897,100
2019-06-28 09:32:50.000000000,100006,154,100004,354,100031,154,100003,154,100040,254,99986,154,100045,154,99972,154,100047,154,99968,154,100048,100,99960,100,100057,100,99913,100,100058,100,99907,100,100061,100,99900,100,100062,100,99897,100
2019-06-28 09:33:00.000000000,100006,234,100004,434,100031,234,100003,234,100040,200,99986,100,100045,100,99972,100,100047,100,99968,100,100048,100,99960,100,100057,100,99913,100,100058,100,99907,100,100061,100,99900,100,100062,100,99897,100
2019-06-28 09:33:10.000000000,100006,234,100004,434,100031,234,100003,234,100040,200,99986,100,100045,100,99972,100,100047,100,99968,100,100048,100,99960,100,100057,100,99913,100,100058,100,99907,100,100061,100,99900,100,100062,100,99897,100
2019-06-28 09:33:20.000000000,100006,191,100004,391,100031,188,100003,188,100040,288,99986,188,100045,100,99972,100,100047,100,99968,100,100048,100,99960,100,100057,100,99913,100,100058,100,99907,100,100061,100,99900,100,100062,100,99897,100
2019-06-28 09:33:30.000000000,100006,167,100004,367,100031,167,100003,167,100040,267,99986,167,100045,167,99972,167,100047,100,99968,100,100048,100,99960,100,100057,100,99913,100,100058,100,99907,100,100061,100,99900,100,100062,100,99897,100
2019-06-28 09:33:33.122506865,100006,167,100004,367,100031,167,100003,167,100040,267,99986,167,100045,167,99972,167,100047,100,99968,100,100048,100,99960,100,100057,100,99913,100,100058,100,99907,100,100061,100,99900,100,100062,100,99897,100
2019-06-28 09:33:39.510043842,100006,167,100004,367,100031,167,100003,167,100040,267,99986,167,100045,167,99972,167,100047,100,99968,100,100048,100,99960,100,100057,100,99913,100,100058,100,99907,100,100061,100,99900,100,100062,100,99897,100
2019-06-28 09:33:40.000000000,100006,368,100004,568,100031,100,100003,100,100040,200,99986,100,100045,100,99972,100,100047,100,99968,100,100048,100,99960,100,100057,100,99913,100,100058,100,99907,100,100061,100,99900,100,100062,100,99897,100
2019-06-28 09:33:50.000000000,100006,167,100004,367,100031,167,100003,167,100040,267,99986,167,100045,167,99972,167,100047,100,99968,100,100048,100,99960,100,100057,100,99913,100,100058,100,99907,100,100061,100,99900,100,100062,100,99897,100
2019-06-28 09:34:00.000000000,100006,154,100004,354,100031,154,100003,154,100040,254,99986,154,100045,154,99972,154,100047,154,99968,154,100048,100,99960,100,100057,100,99913,100,100058,100,99907,100,100061,100,99900,100,100062,100,99897,100
2019-06-28 09:34:10.000000000,100006,191,100004,391,100031,188,100003,188,100040,288,99986,188,100045,100,99972,100,100047,100,99968,100,100048,100,99960,100,100057,100,99913,100,100058,100,99907,100,100061,100,99900,100,100062,100,99897,100
2019-06-28 09:34:12.499226133,100006,191,100004,391,100031,188,100003,188,100040,288,99986,188,100045,100,99972,100,100047,100,99968,100,100048,100,99960,100,100057,100,99913,100,100058,100,99907,100,100061,100,99900,100,100062,100,99897,100
2019-06-28 09:34:20.000000000,100006,368,100004,568,100031,100,100003,100,100040,200,99986,100,100045,100,99972,100,100047,100,99968,100,100048,100,99960,100,100057,100,99913,100,100058,100,99907,100,100061,100,99900,100,100062,100,99897,100
2019-06-28 09:34:24.311557283,100006,368,100004,568,100031,100,100003,100,100040,200,99986,100,100045,100,99972,100,100047,100,99968,100,100057,100,99960,100,100058,100,99913,100,100061,100,99907,100,100062,100,99900,100,100063,100,99897,100
2019-06-28 09:34:30.000000000,100006,191,100004,391,100031,188,100003,188,100040,288,99986,188,100045,100,99972,100,100047,100,99968,100,100057,100,99960,100,100058,100,99913,100,100061,100,99907,100,100062,100,99900,100,100063,100,99897,100
2019-06-28 09:34:40.000000000,100006,154,100004,354,100031,154,100003,154,100040,254,99986,154,100045,154,99972,154,100047,154,99968,154,100057,100,99960,100,100058,100,99913,100,100061,100,99907,100,100062,100,99900,100,100063,100,99897,100
2019-06-28 09:34:44.706548655,100006,154,100005,100,100031,154,100004,354,100040,254,100003,154,100045,154,99986,154,100047,154,99972,154,100057,100,99968,154,100058,100,99960,100,100061,100,99913,100,100062,100,99907,100,100063,100,99900,100
2019-06-28 09:34:50.000000000,100006,167,100005,167,100031,167,100004,367,100040,267,100003,167,100045,167,99986,167,100047,100,99972,100,100057,100,99968,100,100058,100,99960,100,100061,100,99913,100,100062,100,99907,100,100063,100,99900,100
2019-06-28 09:35:00.000000000,100006,191,100005,191,100031,188,100004,388,100040,288,100003,188,100045,100,99986,100,100047,100,99972,100,100057,100,99968,100,100058,100,99960,100,100061,100,99913,100,100062,100,99907,100,100063,100,99900,100
2019-06-28 09:35:10.000000000,100006,191,100005,191,100031,188,100004,388,100040,288,100003,188,100045,100,99986,100,100047,100,99972,100,100057,100,99968,100,100058,100,99960,100,100061,100,99913,100,100062,100,99907,100,100063,100,99900,100
2019-06-28 09:35:17.007336820,100006,91,100005,191,100031,188,100004,388,100040,288,100003,188,100045,100,99986,100,100047,100,99968,100,100057,100,99960,100,100058,100,99913,100,100061,100,99907,100,100062,100,99900,100,100063,100,99897,100
2019-06-28 09:35:20.000000000,100031,154,100005,154,100040,254,100004,354,100045,154,100003,154,100047,154,99986,154,100057,154,99968,154,100058,100,99960,100,100061,100,99913,100,100062,100,99907,100,100063,100,99900,100,100067,100,99897,100
2019-06-28 09:35:30.000000000,100031,154,100005,154,100040,254,100004,354,100045,154,100003,154,100047,154,99986,154,100057,154,99968,154,100058,100,99960,100,100061,100,99913,100,100062,100,99907,100,100063,100,99900,100,100067,100,99897,100
2019-06-28 09:35:40.000000000,100031,234,100005,234,100040,334,100004,434,100045,100,100003,100,100047,100,99986,100,100057,100,99968,100,100058,100,99960,100,100061,100,99913,100,100062,100,99907,100,100063,100,99900,100,100067,100,99897,100
2019-06-28 09:35:46.479759520,100031,234,100006,100,100040,334,100005,234,100045,100,100004,434,100047,100,99986,100,100057,100,99968,100,100058,100,99960,100,100061,100,99913,100,100062,100,99907,100,100063,100,99900,100,100067,100,99897,100
2019-06-28 09:35:50.000000000,100031,368,100006,368,100040,200,100005,100,100045,100,100004,300,100047,100,99986,100,100057,100,99968,100,100058,100,99960,100,100061,100,99913,100,100062,100,99907,100,100063,100,99900,100,100067,100,99897,100
2019-06-28 09:36:00.000000000,100031,191,100006,191,100040,288,100005,188,100045,188,100004,388,100047,100,99986,100,100057,100,99968,100,100058,100,99960,100,100061,100,99913,100,100062,100,99907,100,100063,100,99900,100,100067,100,99897,100
2019-06-28 09:36:10.000000000,100031,154,100006,154,100040,254,100005,154,100045,154,100004,354,100047,154,99986,154,100057,154,99968,154,100058,100,99960,100,100061,100,99913,100,100062,100,99907,100,100063,100,99900,100,100067,100,99897,100
2019-06-28 09:36:10.621038506,100031,154,100006,154,100040,254,100005,154,100045,154,100004,354,100047,154,99986,154,100057,154,99968,154,100058,100,99960,100,100061,100,99913,100,100062,100,99900,100,100063,100,99897,100,100067,100,99891,100
2019-06-28 09:36:20.000000000,100031,154,100006,154,100040,254,100005,154,100045,154,100004,354,100047,154,99986,154,100057,154,99968,154,100058,100,99960,100,100061,100,99913,100,100062,100,99900,100,100063,100,99897,100,100067,100,99891,100
2019-06-28 09:36:30.000000000,100031,167,100006,167,100040,267,100005,167,100045,167,100004,367,100047,167,99986,167,100057,100,99968,100,100058,100,99960,100,100061,100,99913,100,100062,100,99900,100,100063,100,99897,100,100067,100,99891,100
2019-06-28 09:36:40.000000000,100031,368,100006,368,100040,200,100005,100,100045,100,100004,300,100047,100,99986,100,100057,100,99968,100,100058,100,99960,100,100061,100,99913,100,100062,100,99900,100,100063,100,99897,100,100067,100,99891,100
2019-06-28 09:36:50.000000000,100031,368,100006,368,100040,200,100005,100,100045,100,100004,300,100047,100,99986,100,100057,100,99968,100,100058,100,99960,100,100061,100,99913,100,100062,100,99900,100,100063,100,99897,100,100067,100,99891,100
2019-06-28 09:37:00.000000000,100031,191,100006,191,100040,288,100005,188,100045,188,100004,388,100047,100,99986,100,100057,100,99968,100,100058,100,99960,100,100061,100,99913,100,100062,100,99900,100,100063,100,99897,100,100067,100,99891,100
2019-06-28 09:37:10.000000000,100031,191,100006,191,100040,288,100005,188,100045,188,100004,388,100047,100,99986,100,100057,100,99968,100,100058,100,99960,100,100061,100,99913,100,100062,100,99900,100,100063,100,99897,100,100067,100,99891,100
2019-06-28 09:37:12.237828359,100031,191,100006,191,100040,288,100005,188,100045,188,100004,388,100047,100,99986,100,100057,100,99968,100,100058,100,99960,100,100061,100,99913,100,100062,100,99900,100,100063,100,99897,100,100067,100,99891,100
2019-06-28 09:37:16.583865167,100031,191,100006,191,100040,288,100005,188,100045,188,100004,388,100047,100,99986,100,100057,100,99968,100,100058,100,99960,100,100061,100,99913,100,100062,100,99897,100,100063,100,99891,100,100067,100,99870,100
2019-06-28 09:37:19.975342365,100031,191,100006,191,100040,188,100005,188,100045,188,100004,388,100047,100,99986,100,100057,100,99968,100,100058,100,99960,100,100061,100,99913,100,100062,100,99897,100,100063,100,99891,100,100067,100,99870,100
2019-06-28 09:37:20.000000000,100031,167,100006,167,100040,167,100005,167,100045,167,100004,367,100047,167,99986,167,100057,100,99968,100,100058,100,99960,100,100061,100,99913,100,100062,100,99897,100,100063,100,99891,100,100067,100,99870,100
2019-06-28 09:37:29.176564639,100031,167,100006,167,100040,167,100005,167,100045,167,100004,367,100047,167,99986,167,100057,100,99968,100,100058,100,99960,100,100061,100,99913,100,100062,100,99897,100,100063,100,99891,100,100067,100,99870,100
2019-06-28 09:37:30.000000000,100031,368,100006,368,100040,100,100005,100,100045,100,100004,300,100047,100,99986,100,100057,100,99968,100,100058,100,99960,100,100061,100,99913,100,100062,100,99897,100,100063,100,99891,100,100067,100,99870,100
2019-06-28 09:37:39.007345031,100031,368,100006,368,100040,100,100005,100,100045,100,100004,300,100047,100,99986,100,100057,100,99968,100,100058,100,99960,100,100061,100,99913,100,100062,100,99897,100,100063,100,99891,100,100067,100,99870,100
2019-06-28 09:37:40.000000000,100031,167,100006,167,100040,167,100005,167,100045,167,100004,367,100047,167,99986,167,100057,100,99968,100,100058,100,99960,100,100061,100,99913,100,100062,100,99897,100,100063,100,99891,100,100067,100,99870,100
2019-06-28 09:37:41.530921886,100031,67,100006,167,100040,167,100005,167,100045,167,100004,367,100047,167,99986,167,100057,100,99968,100,100058,100,99960,100,100061,100,99913,100,100062,100,99897,100,100063,100,99891,100,100067,100,99870,100
2019-06-28 09:37:47.442155013,100031,67,100006,167,100040,167,100005,167,100045,167,100004,367,100047,167,99986,167,100057,100,99968,100,100058,100,99960,100,100061,100,99913,100,100062,100,99897,100,100063,100,99891,100,100067,100,99870,100
2019-06-28 09:37:50.000000000,100040,167,100006,167,100045,167,100005,167,100047,167,100004,367,100057,167,99986,167,100058,100,99968,100,100061,100,99960,100,100062,100,99913,100,100063,100,99897,100,100067,100,99891,100,100071,100,99870,100
2019-06-28 09:37:53.328260923,100040,167,100006,167,100045,167,100005,167,100047,167,100004,367,100057,167,99986,167,100058,100,99968,100,100061,100,99960,100,100062,100,99913,100,100063,100,99897,100,100067,100,99891,100,100071,100,99870,100
2019-06-28 09:38:00.000000000,100040,234,100006,234,100045,234,100005,234,100047,100,100004,300,100057,100,99986,100,100058,100,99968,100,100061,100,99960,100,100062,100,99913,100,100063,100,99897,100,100067,100,99891,100,100071,100,99870,100
2019-06-28 09:38:10.000000000,100040,368,100006,368,100045,100,100005,100,100047,100,100004,300,100057,100,99986,100,100058,100,99968,100,100061,100,99960,100,100062,100,99913,100,100063,100,99897,100,100067,100,99891,100,100071,100,99870,100
2019-06-28 09:38:15.035221997,100040,368,100006,368,100045,100,100005,100,100047,100,100004,300,100057,100,99986,100,100058,100,99968,100,100061,100,99960,100,100062,100,99913,100,100063,100,99897,100,100067,100,99891,100,100071,100,99870,100
2019-06-28 09:38:20.000000000,100040,154,100006,154,100045,154,100005,154,100047,154,100004,354,100057,154,99986,154,100058,154,99968,154,100061,100,99960,100,100062,100,99913,100,100063,100,99897,100,100067,100,99891,100,100071,100,99870,100
2019-06-28 09:38:30.000000000,100040,154,100006,154,100045,154,100005,154,100047,154,100004,354,100057,154,99986,154,100058,154,99968,154,100061,100,99960,100,100062,100,99913,100,100063,100,99897,100,100067,100,99891,100,100071,100,99870,100
2019-06-28 09:38:40.000000000,100040,368,100006,368,100045,100,100005,100,100047,100,100004,300,100057,100,99986,100,100058,100,99968,100,100061,100,99960,100,100062,100,99913,100,100063,100,99897,100,100067,100,99891,100,100071,100,99870,100
2019-06-28 09:38:50.000000000,100040,234,100006,234,100045,234,100005,234,100047,100,100004,300,100057,100,99986,100,100058,100,99968,100,100061,100,99960,100,100062,100,99913,100,100063,100,99897,100,100067,100,99891,100,100071,100,99870,100
2019-06-28 09:38:51.891579771,100040,234,100006,234,100045,234,100005,234,100047,100,100004,300,100057,100,99986,100,100058,100,99968,100,100061,100,99960,100,100062,100,99913,100,100063,100,99897,100,100067,100,99891,100,100071,100,99869,100
2019-06-28 09:38:54.405455895,100040,234,100007,100,100045,234,100006,234,100047,100,100005,134,100057,100,100004,300,100058,100,99986,100,100061,100,99968,100,100062,100,99960,100,100063,100,99913,100,100067,100,99897,100,100071,100,99891,100
2019-06-28 09:39:00.000000000,100040,167,100007,167,100045,167,100006,167,100047,167,100004,367,100057,167,99986,167,100058,100,99968,100,100061,100,99960,100,100062,100,99913,100,100063,100,99897,100,100067,100,99891,100,100071,100,99869,100
2019-06-28 09:39:10.000000000,100040,234,100007,234,100045,234,100006,234,100047,100,100004,300,100057,100,99986,100,100058,100,99968,100,100061,100,99960,100,100062,100,99913,100,100063,100,99897,100,100067,100,99891,100,100071,100,99869,100
2019-06-28 09:39:20.000000000,100040,154,100007,154,100045,154,100006,154,100047,154,100004,354,100057,154,99986,154,100058,154,99968,154,100061,100,99960,100,100062,100,99913,100,100063,100,99897,100,100067,100,99891,100,100071,100,99869,100
2019-06-28 09:39:20.366870542,100040,154,100007,154,100045,154,100006,154,100047,154,100004,354,100057,154,99986,154,100058,154,99968,154,100061,100,99960,100,100062,100,99913,100,100063,100,99897,100,100067,100,99891,100,100071,100,99859,100
2019-06-28 09:39:27.563023720,100040,154,100007,254,100045,154,100006,154,100047,154,100004,354,100057,154,99986,154,100058,154,99968,154,100061,100,99960,100,100062,100,99913,100,100063,100,99897,100,100067,100,99891,100,100071,100,99859,100
2019-06-28 09:39:30.000000000,100040,368,100007,468,100045,100,100006,100,100047,100,100004,300,100057,100,99986,100,100058,100,99968,100,100061,100,99960,100,100062,100,99913,100,100063,100,99897,100,100067,100,99891,100,100071,100,99859,100
2019-06-28 09:39:40.000000000,100040,154,100007,254,100045,154,100006,154,100047,154,100004,354,100057,154,99986,154,100058,154,99968,154,100061,100,99960,100,100062,100,99913,100,100063,100,99897,100,100067,100,99891,100,100071,100,99859,100
2019-06-28 09:39:48.543579437,100040,154,100007,354,100045,154,100006,154,100047,154,100004,354,100057,154,99986,154,100058,154,99968,154,100061,100,99960,100,100062,100,99913,100,100063,100,99897,100,100067,100,99891,100,100071,100,99859,100
2019-06-28 09:39:50.000000000,100040,191,100007,391,100045,188,100006,188,100047,188,100004,388,100057,100,99986,100,100058,100,99968,100,100061,100,99960,100,100062,100,99913,100,100063,100,99897,100,100067,100,99891,100,100071,100,99859,100
2019-06-28 09:40:00.000000000,100040,368,100007,568,100045,100,100006,100,100047,100,100004,300,100057,100,99986,100,100058,100,99968,100,100061,100,99960,100,100062,100,99913,100,100063,100,99897,100,100067,100,99891,100,100071,100,99859,100
2019-06-28 09:40:02.505910503,100040,268,100007,568,100045,100,100006,100,100047,100,100004,300,100057,100,99986,100,100058,100,99968,100,100061,100,99960,100,100062,100,99913,100,100063,100,99897,100,100067,100,99891,100,100076,100,99859,100
2019-06-28 09:40:10.000000000,100045,167,100007,367,100047,167,100006,167,100057,167,100004,367,100058,167,99986,167,100061,100,99968,100,100062,100,99960,100,100063,100,99913,100,100067,100,99897,100,100076,100,99891,100,100090,100,99859,100
2019-06-28 09:40:20.000000000,100045,368,100007,568,100047,100,100006,100,100057,100,100004,300,100058,100,99986,100,100061,100,99968,100,100062,100,99960,100,100063,100,99913,100,100067,100,99897,100,100076,100,99891,100,100090,100,99859,100
2019-06-28 09:40:21.226608005,100045,368,100007,568,100047,100,100006,100,100057,100,100004,300,100058,100,99986,100,100061,100,99968,100,100062,100,99960,100,100063,100,99913,100,100067,100,99897,100,100076,100,99891,100,100090,100,99859,100
2019-06-28 09:40:30.000000000,100045,167,100007,367,100047,167,100006,167,100057,167,100004,367,100058,167,99986,167,100061,100,99968,100,100062,100,99960,100,100063,100,99913,100,100067,100,99897,100,100076,100,99891,100,100090,100,99859,100
2019-06-28 09:40:32.341967432,100045,167,100007,367,100047,167,100006,167,100057,167,100004,367,100058,167,99986,167,100062,100,99968,100,100063,100,99960,100,100067,100,99913,100,100076,100,99897,100,100090,100,99891,100,100093,100,99859,100
2019-06-28 09:40:40.000000000,100045,154,100007,354,100047,154,100006,154,100057,154,100004,354,100058,154,99986,154,100062,154,99968,154,100063,100,99960,100,100067,100,99913,100,100076,100,99897,100,100090,100,99891,100,100093,100,99859,100
2019-06-28 09:40:50.000000000,100045,368,100007,568,100047,100,100006,100,100057,100,100004,300,100058,100,99986,100,100062,100,99968,100,100063,100,99960,100,100067,100,99913,100,100076,100,99897,100,100090,100,99891,100,100093,100,99859,100
2019-06-28 09:41:00.000000000,100045,191,100007,391,100047,188,100006,188,100057,188,100004,388,100058,100,99986,100,100062,100,99968,100,100063,100,99960,100,100067,100,99913,100,100076,100,99897,100,100090,100,99891,100,100093,100,99859,100
2019-06-28 09:41:09.427507236,100045,191,100007,391,100047,188,100006,188,100057,188,100004,388,100058,100,99986,100,100062,100,99968,100,100063,100,99960,100,100067,100,99913,100,100076,100,99897,100,100090,100,99891,100,100093,100,99859,100
2019-06-28 09:41:10.000000000,100045,191,100007,391,100047,188,100006,188,100057,188,100004,388,100058,100,99986,100,100062,100,99968,100,100063,100,99960,100,100067,100,99913,100,100076,100,99897,100,100090,100,99891,100,100093,100,99859,100
2019-06-28 09:41:20.000000000,100045,191,100007,391,100047,188,100006,188,100057,188,100004,388,100058,100,99986,100,100062,100,99968,100,100063,100,99960,100,100067,100,99913,100,100076,100,99897,100,100090,100,99891,100,100093,100,99859,100
2019-06-28 09:41:30.000000000,100045,234,100007,434,100047,234,100006,234,100057,100,100004,300,100058,100,99986,100,100062,100,99968,100,100063,100,99960,100,100067,100,99913,100,100076,100,99897,100,100090,100,99891,100,100093,100,99859,100
2019-06-28 09:41:35.421379312,100045,234,100031,100,100047,234,100007,434,100057,100,100006,234,100058,100,100004,200,100062,100,99986,100,100063,100,99968,100,100067,100,99960,100,100076,100,99913,100,100090,100,99897,100,100093,100,99891,100
2019-06-28 09:41:40.000000000,100045,191,100031,191,100047,188,100007,388,100057,188,100006,188,100058,100,100004,200,100062,100,99986,100,100063,100,99968,100,100067,100,99960,100,100076,100,99913,100,100090,100,99897,100,100093,100,99891,100
2019-06-28 09:41:50.000000000,100045,191,100031,191,100047,188,100007,388,100057,188,100006,188,100058,100,100004,200,100062,100,99986,100,100063,100,99968,100,100067,100,99960,100,100076,100,99913,100,100090,100,99897,100,100093,100,99891,100
2019-06-28 09:41:59.113205203,100045,191,100031,291,100047,188,100007,388,100057,188,100006,188,100058,100,100004,200,100062,100,99986,100,100063,100,99968,100,100067,100,99960,100,100076,100,99913,100,100090,100,99897,100,100093,100,99891,100
2019-06-28 09:42:00.000000000,100045,234,100031,334,100047,234,100007,434,100057,100,100006,100,100058,100,100004,200,100062,100,99986,100,100063,100,99968,100,100067,100,99960,100,100076,100,99913,100,100090,100,99897,100,100093,100,99891,100
2019-06-28 09:42:10.000000000,100045,154,100031,254,100047,154,100007,354,100057,154,100006,154,100058,154,100004,254,100062,154,99986,154,100063,100,99968,100,100067,100,99960,100,100076,100,99913,100,100090,100,99897,100,100093,100,99891,100
2019-06-28 09:42:17.031078142,100045,54,100031,254,100047,154,100007,354,100057,154,100006,154,100058,154,100004,254,100062,154,99986,154,100063,100,99968,100,100067,100,99960,100,100076,100,99913,100,100090,100,99897,100,100093,100,99891,100
2019-06-28 09:42:20.000000000,100047,191,100031,291,100057,188,100007,388,100058,188,100006,188,100062,100,100004,200,100063,100,99986,100,100067,100,99968,100,100076,100,99960,100,100090,100,99913,100,100093,100,99897,100,100109,100,99891,100
2019-06-28 09:42:30.000000000,100047,368,100031,468,100057,100,100007,300,100058,100,100006,100,100062,100,100004,200,100063,100,99986,100,100067,100,99968,100,100076,100,99960,100,100090,100,99913,100,100093,100,99897,100,100109,100,99891,100
2019-06-28 09:42:40.000000000,100047,154,100031,254,100057,154,100007,354,100058,154,100006,154,100062,154,100004,254,100063,154,99986,154,100067,100,99968,100,100076,100,99960,100,100090,100,99913,100,100093,100,99897,100,100109,100,99891,100
2019-06-28 09:42:43.185814862,100047,54,100031,254,100057,154,100007,354,100058,154,100006,154,100062,154,100004,254,100063,154,99986,154,100067,100,99968,100,100076,100,99960,100,100090,100,99913,100,100093,100,99897,100,100109,100,99891,100
2019-06-28 09:42:50.000000000,100057,368,100031,468,100058,100,100007,300,100062,100,100006,100,100063,100,100004,200,100067,100,99986,100,100076,100,99968,100,100090,100,99960,100,100093,100,99913,100,100109,100,99897,100,100122,100,99891,100
2019-06-28 09:42:56.386624329,100057,368,100031,468,100058,100,100007,300,100062,100,100006,100,100063,100,100004,200,100067,100,99986,100,100076,100,99968,100,100090,100,99960,100,100093,100,99913,100,100109,100,99897,100,100122,100,99891,100
2019-06-28 09:43:00.000000000,100057,234,100031,334,100058,234,100007,434,100062,100,100006,100,100063,100,100004,200,100067,100,99986,100,100076,100,99968,100,100090,100,99960,100,100093,100,99913,100,100109,100,99897,100,100122,100,99891,100
2019-06-28 09:43:05.821852935,100057,134,100031,334,100058,234,100007,434,100062,100,100006,100,100063,100,100004,200,100076,100,99986,100,100090,100,99968,100,100093,100,99960,100,100109,100,99913,100,100122,100,99897,100,100125,100,99891,100
2019-06-28 09:43:10.000000000,100058,167,100031,267,100062,167,100007,367,100063,167,100006,167,100076,167,100004,267,100090,100,99986,100,100093,100,99968,100,100109,100,99960,100,100122,100,99913,100,100125,100,99897,100,100133,100,99891,100
2019-06-28 09:43:20.000000000,100058,368,100031,468,100062,100,100007,300,100063,100,100006,100,100076,100,100004,200,100090,100,99986,100,100093,100,99968,100,100109,100,99960,100,100122,100,99913,100,100125,100,99897,100,100133,100,99891,100
2019-06-28 09:43:20.778198844,100058,368,100031,468,100062,100,100007,300,100063,100,100006,100,100076,100,100004,200,100090,100,99986,100,100093,100,99968,100,100109,100,99960,100,100122,100,99913,100,100125,100,99897,100,100133,100,99891,100
2019-06-28 09:43:30.000000000,100058,368,100031,468,100062,100,100007,300,100063,100,100006,100,100076,100,100004,200,100090,100,99986,100,100093,100,99968,100,100109,100,99960,100,100122,100,99913,100,100125,100,99897,100,100133,100,99891,100
2019-06-28 09:43:40.000000000,100058,167,100031,267,100062,167,100007,367,100063,167,100006,167,100076,167,100004,267,100090,100,99986,100,100093,100,99968,100,100109,100,99960,100,100122,100,99913,100,100125,100,99897,100,100133,100,99891,100
2019-06-28 09:43:41.365842962,100062,167,100058,33,100063,167,100031,267,100076,167,100007,367,100090,100,100006,167,100093,100,100004,267,100109,100,99986,100,100122,100,99968,100,100125,100,99960,100,100133,100,99913,100,100136,100,99897,100
2019-06-28 09:43:50.000000000,100062,368,100058,301,100063,100,100031,200,100076,100,100007,300,100090,100,100006,100,100093,100,100004,200,100109,100,99986,100,100122,100,99968,100,100125,100,99960,100,100133,100,99913,100,100136,100,99897,100
2019-06-28 09:44:00.000000000,100062,368,100058,301,100063,100,100031,200,100076,100,100007,300,100090,100,100006,100,100093,100,100004,200,100109,100,99986,100,100122,100,99968,100,100125,100,99960,100,100133,100,99913,100,100136,100,99897,100
2019-06-28 09:44:05.275959244,100062,368,100058,301,100063,100,100031,200,100076,100,100007,300,100090,100,100006,100,100093,100,100004,200,100109,100,99986,100,100122,100,99968,100,100125,100,99960,100,100133,100,99913,100,100136,100,99897,100
2019-06-28 09:44:06.882405432,100062,368,100058,301,100063,100,100031,200,100076,100,100007,300,100090,100,100006,100,100093,100,100004,200,100109,100,99986,100,100122,100,99968,100,100125,100,99913,100,100133,100,99897,100,100136,100,99891,100
2019-06-28 09:44:10.000000000,100062,191,100058,124,100063,188,100031,288,100076,188,100007,388,100090,100,100006,100,100093,100,100004,200,100109,100,99986,100,100122,100,99968,100,100125,100,99913,100,100133,100,99897,100,100136,100,99891,100
2019-06-28 09:44:19.742860035,100062,191,100058,124,100063,188,100057,100,100076,188,100031,288,100090,100,100007,388,100093,100,100006,100,100109,100,100004,200,100122,100,99986,100,100125,100,99968,100,100133,100,99913,100,100136,100,99897,100
2019-06-28 09:44:20.000000000,100062,154,100058,87,100063,154,100057,154,100076,154,100031,254,100090,154,100007,354,100093,154,100006,154,100109,100,100004,200,100122,100,99986,100,100125,100,99968,100,100133,100,99913,100,100136,100,99897,100
2019-06-28 09:44:26.648121091,100062,154,100058,87,100063,154,100057,254,100076,154,100031,254,100090,154,100007,254,100093,154,100006,154,100109,100,100004,200,100122,100,99986,100,100125,100,99968,100,100133,100,99913,100,100136,100,99897,100
2019-06-28 09:44:30.000000000,100062,167,100058,100,100063,167,100057,267,100076,167,100031,267,100090,167,100007,267,100093,100,100006,100,100109,100,100004,200,100122,100,99986,100,100125,100,99968,100,100133,100,99913,100,100136,100,99897,100
2019-06-28 09:44:33.556815243,100062,167,100058,100,100063,167,100057,367,100076,167,100031,267,100090,167,100007,267,100093,100,100006,100,100109,100,100004,200,100122,100,99986,100,100125,100,99968,100,100133,100,99913,100,100136,100,99897,100
2019-06-28 09:44:40.000000000,100062,191,100058,124,100063,188,100057,388,100076,188,100031,288,100090,100,100007,200,100093,100,100006,100,100109,100,100004,200,100122,100,99986,100,100125,100,99968,100,100133,100,99913,100,100136,100,99897,100
2019-06-28 09:44:50.000000000,100062,368,100058,301,100063,100,100057,300,100076,100,100031,200,100090,100,100007,200,100093,100,100006,100,100109,100,100004,200,100122,100,99986,100,100125,100,99968,100,100133,100,99913,100,100136,100,99897,100
2019-06-28 09:45:00.000000000,100062,368,100058,301,100063,100,100057,300,100076,100,100031,200,100090,100,100007,200,100093,100,100006,100,100109,100,100004,200,100122,100,99986,100,100125,100,99968,100,100133,100,99913,100,100136,100,99897,100
2019-06-28 09:45:01.138992346,100062,368,100058,301,100063,100,100057,300,100076,100,100031,200,100090,100,100007,200,100093,100,100006,100,100109,100,100004,200,100122,100,99986,100,100125,100,99968,100,100133,100,99913,100,100136,100,99897,100
2019-06-28 09:45:04.062889488,100062,368,100058,301,100063,100,100057,300,100076,100,100031,200,100090,100,100007,200,100093,100,100006,100,100109,100,100004,200,100122,100,99986,100,100125,100,99968,100,100133,100,99913,100,100136,100,99897,100
2019-06-28 09:45:10.000000000,100062,154,100058,87,100063,154,100057,354,100076,154,100031,254,100090,154,100007,254,100093,154,100006,154,100109,100,100004,200,100122,100,99986,100,100125,100,99968,100,100133,100,99913,100,100136,100,99897,100
2019-06-28 09:45:12.694038310,100062,154,100058,87,100063,154,100057,354,100076,154,100031,254,100090,154,100007,254,100093,154,100006,154,100109,100,100004,200,100122,100,99986,100,100125,100,99968,100,100133,100,99913,100,100136,100,99897,100
2019-06-28 09:45:14.978161045,100062,154,100058,87,100063,154,100057,354,100076,154,100031,254,100090,154,100007,254,100093,154,100006,154,100109,100,100004,200,100122,100,99986,100,100125,100,99968,100,100133,100,99913,100,100136,100,99897,100
2019-06-28 09:45:20.000000000,100062,191,100058,124,100063,188,100057,388,100076,188,100031,288,100090,100,100007,200,100093,100,100006,100,100109,100,100004,200,100122,100,99986,100,100125,100,99968,100,100133,100,99913,100,100136,100,99897,100
2019-06-28 09:45:30.000000000,100062,368,100058,301,100063,100,100057,300,100076,100,100031,200,100090,100,100007,200,100093,100,100006,100,100109,100,100004,200,100122,100,99986,100,100125,100,99968,100,100133,100,99913,100,100136,100,99897,100
2019-06-28 09:45:40.000000000,100062,191,100058,124,100063,188,100057,388,100076,188,100031,288,100090,100,100007,200,100093,100,100006,100,100109,100,100004,200,100122,100,99986,100,100125,100,99968,100,100133,100,99913,100,100136,100,99897,100
2019-06-28 09:45:50.000000000,100062,167,100058,100,100063,167,100057,367,100076,167,100031,267,100090,167,100007,267,100093,100,100006,100,100109,100,100004,200,100122,100,99986,100,100125,100,99968,100,100133,100,99913,100,100136,100,99897,100
2019-06-28 09:45:55.605013727,100062,167,100058,100,100063,167,100057,367,100076,167,100031,267,100090,167,100007,267,100093,100,100006,100,100109,100,100004,200,100122,100,99986,100,100125,100,99968,100,100133,100,99913,100,100136,100,99897,100
2019-06-28 09:46:00.000000000,100062,167,100058,100,100063,167,100057,367,100076,167,100031,267,100090,167,100007,267,100093,100,100006,100,100109,100,100004,200,100122,100,99986,100,100125,100,99968,100,100133,100,99913,100,100136,100,99897,100
2019-06-28 09:46:10.000000000,100062,154,100058,87,100063,154,100057,354,100076,154,100031,254,100090,154,100007,254,100093,154,100006,154,100109,100,100004,200,100122,100,99986,100,100125,100,99968,100,100133,100,99913,100,100136,100,99897,100
2019-06-28 09:46:10.262991817,100062,154,100058,87,100063,154,100057,354,100076,154,100031,254,100090,154,100007,254,100093,154,100006,154,100109,100,100004,200,100122,100,99986,100,100125,100,99968,100,100133,100,99913,100,100136,100,99897,100
2019-06-28 09:46:19.027271175,100062,154,100058,87,100063,154,100057,354,100076,154,100031,154,100090,154,100007,254,100093,154,100006,154,100109,100,100004,200,100122,100,99986,100,100125,100,99968,100,100133,100,99913,100,100136,100,99897,100
2019-06-28 09:46:20.000000000,100062,234,100058,167,100063,234,100057,434,100076,100,100031,100,100090,100,100007,200,100093,100,100006,100,100109,100,100004,200,100122,100,99986,100,100125,100,99968,100,100133,100,99913,100,100136,100,99897,100
2019-06-28 09:46:30.000000000,100062,191,100058,124,100063,188,100057,388,100076,188,100031,188,100090,100,100007,200,100093,100,100006,100,100109,100,100004,200,100122,100,99986,100,100125,100,99968,100,100133,100,99913,100,100136,100,99897,100
2019-06-28 09:46:31.089487041,100062,191,100058,124,100063,188,100057,488,100076,188,100031,188,100090,100,100007,200,100093,100,100006,100,100109,100,100004,200,100122,100,99986,100,100125,100,99968,100,100133,100,99913,100,100136,100,99897,100
2019-06-28 09:46:37.008425115,100062,91,100058,124,100063,188,100057,488,100076,188,100031,188,100090,100,100007,200,100093,100,100006,100,100109,100,100004,200,100122,100,99986,100,100125,100,99968,100,100133,100,99913,100,100136,100,99897,100
2019-06-28 09:46:40.000000000,100063,368,100058,301,100076,100,100057,400,100090,100,100031,100,100093,100,100007,200,100109,100,100006,100,100122,100,100004,200,100125,100,99986,100,100133,100,99968,100,100136,100,99913,100,100142,100,99897,100
2019-06-28 09:46:41.501746269,100063,368,100059,100,100076,100,100058,301,100090,100,100057,400,100093,100,100031,100,100109,100,100007,200,100122,100,100006,100,100125,100,100004,200,100133,100,99986,100,100136,100,99968,100,100142,100,99913,100
2019-06-28 09:46:50.000000000,100063,167,100059,167,100076,167,100058,100,100090,167,100057,467,100093,167,100031,167,100109,100,100007,200,100122,100,100006,100,100125,100,100004,200,100133,100,99986,100,100136,100,99968,100,100142,100,99913,100
2019-06-28 09:46:58.811030319,100063,167,100059,167,100076,167,100058,100,100090,167,100057,467,100093,167,100031,167,100109,100,100007,200,100122,100,100006,100,100125,100,100004,200,100133,100,99986,100,100136,100,99968,100,100142,100,99913,100
2019-06-28 09:47:00.000000000,100063,368,100059,368,100076,100,100058,33,100090,100,100057,400,100093,100,100031,100,100109,100,100007,200,100122,100,100006,100,100125,100,100004,200,100133,100,99986,100,100136,100,99968,100,100142,100,99913,100
2019-06-28 09:47:10.000000000,100063,191,100059,191,100076,188,100058,121,100090,188,100057,488,100093,100,100031,100,100109,100,100007,200,100122,100,100006,100,100125,100,100004,200,100133,100,99986,100,100136,100,99968,100,100142,100,99913,100
2019-06-28 09:47:14.668292968,100063,91,100059,191,100076,188,100058,121,100090,188,100057,488,100093,100,100031,100,100109,100,100007,200,100122,100,100006,100,100125,100,100004,200,100133,100,99986,100,100136,100,99968,100,100142,100,99913,100
2019-06-28 09:47:20.000000000,100076,191,100059,191,100090,188,100058,121,100093,188,100057,488,100109,100,100031,100,100122,100,100007,200,100125,100,100006,100,100133,100,100004,200,100136,100,99986,100,100142,100,99968,100,100517,100,99913,100
2019-06-28 09:47:22.231429903,100076,91,100059,191,100090,88,100058,121,100093,188,100057,488,100109,100,100031,100,100122,100,100007,200,100125,100,100006,100,100133,100,100004,200,100136,100,99986,100,100142,100,99968,100,100517,100,99913,100
2019-06-28 09:47:30.000000000,100093,154,100059,154,100109,154,100058,87,100122,154,100057,454,100125,154,100031,154,100133,154,100007,254,100136,100,100006,100,100142,100,100004,200,100517,100,99986,100,100531,100,99968,100,100644,100,99913,100
2019-06-28 09:47:34.778579257,100093,54,100059,154,100109,154,100058,87,100122,154,100057,454,100125,154,100031,154,100133,154,100007,254,100136,100,100006,100,100142,100,100004,200,100517,100,99986,100,100531,100,99968,100,100644,100,99913,100
2019-06-28 09:47:40.000000000,100109,191,100059,191,100122,188,100058,121,100125,188,100057,488,100133,100,100031,100,100136,100,100007,200,100142,100,100006,100,100517,100,100004,200,100531,100,99986,100,100644,100,99968,100,100702,100,99913,100
2019-06-28 09:47:50.000000000,100109,167,100059,167,100122,167,100058,100,100125,167,100057,467,100133,167,100031,167,100136,100,100007,200,100142,100,100006,100,100517,100,100004,200,100531,100,99986,100,100644,100,99968,100,100702,100,99913,100
2019-06-28 09:48:00.000000000,100109,368,100059,368,100122,100,100058,33,100125,100,100057,400,100133,100,100031,100,100136,100,100007,200,100142,100,100006,100,100517,100,100004,200,100531,100,99986,100,100644,100,99968,100,100702,100,99913,100
2019-06-28 09:48:04.181248788,100109,368,100059,368,100122,100,100058,33,100125,100,100057,400,100133,100,100031,100,100136,100,100007,200,100142,100,100006,100,100517,100,100004,200,100531,100,99986,100,100644,100,99968,100,100702,100,99913,100
2019-06-28 09:48:10.000000000,100109,191,100059,191,100122,188,100058,121,100125,188,100057,488,100133,100,100031,100,100136,100,100007,200,100142,100,100006,100,100517,100,100004,200,100531,100,99986,100,100644,100,99968,100,100702,100,99913,100
2019-06-28 09:48:14.594232519,100109,191,100076,100,100122,188,100059,191,100125,188,100058,121,100133,100,100057,488,100136,100,100031,100,100142,100,100007,200,100517,100,100006,100,100531,100,100004,200,100644,100,99968,100,100702,100,99913,100
2019-06-28 09:48:16.852370246,100109,91,100076,100,100122,188,100059,191,100125,188,100058,121,100133,100,100057,488,100136,100,100031,100,100142,100,100007,200,100517,100,100006,100,100644,100,100004,200,100702,100,99968,100,100720,100,99913,100
2019-06-28 09:48:20.000000000,100122,368,100076,368,100125,100,100059,100,100133,100,100058,33,100136,100,100057,400,100142,100,100031,100,100517,100,100007,200,100644,100,100006,100,100702,100,100004,200,100720,100,99968,100,100729,100,99913,100
2019-06-28 09:48:21.195041026,100122,368,100076,368,100125,100,100059,100,100133,100,100058,33,100136,100,100057,400,100142,100,100031,100,100517,100,100007,200,100644,100,100006,100,100702,100,100004,200,100720,100,99968,100,100729,100,99913,100
2019-06-28 09:48:30.000000000,100122,368,100076,368,100125,100,100059,100,100133,100,100058,33,100136,100,100057,400,100142,100,100031,100,100517,100,100007,200,100644,100,100006,100,100702,100,100004,200,100720,100,99968,100,100729,100,99913,100
2019-06-28 09:48:40.000000000,100122,167,100076,167,100125,167,100059,167,100133,167,100058,100,100136,167,100057,467,100142,100,100031,100,100517,100,100007,200,100644,100,100006,100,100702,100,100004,200,100720,100,99968,100,100729,100,99913,100
2019-06-28 09:48:48.826843112,100122,67,100076,167,100125,167,100059,167,100133,167,100058,100,100136,167,100057,467,100142,100,100031,100,100517,100,100007,200,100702,100,100006,100,100720,100,100004,200,100729,100,99968,100,100751,100,99913,100
2019-06-28 09:48:50.000000000,100125,154,100076,154,100133,154,100059,154,100136,154,100058,87,100142,154,100057,454,100517,154,100031,154,100702,100,100007,200,100720,100,100006,100,100729,100,100004,200,100751,100,99968,100,100773,100,99913,100
2019-06-28 09:49:00.000000000,100125,234,100076,234,100133,234,100059,234,100136,100,100058,33,100142,100,100057,400,100517,100,100031,100,100702,100,100007,200,100720,100,100006,100,100729,100,100004,200,100751,100,99968,100,100773,100,99913,100
2019-06-28 09:49:03.880132848,100125,134,100076,234,100133,234,100059,234,100136,100,100058,33,100142,100,100057,400,100517,100,100031,100,100702,100,100007,200,100720,100,100006,100,100729,100,100004,200,100773,100,99968,100,100810,100,99913,100
2019-06-28 09:49:10.000000000,100133,234,100076,234,100136,234,100059,234,100142,100,100058,33,100517,100,100057,400,100702,100,100031,100,100720,100,100007,200,100729,100,100006,100,100773,100,100004,200,100810,100,99968,100,100892,100,99913,100
2019-06-28 09:49:12.869681806,100133,234,100122,100,100136,234,100076,234,100142,100,100059,234,100517,100,100058,33,100702,100,100057,300,100720,100,100031,100,100729,100,100007,200,100773,100,100006,100,100810,100,100004,200,100892,100,99968,100
2019-06-28 09:49:20.000000000,100133,154,100122,154,100136,154,100076,154,100142,154,100059,154,100517,154,100058,87,100702,154,100057,354,100720,100,100031,100,100729,100,100007,200,100773,100,100006,100,100810,100,100004,200,100892,100,99968,100
2019-06-28 09:49:30.000000000,100133,234,100122,234,100136,234,100076,234,100142,100,100059,100,100517,100,100058,33,100702,100,100057,300,100720,100,100031,100,100729,100,100007,200,100773,100,100006,100,100810,100,100004,200,100892,100,99968,100
2019-06-28 09:49:40.000000000,100133,368,100122,368,100136,100,100076,100,100142,100,100059,100,100517,100,100058,33,100702,100,100057,300,100720,100,100031,100,100729,100,100007,200,100773,100,100006,100,100810,100,100004,200,100892,100,99968,100
2019-06-28 09:49:45.853157236,100133,268,100122,368,100136,100,100076,100,100142,100,100059,100,100517,100,100058,33,100702,100,100057,300,100720,100,100031,100,100729,100,100007,200,100773,100,100006,100,100810,100,100004,200,100892,100,99968,100
2019-06-28 09:49:50.000000000,100136,154,100122,154,100142,154,100076,154,100517,154,100059,154,100702,154,100058,87,100720,154,100057,354,100729,100,100031,100,100773,100,100007,200,100810,100,100006,100,100892,100,100004,200,101067,100,99968,100
2019-06-28 09:50:00.000000000,100136,191,100122,191,100142,188,100076,188,100517,188,100059,188,100702,100,100058,33,100720,100,100057,300,100729,100,100031,100,100773,100,100007,200,100810,100,100006,100,100892,100,100004,200,101067,100,99968,100
2019-06-28 09:50:10.000000000,100136,368,100122,368,100142,100,100076,100,100517,100,100059,100,100702,100,100058,33,100720,100,100057,300,100729,100,100031,100,100773,100,100007,200,100810,100,100006,100,100892,100,100004,200,101067,100,99968,100
2019-06-28 09:50:19.561523050,100136,368,100122,368,100142,100,100076,100,100517,100,100059,100,100702,100,100058,33,100720,100,100057,300,100729,100,100031,100,100773,100,100007,200,100810,100,100006,100,100846,100,100004,200,100892,100,99968,100
2019-06-28 09:50:20.000000000,100136,154,100122,154,100142,154,100076,154,100517,154,100059,154,100702,154,100058,87,100720,154,100057,354,100729,100,100031,100,100773,100,100007,200,100810,100,100006,100,100846,100,100004,200,100892,100,99968,100
2019-06-28 09:50:30.000000000,100136,234,100122,234,100142,234,100076,234,100517,100,100059,100,100702,100,100058,33,100720,100,100057,300,100729,100,100031,100,100773,100,100007,200,100810,100,100006,100,100846,100,100004,200,100892,100,99968,100
2019-06-28 09:50:32.501587943,100136,134,100122,234,100142,234,100076,234,100517,100,100059,100,100702,100,100058,33,100720,100,100057,300,100729,100,100031,100,100773,100,100007,200,100810,100,100006,100,100846,100,100004,200,100892,100,99968,100
2019-06-28 09:50:40.000000000,100142,154,100122,154,100517,154,100076,154,100702,154,100059,154,100720,154,100058,87,100729,154,100057,354,100773,100,100031,100,100810,100,100007,200,100846,100,100006,100,100892,100,100004,200,101067,100,99968,100
2019-06-28 09:50:50.000000000,100142,167,100122,167,100517,167,100076,167,100702,167,100059,167,100720,167,100058,100,100729,100,100057,300,100773,100,100031,100,100810,100,100007,200,100846,100,100006,100,100892,100,100004,200,101067,100,99968,100
2019-06-28 09:51:00.000000000,100142,191,100122,191,100517,188,100076,188,100702,188,100059,188,100720,100,100058,33,100729,100,100057,300,100773,100,100031,100,100810,100,100007,200,100846,100,100006,100,100892,100,100004,200,101067,100,99968,100
2019-06-28 09:51:10.000000000,100142,154,100122,154,100517,154,100076,154,100702,154,100059,154,100720,154,100058,87,100729,154,100057,354,100773,100,100031,100,100810,100,100007,200,100846,100,100006,100,100892,100,100004,200,101067,100,99968,100
2019-06-28 09:51:10.353872885,100142,54,100122,154,100517,154,100076,154,100702,154,100059,154,100720,154,100058,87,100729,154,100057,354,100773,100,100031,100,100810,100,100007,200,100846,100,100006,100,100892,100,100004,200,101067,100,99968,100
2019-06-28 09:51:16.445340110,100517,154,100142,46,100702,154,100122,154,100720,154,100076,154,100729,154,100059,154,100773,100,100058,87,100810,100,100057,354,100846,100,100031,100,100892,100,100007,200,101067,100,100006,100,101087,100,100004,200
2019-06-28 09:51:20.000000000,100517,234,100142,180,100702,234,100122,234,100720,100,100076,100,100729,100,100059,100,100773,100,100058,33,100810,100,100057,300,100846,100,100031,100,100892,100,100007,200,101067,100,100006,100,101087,100,100004,200
2019-06-28 09:51:27.117718363,100517,234,100398,100,100702,234,100142,180,100720,100,100122,234,100729,100,100076,100,100773,100,100059,100,100810,100,100058,33,100846,100,100057,300,100892,100,100031,100,101067,100,100007,200,101087,100,100006,100
2019-06-28 09:51:30.000000000,100517,191,100398,191,100702,188,100142,134,100720,188,100122,188,100729,100,100076,100,100773,100,100059,100,100810,100,100058,33,100846,100,100057,300,100892,100,100031,100,101067,100,100007,200,101087,100,100006,100
2019-06-28 09:51:40.000000000,100517,191,100398,191,100702,188,100142,134,100720,188,100122,188,100729,100,100076,100,100773,100,100059,100,100810,100,100058,33,100846,100,100057,300,100892,100,100031,100,101067,100,100007,200,101087,100,100006,100
2019-06-28 09:51:50.000000000,100517,191,100398,191,100702,188,100142,134,100720,188,100122,188,100729,100,100076,100,100773,100,100059,100,100810,100,100058,33,100846,100,100057,300,100892,100,100031,100,101067,100,100007,200,101087,100,100006,100
2019-06-28 09:51:54.621881603,100517,191,100398,191,100671,100,100142,134,100702,188,100122,188,100720,188,100076,100,100729,100,100059,100,100773,100,100058,33,100810,100,100057,300,100846,100,100031,100,100892,100,100007,200,101067,100,100006,100
2019-06-28 09:52:00.000000000,100517,167,100398,167,100671,167,100142,113,100702,167,100122,167,100720,167,100076,167,100729,100,100059,100,100773,100,100058,33,100810,100,100057,300,100846,100,100031,100,100892,100,100007,200,101067,100,100006,100
2019-06-28 09:52:10.000000000,100517,234,100398,234,100671,234,100142,180,100702,100,100122,100,100720,100,100076,100,100729,100,100059,100,100773,100,100058,33,100810,100,100057,300,100846,100,100031,100,100892,100,100007,200,101067,100,100006,100
2019-06-28 09:52:11.948403484,100517,134,100398,234,100671,234,100142,180,100702,100,100122,100,100720,100,100076,100,100729,100,100059,100,100773,100,100058,33,100810,100,100057,300,100846,100,100031,100,100892,100,100007,200,101067,100,100006,100
2019-06-28 09:52:20.000000000,100671,368,100398,368,100702,100,100142,46,100720,100,100122,100,100729,100,100076,100,100773,100,100059,100,100810,100,100058,33,100846,100,100057,300,100892,100,100031,100,101067,100,100007,200,101087,100,100006,100
2019-06-28 09:52:29.154839608,100583,100,100398,368,100671,368,100142,46,100702,100,100122,100,100720,100,100076,100,100729,100,100059,100,100773,100,100058,33,100810,100,100057,300,100846,100,100031,100,100892,100,100007,200,101067,100,100006,100
2019-06-28 09:52:30.000000000,100583,234,100398,234,100671,234,100142,180,100702,100,100122,100,100720,100,100076,100,100729,100,100059,100,100773,100,100058,33,100810,100,100057,300,100846,100,100031,100,100892,100,100007,200,101067,100,100006,100
2019-06-28 09:52:37.758877375,100583,234,100399,100,100671,234,100398,234,100702,100,100142,180,100720,100,100122,100,100729,100,100076,100,100773,100,100059,100,100810,100,100058,33,100846,100,100057,200,100892,100,100031,100,101067,100,100007,200
2019-06-28 09:52:40.000000000,100583,167,100399,167,100671,167,100398,167,100702,167,100142,113,100720,167,100122,167,100729,100,100076,100,100773,100,100059,100,100810,100,100058,33,100846,100,100057,200,100892,100,100031,100,101067,100,100007,200
2019-06-28 09:52:50.000000000,100583,154,100399,154,100671,154,100398,154,100702,154,100142,100,100720,154,100122,154,100729,154,100076,154,100773,100,100059,100,100810,100,100058,33,100846,100,100057,200,100892,100,100031,100,101067,100,100007,200
2019-06-28 09:53:00.000000000,100583,167,100399,167,100671,167,100398,167,100702,167,100142,113,100720,167,100122,167,100729,100,100076,100,100773,100,100059,100,100810,100,100058,33,100846,100,100057,200,100892,100,100031,100,101067,100,100007,200
2019-06-28 09:53:10.000000000,100583,154,100399,154,100671,154,100398,154,100702,154,100142,100,100720,154,100122,154,100729,154,100076,154,100773,100,100059,100,100810,100,100058,33,100846,100,100057,200,100892,100,100031,100,101067,100,100007,200
2019-06-28 09:53:20.000000000,100583,234,100399,234,100671,234,100398,234,100702,100,100142,46,100720,100,100122,100,100729,100,100076,100,100773,100,100059,100,100810,100,100058,33,100846,100,100057,200,100892,100,100031,100,101067,100,100007,200
2019-06-28 09:53:30.000000000,100583,167,100399,167,100671,167,100398,167,100702,167,100142,113,100720,167,100122,167,100729,100,100076,100,100773,100,100059,100,100810,100,100058,33,100846,100,100057,200,100892,100,100031,100,101067,100,100007,200
2019-06-28 09:53:40.000000000,100583,368,100399,368,100671,100,100398,100,100702,100,100142,46,100720,100,100122,100,100729,100,100076,100,100773,100,100059,100,100810,100,100058,33,100846,100,100057,200,100892,100,100031,100,101067,100,100007,200
2019-06-28 09:53:45.280063324,100583,368,100399,368,100671,100,100398,100,100702,100,100143,100,100720,100,100142,46,100729,100,100122,100,100773,100,100076,100,100810,100,100059,100,100846,100,100058,33,100892,100,100057,200,101067,100,100031,100
2019-06-28 09:53:50.000000000,100583,167,100399,167,100671,167,100398,167,100702,167,100143,167,100720,167,100142,113,100729,100,100122,100,100773,100,100076,100,100810,100,100059,100,100846,100,100058,33,100892,100,100057,200,101067,100,100031,100
2019-06-28 09:53:52.819752334,100583,167,100399,167,100671,167,100398,167,100702,167,100143,167,100720,167,100142,113,100729,100,100122,100,100773,100,100076,100,100810,100,100060,100,100846,100,100059,100,100892,100,100058,33,101087,100,100057,200
2019-06-28 09:54:00.000000000,100583,234,100399,234,100671,234,100398,234,100702,100,100143,100,100720,100,100142,46,100729,100,100122,100,100773,100,100076,100,100810,100,100060,100,100846,100,100059,100,100892,100,100058,33,101087,100,100057,200
2019-06-28 09:54:10.000000000,100583,167,100399,167,100671,167,100398,167,100702,167,100143,167,100720,167,100142,113,100729,100,100122,100,100773,100,100076,100,100810,100,100060,100,100846,100,100059,100,100892,100,100058,33,101087,100,100057,200
2019-06-28 09:54:13.786282699,100583,167,100399,167,100671,167,100398,167,100702,167,100143,267,100720,167,100142,113,100729,100,100122,100,100773,100,100076,100,100810,100,100060,100,100846,100,100059,100,100892,100,100058,33,101087,100,100057,200
2019-06-28 09:54:15.453423125,100516,100,100399,167,100583,167,100398,167,100671,167,100143,267,100702,167,100142,113,100720,167,100122,100,100729,100,100076,100,100773,100,100060,100,100810,100,100059,100,100846,100,100058,33,100892,100,100057,200
2019-06-28 09:54:19.493166514,100403,100,100399,167,100516,100,100398,167,100583,167,100143,267,100671,167,100142,113,100702,167,100122,100,100720,167,100076,100,100729,100,100060,100,100773,100,100059,100,100810,100,100058,33,100846,100,100057,200
2019-06-28 09:54:20.000000000,100403,368,100399,368,100516,100,100398,100,100583,100,100143,200,100671,100,100142,46,100702,100,100122,100,100720,100,100076,100,100729,100,100060,100,100773,100,100059,100,100810,100,100058,33,100846,100,100057,200
2019-06-28 09:54:30.000000000,100403,234,100399,234,100516,234,100398,234,100583,100,100143,200,100671,100,100142,46,100702,100,100122,100,100720,100,100076,100,100729,100,100060,100,100773,100,100059,100,100810,100,100058,33,100846,100,100057,200
2019-06-28 09:54:40.000000000,100403,167,100399,167,100516,167,100398,167,100583,167,100143,267,100671,167,100142,113,100702,100,100122,100,100720,100,100076,100,100729,100,100060,100,100773,100,100059,100,100810,100,100058,33,100846,100,100057,200
2019-06-28 09:54:41.771542406,100403,167,100399,67,100516,167,100398,167,100583,167,100143,267,100671,167,100142,113,100702,100,100122,100,100720,100,100076,100,100729,100,100060,100,100773,100,100059,100,100810,100,100058,33,100846,100,100057,200
2019-06-28 09:54:48.063630098,100399,33,100398,167,100403,167,100143,267,100516,167,100142,113,100583,167,100122,100,100671,167,100076,100,100702,100,100060,100,100720,100,100059,100,100729,100,100058,33,100773,100,100057,200,100810,100,100031,100
2019-06-28 09:54:50.000000000,100399,301,100398,368,100403,100,100143,200,100516,100,100142,46,100583,100,100122,100,100671,100,100076,100,100702,100,100060,100,100720,100,100059,100,100729,100,100058,33,100773,100,100057,200,100810,100,100031,100
2019-06-28 09:54:57.879626874,100399,301,100398,368,100403,100,100143,200,100516,100,100142,46,100583,100,100122,100,100671,100,100076,100,100702,100,100060,100,100720,100,100059,100,100729,100,100058,33,100773,100,100057,200,100810,100,100054,100
2019-06-28 09:55:00.000000000,100399,124,100398,191,100403,188,100143,288,100516,188,100142,134,100583,100,100122,100,100671,100,100076,100,100702,100,100060,100,100720,100,100059,100,100729,100,100058,33,100773,100,100057,200,100810,100,100054,100
2019-06-28 09:55:05.954501162,100399,124,100398,91,100403,188,100143,288,100516,188,100142,134,100583,100,100122,100,100671,100,100076,100,100702,100,100060,100,100720,100,100059,100,100729,100,100058,33,100773,100,100057,200,100810,100,100054,100
2019-06-28 09:55:09.682071888,100398,9,100143,288,100399,124,100142,134,100403,188,100122,100,100516,188,100076,100,100583,100,100060,100,100671,100,100059,100,100702,100,100058,33,100720,100,100057,200,100729,100,100054,100,100773,100,100031,100
2019-06-28 09:55:10.000000000,100398,100,100143,291,100399,121,100142,134,100403,188,100122,188,100516,100,100076,100,100583,100,100060,100,100671,100,100059,100,100702,100,100058,33,100720,100,100057,200,100729,100,100054,100,100773,100,100031,100
2019-06-28 09:55:20.000000000,100398,143,100143,334,100399,167,100142,180,100403,100,100122,100,100516,100,100076,100,100583,100,100060,100,100671,100,100059,100,100702,100,100058,33,100720,100,100057,200,100729,100,100054,100,100773,100,100031,100
2019-06-28 09:55:30.000000000,100398,100,100143,291,100399,121,100142,134,100403,188,100122,188,100516,100,100076,100,100583,100,100060,100,100671,100,100059,100,100702,100,100058,33,100720,100,100057,200,100729,100,100054,100,100773,100,100031,100
2019-06-28 09:55:36.798511525,100398,100,100143,191,100399,121,100142,134,100403,188,100122,188,100516,100,100076,100,100583,100,100060,100,100671,100,100059,100,100702,100,100058,33,100720,100,100057,200,100729,100,100054,100,100773,100,100031,100
2019-06-28 09:55:40.000000000,100398,63,100143,154,100399,87,100142,100,100403,154,100122,154,100516,154,100076,154,100583,154,100060,154,100671,100,100059,100,100702,100,100058,33,100720,100,100057,200,100729,100,100054,100,100773,100,100031,100
2019-06-28 09:55:50.000000000,100398,63,100143,154,100399,87,100142,100,100403,154,100122,154,100516,154,100076,154,100583,154,100060,154,100671,100,100059,100,100702,100,100058,33,100720,100,100057,200,100729,100,100054,100,100773,100,100031,100
2019-06-28 09:55:55.871940345,100372,100,100143,154,100398,63,100142,100,100399,87,100122,154,100403,154,100076,154,100516,154,100060,154,100583,154,100059,100,100671,100,100058,33,100702,100,100057,200,100720,100,100054,100,100729,100,100031,100
2019-06-28 09:55:56.074750074,100372,100,100143,154,100397,100,100142,100,100398,63,100122,154,100399,87,100076,154,100403,154,100060,154,100516,154,100059,100,100583,154,100058,33,100671,100,100057,200,100702,100,100054,100,100720,100,100031,100
2019-06-28 09:56:00.000000000,100372,154,100143,154,100397,154,100142,100,100398,63,100122,154,100399,87,100076,154,100403,154,100060,154,100516,100,100059,100,100583,100,100058,33,100671,100,100057,200,100702,100,100054,100,100720,100,100031,100
2019-06-28 09:56:00.379652759,100218,100,100143,154,100372,154,100142,100,100397,154,100122,154,100398,63,100076,154,100399,87,100060,154,100403,154,100059,100,100516,100,100058,33,100583,100,100057,200,100671,100,100054,100,100702,100,100031,100
2019-06-28 09:56:10.000000000,100218,154,100143,154,100372,154,100142,100,100397,154,100122,154,100398,63,100076,154,100399,87,100060,154,100403,100,100059,100,100516,100,100058,33,100583,100,100057,200,100671,100,100054,100,100702,100,100031,100
2019-06-28 09:56:17.441317653,100218,154,100143,154,100352,100,100142,100,100372,154,100122,154,100397,154,100076,154,100398,63,100060,154,100399,87,100059,100,100403,100,100058,33,100516,100,100057,200,100583,100,100054,100,100671,100,100031,100
2019-06-28 09:56:20.000000000,100218,167,100143,167,100352,167,100142,113,100372,167,100122,167,100397,167,100076,167,100398,9,100060,100,100399,33,100059,100,100403,100,100058,33,100516,100,100057,200,100583,100,100054,100,100671,100,100031,100
2019-06-28 09:56:22.524155290,100218,167,100143,167,100227,100,100142,67,100352,167,100122,167,100372,167,100076,167,100397,167,100060,100,100398,9,100059,100,100399,33,100058,33,100403,100,100057,200,100516,100,100054,100,100583,100,100031,100
2019-06-28 09:56:30.000000000,100218,368,100143,368,100227,100,100122,100,100352,100,100076,100,100372,100,100060,100,100397,100,100059,100,100398,9,100058,33,100399,33,100057,200,100403,100,100054,100,100516,100,100031,100,100583,100,100006,100
2019-06-28 09:56:40.000000000,100218,368,100143,368,100227,100,100122,100,100352,100,100076,100,100372,100,100060,100,100397,100,100059,100,100398,9,100058,33,100399,33,100057,200,100403,100,100054,100,100516,100,100031,100,100583,100,100006,100
2019-06-28 09:56:50.000000000,100218,167,100143,167,100227,167,100122,167,100352,167,100076,167,100372,167,100060,167,100397,100,100059,100,100398,9,100058,33,100399,33,100057,200,100403,100,100054,100,100516,100,100031,100,100583,100,100006,100
2019-06-28 09:56:56.727070206,100218,167,100144,100,100227,167,100143,167,100352,167,100122,167,100372,167,100076,167,100397,100,100060,167,100398,9,100059,100,100399,33,100058,33,100403,100,100057,200,100516,100,100054,100,100583,100,100031,100
2019-06-28 09:57:00.000000000,100218,234,100144,234,100227,234,100143,234,100352,100,100122,100,100372,100,100076,100,100397,100,100060,100,100398,9,100059,100,100399,33,100058,33,100403,100,100057,200,100516,100,100054,100,100583,100,100031,100
2019-06-28 09:57:06.839695870,100218,234,100144,234,100227,234,100143,234,100352,100,100122,100,100372,100,100076,100,100397,100,100060,100,100398,9,100059,100,100399,33,100058,33,100403,100,100057,200,100516,100,100054,100,100583,100,100031,100
2019-06-28 09:57:10.000000000,100218,191,100144,191,100227,188,100143,188,100352,188,100122,188,100372,100,100076,100,100397,100,100060,100,100398,9,100059,100,100399,33,100058,33,100403,100,100057,200,100516,100,100054,100,100583,100,100031,100
2019-06-28 09:57:20.000000000,100218,191,100144,191,100227,188,100143,188,100352,188,100122,188,100372,100,100076,100,100397,100,100060,100,100398,9,100059,100,100399,33,100058,33,100403,100,100057,200,100516,100,100054,100,100583,100,100031,100
2019-06-28 09:57:30.000000000,100218,167,100144,167,100227,167,100143,167,100352,167,100122,167,100372,167,100076,167,100397,100,100060,100,100398,9,100059,100,100399,33,100058,33,100403,100,100057,200,100516,100,100054,100,100583,100,100031,100
2019-06-28 09:57:35.632660449,100218,167,100144,167,100227,167,100143,167,100352,167,100122,167,100372,167,100076,67,100397,100,100060,100,100398,9,100059,100,100399,33,100058,33,100403,100,100057,200,100516,100,100054,100,100583,100,100031,100
2019-06-28 09:57:40.000000000,100218,167,100144,167,100227,167,100143,167,100352,167,100122,167,100372,167,100060,167,100397,100,100059,100,100398,9,100058,33,100399,33,100057,200,100403,100,100054,100,100516,100,100031,100,100583,100,100006,100
2019-06-28 09:57:50.000000000,100218,234,100144,234,100227,234,100143,234,100352,100,100122,100,100372,100,100060,100,100397,100,100059,100,100398,9,100058,33,100399,33,100057,200,100403,100,100054,100,100516,100,100031,100,100583,100,100006,100
2019-06-28 09:58:00.000000000,100218,368,100144,368,100227,100,100143,100,100352,100,100122,100,100372,100,100060,100,100397,100,100059,100,100398,9,100058,33,100399,33,100057,200,100403,100,100054,100,100516,100,100031,100,100583,100,100006,100
2019-06-28 09:58:00.604517981,100218,368,100144,368,100227,100,100143,100,100352,100,100122,100,100372,100,100060,100,100397,100,100059,100,100398,9,100058,33,100399,33,100057,200,100403,100,100054,100,100516,100,100031,100,100560,100,100006,100
2019-06-28 09:58:09.165473666,100218,368,100144,368,100227,100,100143,100,100352,100,100122,100,100372,100,100060,100,100397,100,100059,100,100398,9,100058,33,100399,33,100057,100,100403,100,100054,100,100516,100,100031,100,100560,100,100006,100
2019-06-28 09:58:10.000000000,100218,191,100144,191,100227,188,100143,188,100352,188,100122,188,100372,100,100060,100,100397,100,100059,100,100398,9,100058,33,100399,33,100057,100,100403,100,100054,100,100516,100,100031,100,100560,100,100006,100
2019-06-28 09:58:20.000000000,100218,191,100144,191,100227,188,100143,188,100352,188,100122,188,100372,100,100060,100,100397,100,100059,100,100398,9,100058,33,100399,33,100057,100,100403,100,100054,100,100516,100,100031,100,100560,100,100006,100
2019-06-28 09:58:30.000000000,100218,191,100144,191,100227,188,100143,188,100352,188,100122,188,100372,100,100060,100,100397,100,100059,100,100398,9,100058,33,100399,33,100057,100,100403,100,100054,100,100516,100,100031,100,100560,100,100006,100
2019-06-28 09:58:31.617158818,100218,191,100144,191,100227,188,100143,188,100352,188,100122,188,100372,100,100060,100,100397,100,100059,100,100398,9,100058,33,100399,33,100057,100,100403,100,100054,100,100516,100,100031,100,100560,100,100006,100
2019-06-28 09:58:40.000000000,100218,234,100144,234,100227,234,100143,234,100352,100,100122,100,100372,100,100060,100,100397,100,100059,100,100398,9,100058,33,100399,33,100057,100,100403,100,100054,100,100516,100,100031,100,100560,100,100006,100
2019-06-28 09:58:43.929253428,100163,100,100144,234,100218,234,100143,234,100227,234,100122,100,100352,100,100060,100,100372,100,100059,100,100397,100,100058,33,100398,9,100057,100,100399,33,100054,100,100403,100,100031,100,100516,100,100006,100
2019-06-28 09:58:50.000000000,100163,154,100144,154,100218,154,100143,154,100227,154,100122,154,100352,154,100060,154,100372,154,100059,154,100397,100,100058,33,100398,9,100057,100,100399,33,100054,100,100403,100,100031,100,100516,100,100006,100
2019-06-28 09:59:00.000000000,100163,234,100144,234,100218,234,100143,234,100227,100,100122,100,100352,100,100060,100,100372,100,100059,100,100397,100,100058,33,100398,9,100057,100,100399,33,100054,100,100403,100,100031,100,100516,100,100006,100
2019-06-28 09:59:10.000000000,100163,167,100144,167,100218,167,100143,167,100227,167,100122,167,100352,167,100060,167,100372,100,100059,100,100397,100,100058,33,100398,9,100057,100,100399,33,100054,100,100403,100,100031,100,100516,100,100006,100
2019-06-28 09:59:14.605001535,100163,167,100144,167,100218,167,100143,167,100227,167,100122,167,100352,167,100060,167,100372,100,100059,100,100397,100,100058,33,100398,9,100057,100,100399,33,100054,100,100403,100,100031,100,100516,100,100006,100
2019-06-28 09:59:16.238875339,100163,67,100144,167,100218,67,100143,167,100227,167,100122,167,100352,167,100060,167,100372,100,100059,100,100397,100,100058,33,100398,9,100057,100,100399,33,100054,100,100403,100,100031,100,100516,100,100006,100
2019-06-28 09:59:16.484925170,100218,67,100163,33,100227,167,100144,167,100352,167,100143,167,100372,100,100122,167,100397,100,100060,167,100398,9,100059,100,100399,33,100058,33,100403,100,100057,100,100516,100,100054,100,100560,100,100031,100
2019-06-28 09:59:20.000000000,100227,368,100163,301,100352,100,100144,100,100372,100,100143,100,100397,100,100122,100,100398,9,100060,100,100399,33,100059,100,100403,100,100058,33,100516,100,100057,100,100560,100,100054,100,100583,100,100031,100
2019-06-28 09:59:27.473631162,100227,268,100163,301,100352,100,100144,100,100372,100,100143,100,100397,100,100122,100,100398,9,100060,100,100399,33,100059,100,100403,100,100058,33,100516,100,100057,100,100560,100,100054,100,100583,100,100031,100
2019-06-28 09:59:29.281113639,100227,168,100163,301,100352,100,100144,100,100372,100,100143,100,100397,100,100122,100,100398,9,100060,100,100399,33,100059,100,100403,100,100058,33,100516,100,100057,100,100560,100,100054,100,100583,100,100031,100
2019-06-28 09:59:30.000000000,100352,368,100163,301,100372,100,100144,100,100397,100,100143,100,100398,9,100122,100,100399,33,100060,100,100403,100,100059,100,100516,100,100058,33,100560,100,100057,100,100583,100,100054,100,100671,100,100031,100
2019-06-28 09:59:40.000000000,100352,167,100163,100,100372,167,100144,167,100397,167,100143,167,100398,76,100122,167,100399,33,100060,100,100403,100,100059,100,100516,100,100058,33,100560,100,100057,100,100583,100,100054,100,100671,100,100031,100
2019-06-28 09:59:42.900126438,100352,167,100163,100,100372,167,100144,167,100397,167,100143,167,100398,76,100122,167,100399,33,100060,100,100403,100,100059,100,100516,100,100058,33,100560,100,100057,100,100583,100,100054,100,100671,100,100031,100
2019-06-28 09:59:50.000000000,100352,234,100163,167,100372,234,100144,234,100397,100,100143,100,100398,9,100122,100,100399,33,100060,100,100403,100,100059,100,100516,100,100058,33,100560,100,100057,100,100583,100,100054,100,100671,100,100031,100
2019-06-28 10:00:00.000000000,100352,191,100163,124,100372,188,100144,188,100397,188,100143,188,100398,9,100122,100,100399,33,100060,100,100403,100,100059,100,100516,100,100058,33,100560,100,100057,100,100583,100,100054,100,100671,100,100031,100
2019-06-28 10:00:09.179193688,100352,191,100316,100,100372,188,100163,124,100397,188,100144,188,100398,9,100143,188,100399,33,100122,100,100403,100,100060,100,100516,100,100059,100,100560,100,100058,33,100583,100,100057,100,100671,100,100054,100
2019-06-28 10:00:10.000000000,100352,154,100316,154,100372,154,100163,87,100397,154,100144,154,100398,63,100143,154,100399,87,100122,154,100403,100,100060,100,100516,100,100059,100,100560,100,100058,33,100583,100,100057,100,100671,100,100054,100
2019-06-28 10:00:20.000000000,100352,368,100316,368,100372,100,100163,33,100397,100,100144,100,100398,9,100143,100,100399,33,100122,100,100403,100,100060,100,100516,100,100059,100,100560,100,100058,33,100583,100,100057,100,100671,100,100054,100
2019-06-28 10:00:30.000000000,100352,368,100316,368,100372,100,100163,33,100397,100,100144,100,100398,9,100143,100,100399,33,100122,100,100403,100,100060,100,100516,100,100059,100,100560,100,100058,33,100583,100,100057,100,100671,100,100054,100
2019-06-28 10:00:38.669556725,100352,368,100316,368,100372,100,100163,33,100397,100,100144,100,100398,9,100143,100,100399,33,100122,100,100403,100,100060,100,100516,100,100059,100,100560,100,100058,33,100583,100,100057,100,100671,100,100054,100
2019-06-28 10:00:40.000000000,100352,191,100316,191,100372,188,100163,121,100397,188,100144,188,100398,9,100143,100,100399,33,100122,100,100403,100,100060,100,100516,100,100059,100,100560,100,100058,33,100583,100,100057,100,100671,100,100054,100
2019-06-28 10:00:50.000000000,100352,191,100316,191,100372,188,100163,121,100397,188,100144,188,100398,9,100143,100,100399,33,100122,100,100403,100,100060,100,100516,100,100059,100,100560,100,100058,33,100583,100,100057,100,100671,100,100054,100
2019-06-28 10:01:00.000000000,100352,191,100316,191,100372,188,100163,121,100397,188,100144,188,100398,9,100143,100,100399,33,100122,100,100403,100,100060,100,100516,100,100059,100,100560,100,100058,33,100583,100,100057,100,100671,100,100054,100
2019-06-28 10:01:10.000000000,100352,234,100316,234,100372,234,100163,167,100397,100,100144,100,100398,9,100143,100,100399,33,100122,100,100403,100,100060,100,100516,100,100059,100,100560,100,100058,33,100583,100,100057,100,100671,100,100054,100
2019-06-28 10:01:10.585586413,100352,234,100316,234,100372,234,100227,100,100397,100,100163,167,100398,9,100144,100,100399,33,100143,100,100403,100,100060,100,100516,100,100059,100,100560,100,100058,33,100583,100,100057,100,100671,100,100054,100
2019-06-28 10:01:13.515555408,100352,134,100316,234,100372,234,100227,100,100397,100,100163,167,100398,9,100144,100,100399,33,100143,100,100403,100,100060,100,100516,100,100059,100,100560,100,100058,33,100583,100,100057,100,100671,100,100054,100
2019-06-28 10:01:14.074543498,100352,34,100316,234,100372,234,100227,100,100397,100,100163,167,100398,9,100144,100,100399,33,100143,100,100403,100,100060,100,100516,100,100059,100,100560,100,100058,33,100583,100,100057,100,100671,100,100054,100
2019-06-28 10:01:20.000000000,100372,154,100316,154,100397,154,100227,154,100398,63,100163,87,100399,87,100144,154,100403,154,100143,154,100516,100,100060,100,100560,100,100059,100,100583,100,100058,33,100671,100,100057,100,100702,100,100054,100
2019-06-28 10:01:30.000000000,100372,167,100316,167,100397,167,100227,167,100398,76,100163,100,100399,100,100144,167,100403,100,100143,100,100516,100,100060,100,100560,100,100059,100,100583,100,100058,33,100671,100,100057,100,100702,100,100054,100
2019-06-28 10:01:32.157411593,100372,167,100316,167,100397,167,100227,167,100398,76,100163,100,100399,100,100144,167,100403,100,100143,100,100516,100,100060,100,100560,100,100059,100,100583,100,100058,33,100671,100,100057,100,100702,100,100054,100
2019-06-28 10:01:40.000000000,100372,154,100316,154,100397,154,100227,154,100398,63,100163,87,100399,87,100144,154,100403,154,100143,154,100516,100,100060,100,100560,100,100059,100,100583,100,100058,33,100671,100,100057,100,100702,100,100054,100
2019-06-28 10:01:49.510264912,100372,54,100316,154,100397,154,100227,154,100398,63,100163,87,100399,87,100144,154,100403,154,100143,154,100516,100,100060,100,100560,100,100059,100,100583,100,100058,33,100671,100,100057,100,100702,100,100054,100
2019-06-28 10:01:50.000000000,100397,191,100316,191,100398,97,100227,188,100399,121,100163,121,100403,100,100144,100,100516,100,100143,100,100560,100,100060,100,100583,100,100059,100,100671,100,100058,33,100702,100,100057,100,100773,100,100054,100
2019-06-28 10:01:50.386510125,100397,191,100316,191,100398,97,100227,188,100399,121,100163,121,100403,100,100144,100,100516,100,100143,100,100560,100,100060,100,100583,100,100059,100,100671,100,100058,33,100702,100,100057,100,100773,100,100054,100
2019-06-28 10:01:52.791521848,100397,91,100316,191,100398,97,100227,188,100399,121,100163,121,100403,100,100144,100,100516,100,100143,100,100560,100,100060,100,100583,100,100059,100,100671,100,100058,33,100702,100,100057,100,100773,100,100054,100
2019-06-28 10:01:55.613284712,100397,91,100372,100,100398,97,100316,191,100399,121,100227,188,100403,100,100163,121,100516,100,100144,100,100560,100,100143,100,100583,100,100060,100,100671,100,100059,100,100702,100,100058,33,100773,100,100057,100
2019-06-28 10:02:00.000000000,100398,76,100372,167,100399,100,100316,167,100403,167,100227,167,100516,167,100163,100,100560,100,100144,100,100583,100,100143,100,100671,100,100060,100,100702,100,100059,100,100773,100,100058,33,100804,100,100057,100
2019-06-28 10:02:00.720772708,100399,100,100398,24,100403,167,100372,167,100516,167,100316,167,100560,100,100227,167,100583,100,100163,100,100671,100,100144,100,100702,100,100143,100,100773,100,100060,100,100804,100,100059,100,100846,100,100058,33
2019-06-28 10:02:10.000000000,100399,87,100398,78,100403,154,100372,154,100516,154,100316,154,100560,154,100227,154,100583,154,100163,87,100671,100,100144,100,100702,100,100143,100,100773,100,100060,100,100804,100,100059,100,100846,100,100058,33
2019-06-28 10:02:18.805759121,100399,87,100398,78,100403,154,100372,154,100516,154,100316,154,100560,154,100227,154,100583,154,100163,87,100671,100,100144,100,100702,100,100143,100,100773,100,100060,100,100804,100,100059,100,100846,100,100058,33
2019-06-28 10:02:20.000000000,100399,167,100398,158,100403,234,100372,234,100516,100,100316,100,100560,100,100227,100,100583,100,100163,33,100671,100,100144,100,100702,100,100143,100,100773,100,100060,100,100804,100,100059,100,100846,100,100058,33
2019-06-28 10:02:23.005016059,100399,167,100398,158,100403,234,100397,100,100516,100,100372,234,100560,100,100316,100,100583,100,100227,100,100671,100,100163,33,100702,100,100144,100,100773,100,100143,100,100804,100,100060,100,100846,100,100059,100
2019-06-28 10:02:30.000000000,100399,301,100398,292,100403,100,100397,100,100516,100,100372,100,100560,100,100316,100,100583,100,100227,100,100671,100,100163,33,100702,100,100144,100,100773,100,100143,100,100804,100,100060,100,100846,100,100059,100
2019-06-28 10:02:40.000000000,100399,87,100398,78,100403,154,100397,154,100516,154,100372,154,100560,154,100316,154,100583,154,100227,154,100671,100,100163,33,100702,100,100144,100,100773,100,100143,100,100804,100,100060,100,100846,100,100059,100
2019-06-28 10:02:43.294885170,100399,87,100398,78,100403,154,100397,154,100516,154,100372,154,100560,154,100316,154,100583,154,100227,154,100671,100,100163,33,100702,100,100144,100,100773,100,100143,100,100804,100,100060,100,100846,100,100059,100
2019-06-28 10:02:50.000000000,100399,301,100398,292,100403,100,100397,100,100516,100,100372,100,100560,100,100316,100,100583,100,100227,100,100671,100,100163,33,100702,100,100144,100,100773,100,100143,100,100804,100,100060,100,100846,100,100059,100
2019-06-28 10:02:57.335842629,100399,301,100398,292,100403,100,100372,100,100516,100,100316,100,100560,100,100227,100,100583,100,100163,33,100671,100,100144,100,100702,100,100143,100,100773,100,100060,100,100804,100,100059,100,100846,100,100058,33
2019-06-28 10:03:00.000000000,100399,87,100398,78,100403,154,100372,154,100516,154,100316,154,100560,154,100227,154,100583,154,100163,87,100671,100,100144,100,100702,100,100143,100,100773,100,100060,100,100804,100,100059,100,100846,100,100058,33
2019-06-28 10:03:09.871809513,100399,87,100398,78,100403,154,100372,154,100516,154,100316,154,100560,154,100227,154,100583,154,100163,87,100671,100,100144,100,100702,100,100143,100,100773,100,100060,100,100804,100,100059,100,100846,100,100058,33
2019-06-28 10:03:10.000000000,100399,301,100398,292,100403,100,100372,100,100516,100,100316,100,100560,100,100227,100,100583,100,100163,33,100671,100,100144,100,100702,100,100143,100,100773,100,100060,100,100804,100,100059,100,100846,100,100058,33
2019-06-28 10:03:10.372885966,100399,301,100398,292,100403,100,100372,100,100560,100,100316,100,100583,100,100227,100,100671,100,100163,33,100702,100,100144,100,100773,100,100143,100,100804,100,100060,100,100846,100,100059,100,100892,100,100058,33
2019-06-28 10:03:12.478324867,100399,201,100398,292,100403,100,100372,100,100560,100,100316,100,100583,100,100227,100,100671,100,100163,33,100702,100,100144,100,100773,100,100143,100,100804,100,100060,100,100846,100,100059,100,100892,100,100058,33
2019-06-28 10:03:20.000000000,100403,167,100398,91,100560,167,100372,167,100583,167,100316,167,100671,167,100227,167,100702,100,100163,33,100773,100,100144,100,100804,100,100143,100,100846,100,100060,100,100892,100,100059,100,100912,100,100058,33
2019-06-28 10:03:30.000000000,100403,234,100398,158,100560,234,100372,234,100583,100,100316,100,100671,100,100227,100,100702,100,100163,33,100773,100,100144,100,100804,100,100143,100,100846,100,100060,100,100892,100,100059,100,100912,100,100058,33
2019-06-28 10:03:40.000000000,100403,167,100398,91,100560,167,100372,167,100583,167,100316,167,100671,167,100227,167,100702,100,100163,33,100773,100,100144,100,100804,100,100143,100,100846,100,100060,100,100892,100,100059,100,100912,100,100058,33
2019-06-28 10:03:40.227095277,100403,167,100398,91,100560,167,100372,167,100583,167,100316,167,100671,167,100227,167,100702,100,100163,33,100773,100,100144,100,100804,100,100143,100,100846,100,100060,100,100892,100,100059,100,100932,100,100058,33
2019-06-28 10:03:50.000000000,100403,368,100398,292,100560,100,100372,100,100583,100,100316,100,100671,100,100227,100,100702,100,100163,33,100773,100,100144,100,100804,100,100143,100,100846,100,100060,100,100892,100,100059,100,100932,100,100058,33
2019-06-28 10:03:59.652344895,100403,368,100398,292,100560,100,100372,100,100583,100,100316,100,100671,100,100227,100,100702,100,100163,33,100773,100,100144,100,100804,100,100143,100,100846,100,100060,100,100892,100,100059,100,100932,100,100058,33
2019-06-28 10:04:00.000000000,100403,154,100398,78,100560,154,100372,154,100583,154,100316,154,100671,154,100227,154,100702,154,100163,87,100773,100,100144,100,100804,100,100143,100,100846,100,100060,100,100892,100,100059,100,100932,100,100058,33
2019-06-28 10:04:10.000000000,100403,234,100398,158,100560,234,100372,234,100583,100,100316,100,100671,100,100227,100,100702,100,100163,33,100773,100,100144,100,100804,100,100143,100,100846,100,100060,100,100892,100,100059,100,100932,100,100058,33
2019-06-28 10:04:20.000000000,100403,234,100398,158,100560,234,100372,234,100583,100,100316,100,100671,100,100227,100,100702,100,100163,33,100773,100,100144,100,100804,100,100143,100,100846,100,100060,100,100892,100,100059,100,100932,100,100058,33
2019-06-28 10:04:30.000000000,100403,234,100398,158,100560,234,100372,234,100583,100,100316,100,100671,100,100227,100,100702,100,100163,33,100773,100,100144,100,100804,100,100143,100,100846,100,100060,100,100892,100,100059,100,100932,100,100058,33
2019-06-28 10:04:40.000000000,100403,167,100398,91,100560,167,100372,167,100583,167,100316,167,100671,167,100227,167,100702,100,100163,33,100773,100,100144,100,100804,100,100143,100,100846,100,100060,100,100892,100,100059,100,100932,100,100058,33
2019-06-28 10:04:48.124092153,100403,167,100398,91,100560,167,100372,167,100583,167,100316,167,100671,167,100227,167,100702,100,100163,33,100773,100,100144,100,100804,100,100143,100,100846,100,100060,100,100892,100,100059,100,100932,100,100058,33
2019-06-28 10:04:50.000000000,100403,234,100398,158,100560,234,100372,234,100583,100,100316,100,100671,100,100227,100,100702,100,100163,33,100773,100,100144,100,100804,100,100143,100,100846,100,100060,100,100892,100,100059,100,100932,100,100058,33
2019-06-28 10:05:00.000000000,100403,368,100398,292,100560,100,100372,100,100583,100,100316,100,100671,100,100227,100,100702,100,100163,33,100773,100,100144,100,100804,100,100143,100,100846,100,100060,100,100892,100,100059,100,100932,100,100058,33
2019-06-28 10:05:10.000000000,100403,234,100398,158,100560,234,100372,234,100583,100,100316,100,100671,100,100227,100,100702,100,100163,33,100773,100,100144,100,100804,100,100143,100,100846,100,100060,100,100892,100,100059,100,100932,100,100058,33
2019-06-28 10:05:20.000000000,100403,234,100398,158,100560,234,100372,234,100583,100,100316,100,100671,100,100227,100,100702,100,100163,33,100773,100,100144,100,100804,100,100143,100,100846,100,100060,100,100892,100,100059,100,100932,100,100058,33
2019-06-28 10:05:21.619799385,100403,134,100398,158,100560,234,100372,234,100583,100,100316,100,100702,100,100227,100,100773,100,100163,33,100804,100,100144,100,100846,100,100143,100,100892,100,100060,100,100932,100,100059,100,101084,100,100058,33
2019-06-28 10:05:27.936826517,100403,134,100398,158,100560,234,100372,234,100583,100,100316,100,100702,100,100227,100,100758,100,100163,33,100773,100,100144,100,100804,100,100143,100,100846,100,100060,100,100892,100,100059,100,100932,100,100058,33
2019-06-28 10:05:30.000000000,100560,154,100398,78,100583,154,100372,154,100702,154,100316,154,100758,154,100227,154,100773,154,100163,87,100804,100,100144,100,100846,100,100143,100,100892,100,100060,100,100932,100,100059,100,101084,100,100058,33
2019-06-28 10:05:40.000000000,100560,167,100398,91,100583,167,100372,167,100702,167,100316,167,100758,167,100227,167,100773,100,100163,33,100804,100,100144,100,100846,100,100143,100,100892,100,100060,100,100932,100,100059,100,101084,100,100058,33
2019-06-28 10:05:50.000000000,100560,167,100398,91,100583,167,100372,167,100702,167,100316,167,100758,167,100227,167,100773,100,100163,33,100804,100,100144,100,100846,100,100143,100,100892,100,100060,100,100932,100,100059,100,101084,100,100058,33
2019-06-28 10:05:51.169368919,100560,167,100398,91,100583,167,100383,100,100702,167,100372,167,100758,167,100316,167,100773,100,100227,167,100804,100,100163,33,100846,100,100144,100,100892,100,100143,100,100932,100,100060,100,101084,100,100059,100
2019-06-28 10:06:00.000000000,100560,167,100398,91,100583,167,100383,167,100702,167,100372,167,100758,167,100316,167,100773,100,100227,100,100804,100,100163,33,100846,100,100144,100,100892,100,100143,100,100932,100,100060,100,101084,100,100059,100
2019-06-28 10:06:10.000000000,100560,154,100398,78,100583,154,100383,154,100702,154,100372,154,100758,154,100316,154,100773,154,100227,154,100804,100,100163,33,100846,100,100144,100,100892,100,100143,100,100932,100,100060,100,101084,100,100059,100
2019-06-28 10:06:18.551644184,100560,154,100398,78,100583,154,100383,154,100702,154,100372,154,100758,154,100316,154,100773,154,100227,154,100804,100,100163,33,100846,100,100144,100,100892,100,100060,100,100932,100,100059,100,101084,100,100058,33
2019-06-28 10:06:20.000000000,100560,234,100398,158,100583,234,100383,234,100702,100,100372,100,100758,100,100316,100,100773,100,100227,100,100804,100,100163,33,100846,100,100144,100,100892,100,100060,100,100932,100,100059,100,101084,100,100058,33
2019-06-28 10:06:28.123895657,100560,234,100399,100,100583,234,100398,158,100702,100,100383,234,100758,100,100316,100,100773,100,100227,100,100804,100,100163,33,100846,100,100144,100,100892,100,100060,100,100932,100,100059,100,101084,100,100058,33
2019-06-28 10:06:30.000000000,100560,234,100399,234,100583,234,100398,158,100702,100,100383,100,100758,100,100316,100,100773,100,100227,100,100804,100,100163,33,100846,100,100144,100,100892,100,100060,100,100932,100,100059,100,101084,100,100058,33
2019-06-28 10:06:35.311870520,100560,134,100399,234,100583,234,100398,158,100702,100,100383,100,100758,100,100316,100,100773,100,100227,100,100804,100,100163,33,100846,100,100144,100,100892,100,100060,100,100932,100,100059,100,101084,100,100058,33
2019-06-28 10:06:36.533708406,100560,134,100467,100,100583,234,100399,234,100702,100,100398,158,100758,100,100383,100,100773,100,100316,100,100804,100,100227,100,100846,100,100163,33,100892,100,100144,100,100932,100,100060,100,101084,100,100059,100
2019-06-28 10:06:36.752688266,100560,134,100467,100,100583,234,100399,234,100702,100,100398,158,100758,100,100383,100,100773,100,100227,100,100776,100,100163,33,100804,100,100144,100,100846,100,100060,100,100892,100,100059,100,100932,100,100058,33
2019-06-28 10:06:40.000000000,100583,167,100467,167,100702,167,100399,167,100758,167,100398,91,100773,167,100383,167,100776,100,100227,100,100804,100,100163,33,100846,100,100144,100,100892,100,100060,100,100932,100,100059,100,101084,100,100058,33
2019-06-28 10:06:50.000000000,100583,154,100467,154,100702,154,100399,154,100758,154,100398,78,100773,154,100383,154,100776,154,100227,154,100804,100,100163,33,100846,100,100144,100,100892,100,100060,100,100932,100,100059,100,101084,100,100058,33
