,ask_price_1,ask_size_1,bid_price_1,bid_size_1,ask_price_2,ask_size_2,bid_price_2,bid_size_2,ask_price_3,ask_size_3,bid_price_3,bid_size_3,ask_price_4,ask_size_4,bid_price_4,bid_size_4,ask_price_5,ask_size_5,bid_price_5,bid_size_5,ask_price_6,ask_size_6,bid_price_6,bid_size_6,ask_price_7,ask_size_7,bid_price_7,bid_size_7,ask_price_8,ask_size_8,bid_price_8,bid_size_8,ask_price_9,ask_size_9,bid_price_9,bid_size_9,ask_price_10,ask_size_10,bid_price_10,bid_size_10
2019-06-28 09:30:00.000000000,100030,100,99832,100,,,,,,,,,,,,,,,,,,,,,,,,,,,,,,,,,,,,
2019-06-28 09:30:00.000000003,100030,100,99878,100,,,99832,100,,,,,,,,,,,,,,,,,,,,,,,,,,,,,,,,
2019-06-28 09:30:00.000000009,100030,100,99878,100,100168,100,99832,100,,,,,,,,,,,,,,,,,,,,,,,,,,,,,,,,
2019-06-28 09:30:00.000000017,100030,100,100001,100,100168,100,99878,100,,,99832,100,,,,,,,,,,,,,,,,,,,,,,,,,,,,
2019-06-28 09:30:00.000000019,100030,100,99878,100,100168,100,99832,100,,,,,,,,,,,,,,,,,,,,,,,,,,,,,,,,
2019-06-28 09:30:00.000000020,100030,100,99951,100,100168,100,99878,100,,,99832,100,,,,,,,,,,,,,,,,,,,,,,,,,,,,
2019-06-28 09:30:00.000000021,100030,100,99998,100,100168,100,99951,100,,,99878,100,,,99832,100,,,,,,,,,,,,,,,,,,,,,,,,
2019-06-28 09:30:00.000000023,100168,100,99998,100,,,99951,100,,,99878,100,,,99832,100,,,,,,,,,,,,,,,,,,,,,,,,
2019-06-28 09:30:00.000000024,100168,100,99951,100,,,99878,100,,,99832,100,,,,,,,,,,,,,,,,,,,,,,,,,,,,
2019-06-28 09:30:00.000000025,100168,100,99951,100,100205,100,99878,100,,,99832,100,,,,,,,,,,,,,,,,,,,,,,,,,,,,
2019-06-28 09:30:00.000000026,100168,100,100040,100,100205,100,99951,100,,,99878,100,,,99832,100,,,,,,,,,,,,,,,,,,,,,,,,
2019-06-28 09:30:00.000000028,100161,100,100040,100,100168,100,99951,100,100205,100,99878,100,,,99832,100,,,,,,,,,,,,,,,,,,,,,,,,
2019-06-28 09:30:00.000000031,100161,100,99951,100,100168,100,99878,100,100205,100,99832,100,,,,,,,,,,,,,,,,,,,,,,,,,,,,
2019-06-28 09:30:00.000000032,100161,100,99951,100,100168,100,99935,100,100205,100,99878,100,,,99832,100,,,,,,,,,,,,,,,,,,,,,,,,
2019-06-28 09:30:00.000000033,100161,100,100055,100,100168,100,99951,100,100205,100,99935,100,,,99878,100,,,99832,100,,,,,,,,,,,,,,,,,,,,
2019-06-28 09:30:00.000000034,100161,100,100055,100,100168,100,99988,100,100205,100,99951,100,,,99935,100,,,99878,100,,,99832,100,,,,,,,,,,,,,,,,
2019-06-28 09:30:00.000000040,100117,100,99988,100,100161,100,99951,100,100168,100,99935,100,100205,100,99878,100,,,99832,100,,,,,,,,,,,,,,,,,,,,
2019-06-28 09:30:00.000000041,100062,100,99988,100,100117,100,99951,100,100161,100,99935,100,100168,100,99878,100,100205,100,99832,100,,,,,,,,,,,,,,,,,,,,
2019-06-28 09:30:00.000000042,100062,100,99988,100,100117,100,99951,100,100161,100,99935,100,100168,100,99878,100,100205,100,99832,100,100272,100,,,,,,,,,,,,,,,,,,
2019-06-28 09:30:00.000000043,100062,100,99988,100,100117,100,99951,100,100161,100,99935,100,100168,100,99906,100,100205,100,99878,100,100272,100,99832,100,,,,,,,,,,,,,,,,
2019-06-28 09:30:00.000000045,100055,100,99951,100,100062,100,99935,100,100117,100,99906,100,100161,100,99878,100,100168,100,99832,100,100205,100,,,100272,100,,,,,,,,,,,,,,
2019-06-28 09:30:00.000000048,100055,200,99951,100,100062,100,99935,100,100117,100,99906,100,100161,100,99878,100,100168,100,99832,100,100205,100,,,100272,100,,,,,,,,,,,,,,
2019-06-28 09:30:00.000000049,100054,100,99951,100,100055,200,99935,100,100062,100,99906,100,100117,100,99899,100,100161,100,99878,100,100168,100,99832,100,100205,100,,,100272,100,,,,,,,,,,
2019-06-28 09:30:00.000000051,100054,100,99951,100,100055,200,99935,100,100062,100,99906,100,100117,100,99899,100,100161,100,99878,100,100168,100,99832,100,100205,100,,,100272,100,,,,,,,,,,
2019-06-28 09:30:00.000000052,100054,100,99951,100,100055,200,99935,100,100062,100,99906,100,100117,100,99899,100,100158,100,99878,100,100161,100,99846,100,100168,100,99832,100,100205,100,,,100272,100,,,,,,
2019-06-28 09:30:00.000000054,100054,100,99988,100,100055,200,99951,100,100062,100,99935,100,100117,100,99906,100,100158,100,99899,100,100161,100,99878,100,100168,100,99846,100,100205,100,99832,100,100272,100,,,,,,
2019-06-28 09:30:00.000000063,100012,100,99988,100,100054,100,99951,100,100055,200,99935,100,100062,100,99906,100,100117,100,99899,100,100158,100,99878,100,100161,100,99846,100,100168,100,99832,100,100205,100,,,100272,100,,
2019-06-28 09:30:00.000000065,100012,100,99988,100,100054,100,99951,100,100055,200,99935,100,100062,100,99906,100,100117,100,99905,100,100158,100,99899,100,100161,100,99878,100,100168,100,99846,100,100205,100,99832,100,100272,100,,
2019-06-28 09:30:00.000000066,100012,100,99988,100,100054,100,99951,100,100055,200,99935,100,100062,100,99906,100,100117,100,99905,100,100129,100,99899,100,100158,100,99878,100,100161,100,99846,100,100168,100,99832,100,100205,100,,
2019-06-28 09:30:00.000000068,100012,100,99988,100,100054,100,99951,100,100055,200,99936,100,100062,100,99935,100,100117,100,99906,100,100128,100,99905,100,100129,100,99899,100,100158,100,99878,100,100161,100,99846,100,100168,100,99832,100
2019-06-28 09:30:00.000000071,100012,100,99988,100,100054,100,99958,100,100055,200,99951,100,100062,100,99936,100,100117,100,99935,100,100118,100,99906,100,100128,100,99905,100,100129,100,99899,100,100158,100,99878,100,100161,100,99846,100
2019-06-28 09:30:00.000000072,100054,100,100012,100,100055,200,99988,100,100062,100,99958,100,100117,100,99951,100,100118,100,99936,100,100128,100,99935,100,100129,100,99906,100,100158,100,99905,100,100161,100,99899,100,100168,100,99878,100
2019-06-28 09:30:00.000000073,100054,100,100012,100,100055,200,99988,100,100062,100,99958,100,100117,100,99951,100,100118,100,99937,100,100128,100,99936,100,100129,100,99935,100,100158,100,99906,100,100161,100,99905,100,100168,100,99899,100
2019-06-28 09:30:00.000000075,100054,100,100012,100,100055,200,99988,100,100062,100,99958,100,100117,100,99951,100,100118,100,99937,100,100128,100,99936,100,100129,100,99935,100,100158,100,99906,100,100161,100,99905,100,100165,100,99899,100
2019-06-28 09:30:00.000000076,100054,100,100012,100,100055,200,99988,200,100062,100,99958,100,100117,100,99951,100,100118,100,99937,100,100128,100,99936,100,100129,100,99935,100,100158,100,99906,100,100161,100,99905,100,100165,100,99899,100
2019-06-28 09:30:00.000000077,100054,100,99988,200,100055,200,99958,100,100062,100,99951,100,100117,100,99937,100,100118,100,99936,100,100128,100,99935,100,100129,100,99906,100,100158,100,99905,100,100161,100,99899,100,100165,100,99878,100
2019-06-28 09:30:00.000000078,100012,100,99988,200,100054,100,99958,100,100055,200,99957,100,100062,100,99951,100,100117,100,99937,100,100118,100,99936,100,100128,100,99935,100,100129,100,99906,100,100158,100,99905,100,100161,100,99899,100
2019-06-28 09:30:00.000000079,100054,100,99988,200,100055,200,99958,100,100062,100,99957,100,100117,100,99951,100,100118,100,99937,100,100128,100,99936,100,100129,100,99935,100,100158,100,99906,100,100161,100,99905,100,100165,100,99899,100
2019-06-28 09:30:00.000000080,100054,100,100012,100,100055,200,99988,200,100062,100,99958,100,100117,100,99957,100,100118,100,99951,100,100128,100,99937,100,100129,100,99936,100,100158,100,99935,100,100161,100,99906,100,100165,100,99905,100
2019-06-28 09:30:00.000000081,100054,100,99988,200,100055,200,99958,100,100062,100,99957,100,100117,100,99951,100,100118,100,99937,100,100128,100,99936,100,100129,100,99935,100,100158,100,99906,100,100161,100,99905,100,100165,100,99899,100
2019-06-28 09:30:00.000000083,100012,100,99998,100,100054,100,99988,200,100055,200,99964,100,100062,100,99958,100,100117,100,99957,100,100118,100,99951,100,100128,100,99937,100,100129,100,99936,100,100158,100,99935,100,100161,100,99906,100
2019-06-28 09:30:00.000000084,100012,100,99998,100,100054,100,99988,200,100055,200,99964,100,100062,100,99958,100,100097,100,99957,100,100117,100,99951,100,100118,100,99937,100,100128,100,99936,100,100129,100,99935,100,100158,100,99906,100
2019-06-28 09:30:00.000000085,100044,100,99998,100,100054,100,99988,200,100055,200,99964,100,100062,100,99958,100,100073,100,99957,100,100097,100,99951,100,100117,100,99937,100,100118,100,99936,100,100128,100,99935,100,100129,100,99906,100
2019-06-28 09:30:00.000000086,100044,100,99998,100,100054,100,99988,200,100055,200,99964,100,100062,100,99958,100,100073,100,99957,100,100086,100,99951,100,100097,100,99937,100,100117,100,99936,100,100118,100,99935,100,100128,100,99906,100
2019-06-28 09:30:00.000000087,100044,100,100012,100,100054,100,99998,100,100055,200,99988,200,100062,100,99964,100,100073,100,99958,100,100086,100,99957,100,100097,100,99951,100,100117,100,99937,100,100118,100,99936,100,100128,100,99935,100
2019-06-28 09:30:00.000000091,100044,100,100012,100,100054,100,99998,100,100055,200,99988,200,100062,100,99964,100,100073,100,99958,100,100086,100,99957,100,100097,100,99951,100,100117,100,99947,100,100118,100,99937,100,100128,100,99936,100
2019-06-28 09:30:00.000000093,100044,100,100012,100,100054,100,99998,100,100055,200,99988,200,100062,100,99977,100,100073,100,99964,100,100086,100,99958,100,100097,100,99957,100,100117,100,99951,100,100118,100,99947,100,100128,100,99937,100
2019-06-28 09:30:00.000000094,100044,100,100012,100,100054,100,99998,100,100055,200,99988,200,100062,100,99977,100,100073,100,99964,100,100086,100,99958,100,100097,100,99957,100,100117,100,99951,100,100118,100,99947,100,100128,100,99937,100
2019-06-28 09:30:00.000000098,100044,100,100012,100,100054,100,99998,100,100055,200,99988,200,100062,100,99977,100,100073,100,99964,100,100086,100,99958,100,100097,100,99957,100,100117,100,99951,100,100118,100,99947,100,100128,100,99937,100
2019-06-28 09:30:10.000000000,100044,310,100012,310,100054,310,99998,310,100055,200,99988,200,100062,100,99977,100,100073,100,99964,100,100086,100,99958,100,100097,100,99957,100,100117,100,99951,100,100118,100,99947,100,100128,100,99937,100
2019-06-28 09:30:12.274291958,100044,310,100012,310,100054,310,99998,310,100055,200,99988,200,100062,100,99977,100,100073,100,99964,100,100086,100,99958,100,100097,100,99957,100,100117,100,99951,100,100118,100,99947,100,100128,100,99937,100
2019-06-28 09:30:20.000000000,100044,184,100012,184,100054,184,99998,184,100055,284,99988,284,100062,184,99977,184,100073,184,99964,184,100086,100,99958,100,100097,100,99957,100,100117,100,99951,100,100118,100,99947,100,100128,100,99937,100
2019-06-28 09:30:30.000000000,100044,243,100012,243,100054,239,99998,239,100055,339,99988,339,100062,100,99977,100,100073,100,99964,100,100086,100,99958,100,100097,100,99957,100,100117,100,99951,100,100118,100,99947,100,100128,100,99937,100
2019-06-28 09:30:40.000000000,100044,184,100012,184,100054,184,99998,184,100055,284,99988,284,100062,184,99977,184,100073,184,99964,184,100086,100,99958,100,100097,100,99957,100,100117,100,99951,100,100118,100,99947,100,100128,100,99937,100
2019-06-28 09:30:43.923993247,100044,184,100012,184,100054,184,99998,184,100055,284,99988,284,100062,84,99977,184,100073,184,99964,184,100086,100,99958,100,100097,100,99957,100,100117,100,99951,100,100118,100,99947,100,100128,100,99937,100
2019-06-28 09:30:50.000000000,100044,205,100012,205,100054,205,99998,205,100055,305,99988,305,100073,205,99977,205,100086,100,99964,100,100097,100,99958,100,100117,100,99957,100,100118,100,99951,100,100128,100,99947,100,100129,100,99937,100
2019-06-28 09:30:55.020992665,100044,205,100012,205,100054,205,99998,205,100055,305,99988,305,100073,205,99977,205,100086,100,99964,100,100097,100,99958,100,100117,100,99957,100,100118,100,99951,100,100128,100,99947,100,100129,100,99937,100
2019-06-28 09:31:00.000000000,100044,310,100012,310,100054,310,99998,310,100055,200,99988,200,100073,100,99977,100,100086,100,99964,100,100097,100,99958,100,100117,100,99957,100,100118,100,99951,100,100128,100,99947,100,100129,100,99937,100
2019-06-28 09:31:06.782743575,100044,210,100012,310,100054,310,99998,310,100055,200,99988,200,100073,100,99977,100,100086,100,99964,100,100097,100,99958,100,100117,100,99957,100,100118,100,99951,100,100128,100,99947,100,100129,100,99937,100
2019-06-28 09:31:07.008494062,100044,110,100012,310,100054,310,99998,310,100055,200,99988,200,100073,100,99977,100,100086,100,99964,100,100097,100,99958,100,100117,100,99957,100,100118,100,99951,100,100128,100,99947,100,100129,100,99937,100
2019-06-28 09:31:10.000000000,100054,243,100012,243,100055,339,99998,239,100073,239,99988,339,100086,100,99977,100,100097,100,99964,100,100117,100,99958,100,100118,100,99957,100,100128,100,99951,100,100129,100,99947,100,100158,100,99937,100
2019-06-28 09:31:20.000000000,100054,184,100012,184,100055,284,99998,184,100073,184,99988,284,100086,184,99977,184,100097,184,99964,184,100117,100,99958,100,100118,100,99957,100,100128,100,99951,100,100129,100,99947,100,100158,100,99937,100
2019-06-28 09:31:28.375040709,100054,184,100012,184,100055,284,99998,184,100073,184,99988,284,100086,184,99977,184,100097,184,99964,184,100117,100,99958,100,100118,100,99957,100,100128,100,99951,100,100129,100,99947,100,100158,100,99937,100
2019-06-28 09:31:30.000000000,100054,184,100012,184,100055,284,99998,184,100073,184,99988,284,100086,184,99977,184,100097,184,99964,184,100117,100,99958,100,100118,100,99957,100,100128,100,99951,100,100129,100,99947,100,100158,100,99937,100
2019-06-28 09:31:40.000000000,100054,205,100012,205,100055,305,99998,205,100073,205,99988,305,100086,205,99977,205,100097,100,99964,100,100117,100,99958,100,100118,100,99957,100,100128,100,99951,100,100129,100,99947,100,100158,100,99937,100
2019-06-28 09:31:50.000000000,100054,521,100012,521,100055,200,99998,100,100073,100,99988,200,100086,100,99977,100,100097,100,99964,100,100117,100,99958,100,100118,100,99957,100,100128,100,99951,100,100129,100,99947,100,100158,100,99937,100
2019-06-28 09:31:56.996443838,100054,421,100012,521,100055,200,99998,100,100073,100,99988,200,100086,100,99977,100,100097,100,99964,100,100117,100,99958,100,100118,100,99957,100,100128,100,99951,100,100129,100,99947,100,100158,100,99937,100
2019-06-28 09:32:00.000000000,100055,621,100012,521,100073,100,99998,100,100086,100,99988,200,100097,100,99977,100,100117,100,99964,100,100118,100,99958,100,100128,100,99957,100,100129,100,99951,100,100158,100,99947,100,100161,100,99937,100
2019-06-28 09:32:10.000000000,100055,343,100012,243,100073,239,99998,239,100086,239,99988,339,100097,100,99977,100,100117,100,99964,100,100118,100,99958,100,100128,100,99957,100,100129,100,99951,100,100158,100,99947,100,100161,100,99937,100
2019-06-28 09:32:14.688026082,100055,343,100012,243,100073,239,99998,239,100086,239,99988,339,100097,100,99977,100,100117,100,99964,100,100118,100,99958,100,100128,100,99957,100,100129,100,99951,100,100158,100,99947,100,100161,100,99937,100
2019-06-28 09:32:15.501164644,100055,243,100012,243,100073,239,99998,239,100086,239,99988,339,100097,100,99977,100,100117,100,99964,100,100118,100,99958,100,100128,100,99957,100,100129,100,99951,100,100158,100,99947,100,100161,100,99937,100
2019-06-28 09:32:20.000000000,100055,243,100012,243,100073,239,99998,239,100086,239,99988,339,100097,100,99977,100,100117,100,99964,100,100118,100,99958,100,100128,100,99957,100,100129,100,99951,100,100158,100,99947,100,100161,100,99937,100
2019-06-28 09:32:30.000000000,100055,205,100012,205,100073,205,99998,205,100086,205,99988,305,100097,205,99977,205,100117,100,99964,100,100118,100,99958,100,100128,100,99957,100,100129,100,99951,100,100158,100,99947,100,100161,100,99937,100
2019-06-28 09:32:33.667396946,100055,105,100012,205,100073,205,99998,205,100086,205,99988,305,100097,205,99977,205,100117,100,99964,100,100118,100,99958,100,100128,100,99957,100,100129,100,99951,100,100158,100,99947,100,100161,100,99937,100
2019-06-28 09:32:38.729606688,100055,105,100012,205,100073,205,99998,205,100086,205,99988,305,100097,205,99977,205,100117,100,99964,100,100118,100,99957,100,100128,100,99951,100,100129,100,99947,100,100158,100,99937,100,100161,100,99936,100
2019-06-28 09:32:39.589398151,100055,5,100012,205,100073,205,99998,205,100086,205,99988,305,100097,205,99977,205,100117,100,99964,100,100128,100,99957,100,100129,100,99951,100,100158,100,99947,100,100161,100,99937,100,100168,100,99936,100
2019-06-28 09:32:40.000000000,100073,521,100012,521,100086,100,99998,100,100097,100,99988,200,100117,100,99977,100,100128,100,99964,100,100129,100,99957,100,100158,100,99951,100,100161,100,99947,100,100168,100,99937,100,100182,100,99936,100
2019-06-28 09:32:50.000000000,100073,310,100012,310,100086,310,99998,310,100097,100,99988,200,100117,100,99977,100,100128,100,99964,100,100129,100,99957,100,100158,100,99951,100,100161,100,99947,100,100168,100,99937,100,100182,100,99936,100
2019-06-28 09:33:00.000000000,100073,310,100012,310,100086,310,99998,310,100097,100,99988,200,100117,100,99977,100,100128,100,99964,100,100129,100,99957,100,100158,100,99951,100,100161,100,99947,100,100168,100,99937,100,100182,100,99936,100
2019-06-28 09:33:10.000000000,100073,310,100012,310,100086,310,99998,310,100097,100,99988,200,100117,100,99977,100,100128,100,99964,100,100129,100,99957,100,100158,100,99951,100,100161,100,99947,100,100168,100,99937,100,100182,100,99936,100
2019-06-28 09:33:20.000000000,100073,243,100012,243,100086,239,99998,239,100097,239,99988,339,100117,100,99977,100,100128,100,99964,100,100129,100,99957,100,100158,100,99951,100,100161,100,99947,100,100168,100,99937,100,100182,100,99936,100
2019-06-28 09:33:24.864844696,100073,243,100055,100,100086,239,100012,243,100097,239,99998,239,100117,100,99988,339,100128,100,99977,100,100129,100,99964,100,100158,100,99957,100,100161,100,99951,100,100168,100,99947,100,100182,100,99937,100
2019-06-28 09:33:30.000000000,100073,243,100055,243,100086,239,100012,239,100097,239,99998,239,100117,100,99988,200,100128,100,99977,100,100129,100,99964,100,100158,100,99957,100,100161,100,99951,100,100168,100,99947,100,100182,100,99937,100
2019-06-28 09:33:40.000000000,100073,310,100055,310,100086,310,100012,310,100097,100,99998,100,100117,100,99988,200,100128,100,99977,100,100129,100,99964,100,100158,100,99957,100,100161,100,99951,100,100168,100,99947,100,100182,100,99937,100
2019-06-28 09:33:50.000000000,100073,205,100055,205,100086,205,100012,205,100097,205,99998,205,100117,205,99988,305,100128,100,99977,100,100129,100,99964,100,100158,100,99957,100,100161,100,99951,100,100168,100,99947,100,100182,100,99937,100
2019-06-28 09:34:00.000000000,100073,521,100055,521,100086,100,100012,100,100097,100,99998,100,100117,100,99988,200,100128,100,99977,100,100129,100,99964,100,100158,100,99957,100,100161,100,99951,100,100168,100,99947,100,100182,100,99937,100
2019-06-28 09:34:10.000000000,100073,310,100055,310,100086,310,100012,310,100097,100,99998,100,100117,100,99988,200,100128,100,99977,100,100129,100,99964,100,100158,100,99957,100,100161,100,99951,100,100168,100,99947,100,100182,100,99937,100
2019-06-28 09:34:20.000000000,100073,310,100055,310,100086,310,100012,310,100097,100,99998,100,100117,100,99988,200,100128,100,99977,100,100129,100,99964,100,100158,100,99957,100,100161,100,99951,100,100168,100,99947,100,100182,100,99937,100
2019-06-28 09:34:21.214595689,100073,310,100055,310,100086,310,100012,310,100097,100,99998,100,100117,100,99988,200,100128,100,99977,100,100129,100,99964,100,100158,100,99957,100,100161,100,99951,100,100168,100,99947,100,100182,100,99937,100
2019-06-28 09:34:22.975189510,100073,310,100055,210,100086,310,100012,310,100097,100,99998,100,100117,100,99988,200,100128,100,99977,100,100129,100,99964,100,100158,100,99957,100,100161,100,99951,100,100168,100,99947,100,100182,100,99937,100
2019-06-28 09:34:30.000000000,100073,310,100012,310,100086,310,99998,310,100097,100,99988,200,100117,100,99977,100,100128,100,99964,100,100129,100,99957,100,100158,100,99951,100,100161,100,99947,100,100168,100,99937,100,100182,100,99936,100
2019-06-28 09:34:39.569835566,100073,310,100055,100,100086,310,100012,310,100097,100,99998,310,100117,100,99988,200,100128,100,99977,100,100129,100,99964,100,100158,100,99957,100,100161,100,99951,100,100168,100,99947,100,100182,100,99937,100
2019-06-28 09:34:40.000000000,100073,205,100055,205,100086,205,100012,205,100097,205,99998,205,100117,205,99988,305,100128,100,99977,100,100129,100,99964,100,100158,100,99957,100,100161,100,99951,100,100168,100,99947,100,100182,100,99937,100
2019-06-28 09:34:40.465356681,100073,205,100055,205,100086,205,100012,205,100097,205,99998,205,100117,205,99988,305,100128,100,99977,100,100129,100,99964,100,100158,100,99957,100,100161,100,99951,100,100168,100,99947,100,100182,100,99937,100
2019-06-28 09:34:47.046809657,100073,205,100055,205,100086,205,100012,205,100097,205,99998,205,100117,205,99988,205,100128,100,99977,100,100129,100,99964,100,100158,100,99957,100,100161,100,99951,100,100168,100,99947,100,100182,100,99937,100
2019-06-28 09:34:50.000000000,100073,521,100055,521,100086,100,100012,100,100097,100,99998,100,100117,100,99988,100,100128,100,99977,100,100129,100,99964,100,100158,100,99957,100,100161,100,99951,100,100168,100,99947,100,100182,100,99937,100
2019-06-28 09:34:54.197499729,100073,521,100055,521,100086,100,100012,100,100097,100,99998,100,100117,100,99988,100,100128,100,99977,100,100129,100,99964,100,100158,100,99957,100,100161,100,99951,100,100168,100,99947,100,100182,100,99937,100
2019-06-28 09:35:00.000000000,100073,521,100055,521,100086,100,100012,100,100097,100,99998,100,100117,100,99988,100,100128,100,99977,100,100129,100,99964,100,100158,100,99957,100,100161,100,99951,100,100168,100,99947,100,100182,100,99937,100
2019-06-28 09:35:10.000000000,100073,521,100055,521,100086,100,100012,100,100097,100,99998,100,100117,100,99988,100,100128,100,99977,100,100129,100,99964,100,100158,100,99957,100,100161,100,99951,100,100168,100,99947,100,100182,100,99937,100
2019-06-28 09:35:20.000000000,100073,521,100055,521,100086,100,100012,100,100097,100,99998,100,100117,100,99988,100,100128,100,99977,100,100129,100,99964,100,100158,100,99957,100,100161,100,99951,100,100168,100,99947,100,100182,100,99937,100
2019-06-28 09:35:22.855938630,100073,521,100055,621,100086,100,99998,100,100097,100,99988,100,100117,100,99977,100,100128,100,99964,100,100129,100,99957,100,100158,100,99951,100,100161,100,99947,100,100168,100,99937,100,100182,100,99936,100
2019-06-28 09:35:30.000000000,100073,184,100055,284,100086,184,99998,184,100097,184,99988,184,100117,184,99977,184,100128,184,99964,184,100129,100,99957,100,100158,100,99951,100,100161,100,99947,100,100168,100,99937,100,100182,100,99936,100
2019-06-28 09:35:40.000000000,100073,243,100055,343,100086,239,99998,239,100097,239,99988,239,100117,100,99977,100,100128,100,99964,100,100129,100,99957,100,100158,100,99951,100,100161,100,99947,100,100168,100,99937,100,100182,100,99936,100
2019-06-28 09:35:46.510021541,100073,243,100055,443,100086,239,99998,239,100097,239,99988,239,100117,100,99977,100,100128,100,99964,100,100129,100,99957,100,100158,100,99951,100,100161,100,99947,100,100168,100,99937,100,100182,100,99936,100
2019-06-28 09:35:50.000000000,100073,521,100055,721,100086,100,99998,100,100097,100,99988,100,100117,100,99977,100,100128,100,99964,100,100129,100,99957,100,100158,100,99951,100,100161,100,99947,100,100168,100,99937,100,100182,100,99936,100
2019-06-28 09:35:53.639986231,100073,521,100055,721,100086,100,99988,100,100097,100,99977,100,100104,100,99964,100,100117,100,99957,100,100128,100,99951,100,100129,100,99947,100,100158,100,99937,100,100161,100,99936,100,100168,100,99906,200
2019-06-28 09:36:00.000000000,100073,310,100055,510,100086,310,99988,310,100097,100,99977,100,100104,100,99964,100,100117,100,99957,100,100128,100,99951,100,100129,100,99947,100,100158,100,99937,100,100161,100,99936,100,100168,100,99906,200
2019-06-28 09:36:10.000000000,100073,243,100055,443,100086,239,99988,239,100097,239,99977,239,100104,100,99964,100,100117,100,99957,100,100128,100,99951,100,100129,100,99947,100,100158,100,99937,100,100161,100,99936,100,100168,100,99906,200
2019-06-28 09:36:20.000000000,100073,521,100055,721,100086,100,99988,100,100097,100,99977,100,100104,100,99964,100,100117,100,99957,100,100128,100,99951,100,100129,100,99947,100,100158,100,99937,100,100161,100,99936,100,100168,100,99906,200
2019-06-28 09:36:24.678049477,100073,521,100059,100,100086,100,100055,721,100097,100,99988,100,100104,100,99977,100,100117,100,99964,100,100128,100,99957,100,100129,100,99951,100,100161,100,99947,100,100168,100,99937,100,100182,100,99936,100
2019-06-28 09:36:30.000000000,100073,205,100059,205,100086,205,100055,405,100097,205,99988,205,100104,205,99977,205,100117,100,99964,100,100128,100,99957,100,100129,100,99951,100,100161,100,99947,100,100168,100,99937,100,100182,100,99936,100
2019-06-28 09:36:36.000221492,100073,205,100059,205,100086,205,100055,405,100097,205,99988,205,100104,105,99977,205,100117,100,99964,100,100128,100,99957,100,100129,100,99951,100,100148,100,99947,100,100161,100,99937,100,100168,100,99936,100
2019-06-28 09:36:40.000000000,100073,310,100059,310,100086,310,100055,510,100097,100,99988,100,100117,100,99977,100,100128,100,99964,100,100129,100,99957,100,100148,100,99951,100,100161,100,99947,100,100168,100,99937,100,100182,100,99936,100
2019-06-28 09:36:50.000000000,100073,521,100059,521,100086,100,100055,300,100097,100,99988,100,100117,100,99977,100,100128,100,99964,100,100129,100,99957,100,100148,100,99951,100,100161,100,99947,100,100168,100,99937,100,100182,100,99936,100
2019-06-28 09:36:59.419956198,100073,421,100059,521,100086,100,100055,300,100097,100,99988,100,100117,100,99977,100,100128,100,99964,100,100129,100,99957,100,100148,100,99951,100,100161,100,99947,100,100168,100,99937,100,100182,100,99936,100
2019-06-28 09:37:00.000000000,100086,184,100059,184,100097,184,100055,384,100117,184,99988,184,100128,184,99977,184,100129,184,99964,184,100148,100,99957,100,100161,100,99951,100,100168,100,99947,100,100182,100,99937,100,100205,100,99936,100
2019-06-28 09:37:10.000000000,100086,310,100059,310,100097,310,100055,510,100117,100,99988,100,100128,100,99977,100,100129,100,99964,100,100148,100,99957,100,100161,100,99951,100,100168,100,99947,100,100182,100,99937,100,100205,100,99936,100
2019-06-28 09:37:18.572462938,100086,310,100059,310,100097,310,100055,510,100117,100,99988,100,100128,100,99977,100,100129,100,99964,100,100148,100,99957,100,100161,100,99951,100,100168,100,99947,100,100205,100,99937,100,100229,100,99936,100
2019-06-28 09:37:20.000000000,100086,205,100059,205,100097,205,100055,405,100117,205,99988,205,100128,205,99977,205,100129,100,99964,100,100148,100,99957,100,100161,100,99951,100,100168,100,99947,100,100205,100,99937,100,100229,100,99936,100
2019-06-28 09:37:27.509274995,100086,105,100059,205,100097,205,100055,405,100117,205,99988,105,100128,205,99977,205,100129,100,99964,100,100148,100,99957,100,100161,100,99951,100,100168,100,99947,100,100205,100,99937,100,100229,100,99936,100
2019-06-28 09:37:30.000000000,100097,310,100059,310,100117,310,100055,510,100128,100,99977,100,100129,100,99964,100,100148,100,99957,100,100161,100,99951,100,100168,100,99947,100,100205,100,99937,100,100229,100,99936,100,100272,100,99906,200
2019-06-28 09:37:32.404217832,100097,310,100073,100,100117,310,100059,310,100128,100,100055,510,100129,100,99977,100,100148,100,99964,100,100161,100,99957,100,100168,100,99951,100,100205,100,99947,100,100229,100,99937,100,100272,100,99936,100
2019-06-28 09:37:40.000000000,100097,243,100073,243,100117,239,100059,239,100128,239,100055,439,100129,100,99977,100,100148,100,99964,100,100161,100,99957,100,100168,100,99951,100,100205,100,99947,100,100229,100,99937,100,100272,100,99936,100
2019-06-28 09:37:50.000000000,100097,521,100073,521,100117,100,100059,100,100128,100,100055,300,100129,100,99977,100,100148,100,99964,100,100161,100,99957,100,100168,100,99951,100,100205,100,99947,100,100229,100,99937,100,100272,100,99936,100
2019-06-28 09:38:00.000000000,100097,310,100073,310,100117,310,100059,310,100128,100,100055,300,100129,100,99977,100,100148,100,99964,100,100161,100,99957,100,100168,100,99951,100,100205,100,99947,100,100229,100,99937,100,100272,100,99936,100
2019-06-28 09:38:10.000000000,100097,521,100073,521,100117,100,100059,100,100128,100,100055,300,100129,100,99977,100,100148,100,99964,100,100161,100,99957,100,100168,100,99951,100,100205,100,99947,100,100229,100,99937,100,100272,100,99936,100
2019-06-28 09:38:20.000000000,100097,205,100073,205,100117,205,100059,205,100128,205,100055,405,100129,205,99977,205,100148,100,99964,100,100161,100,99957,100,100168,100,99951,100,100205,100,99947,100,100229,100,99937,100,100272,100,99936,100
2019-06-28 09:38:25.399184970,100097,205,100073,105,100117,205,100059,205,100128,205,100055,405,100129,205,99977,205,100148,100,99964,100,100161,100,99957,100,100168,100,99951,100,100205,100,99947,100,100229,100,99937,100,100272,100,99936,100
2019-06-28 09:38:30.000000000,100097,184,100059,184,100117,184,100055,384,100128,184,99977,184,100129,184,99964,184,100148,184,99957,184,100161,100,99951,100,100168,100,99947,100,100205,100,99937,100,100229,100,99936,100,100272,100,99906,200
2019-06-28 09:38:40.000000000,100097,521,100059,521,100117,100,100055,300,100128,100,99977,100,100129,100,99964,100,100148,100,99957,100,100161,100,99951,100,100168,100,99947,100,100205,100,99937,100,100229,100,99936,100,100272,100,99906,200
2019-06-28 09:38:49.966265331,100097,521,100059,421,100117,100,100055,300,100128,100,99977,100,100129,100,99964,100,100148,100,99957,100,100161,100,99951,100,100168,100,99947,100,100205,100,99937,100,100229,100,99936,100,100272,100,99906,200
2019-06-28 09:38:50.000000000,100097,184,100055,384,100117,184,99977,184,100128,184,99964,184,100129,184,99957,184,100148,184,99951,184,100161,100,99947,100,100168,100,99937,100,100205,100,99936,100,100229,100,99906,200,100272,100,99905,100
2019-06-28 09:38:55.255331543,100097,184,100055,284,100117,184,99977,184,100128,184,99964,184,100129,184,99957,184,100148,184,99951,184,100161,100,99947,100,100168,100,99937,100,100205,100,99936,100,100229,100,99906,100,100272,100,99905,100
2019-06-28 09:38:55.570830980,100097,184,100055,284,100117,184,99977,184,100128,184,99964,184,100129,184,99957,184,100148,184,99951,184,100161,100,99947,100,100168,100,99937,100,100205,100,99936,100,100229,100,99906,100,100272,100,99905,100
2019-06-28 09:39:00.000000000,100097,310,100055,410,100117,310,99977,310,100128,100,99964,100,100129,100,99957,100,100148,100,99951,100,100161,100,99947,100,100168,100,99937,100,100205,100,99936,100,100229,100,99906,100,100272,100,99905,100
2019-06-28 09:39:09.533704655,100059,100,100055,410,100097,310,99977,310,100117,310,99964,100,100128,100,99957,100,100129,100,99951,100,100148,100,99947,100,100161,100,99937,100,100168,100,99936,100,100205,100,99906,100,100229,100,99905,100
2019-06-28 09:39:10.000000000,100059,310,100055,410,100097,310,99977,310,100117,100,99964,100,100128,100,99957,100,100129,100,99951,100,100148,100,99947,100,100161,100,99937,100,100168,100,99936,100,100205,100,99906,100,100229,100,99905,100
2019-06-28 09:39:17.319308271,100059,310,100055,410,100097,310,99977,310,100117,100,99964,100,100128,100,99957,100,100129,100,99951,100,100148,100,99947,100,100161,100,99937,100,100168,100,99936,100,100205,100,99906,100,100229,100,99905,100
2019-06-28 09:39:20.000000000,100059,205,100055,305,100097,205,99977,205,100117,205,99964,205,100128,205,99957,205,100129,100,99951,100,100148,100,99947,100,100161,100,99937,100,100168,100,99936,100,100205,100,99906,100,100229,100,99905,100
2019-06-28 09:39:26.208339771,100059,205,100055,205,100097,205,99977,205,100117,205,99964,205,100128,205,99957,205,100129,100,99951,100,100148,100,99947,100,100161,100,99937,100,100168,100,99936,100,100205,100,99906,100,100229,100,99905,100
2019-06-28 09:39:30.000000000,100059,184,100055,184,100097,184,99977,184,100117,184,99964,184,100128,184,99957,184,100129,184,99951,184,100148,100,99947,100,100161,100,99937,100,100168,100,99936,100,100205,100,99906,100,100229,100,99905,100
2019-06-28 09:39:40.000000000,100059,205,100055,205,100097,205,99977,205,100117,205,99964,205,100128,205,99957,205,100129,100,99951,100,100148,100,99947,100,100161,100,99937,100,100168,100,99936,100,100205,100,99906,100,100229,100,99905,100
2019-06-28 09:39:50.000000000,100059,184,100055,184,100097,184,99977,184,100117,184,99964,184,100128,184,99957,184,100129,184,99951,184,100148,100,99947,100,100161,100,99937,100,100168,100,99936,100,100205,100,99906,100,100229,100,99905,100
2019-06-28 09:40:00.000000000,100059,521,100055,521,100097,100,99977,100,100117,100,99964,100,100128,100,99957,100,100129,100,99951,100,100148,100,99947,100,100161,100,99937,100,100168,100,99936,100,100205,100,99906,100,100229,100,99905,100
2019-06-28 09:40:10.000000000,100059,184,100055,184,100097,184,99977,184,100117,184,99964,184,100128,184,99957,184,100129,184,99951,184,100148,100,99947,100,100161,100,99937,100,100168,100,99936,100,100205,100,99906,100,100229,100,99905,100
2019-06-28 09:40:20.000000000,100059,184,100055,184,100097,184,99977,184,100117,184,99964,184,100128,184,99957,184,100129,184,99951,184,100148,100,99947,100,100161,100,99937,100,100168,100,99936,100,100205,100,99906,100,100229,100,99905,100
2019-06-28 09:40:21.298719740,100059,184,100055,184,100097,184,99977,84,100117,184,99964,184,100128,184,99957,184,100129,184,99951,184,100148,100,99947,100,100155,100,99937,100,100161,100,99936,100,100168,100,99906,100,100205,100,99905,100
2019-06-28 09:40:29.821203797,100059,184,100055,184,100097,184,99977,84,100117,184,99964,184,100128,184,99957,184,100129,184,99951,184,100148,100,99947,100,100155,100,99937,100,100161,100,99936,100,100168,100,99906,100,100205,100,99905,100
2019-06-28 09:40:30.000000000,100059,205,100055,205,100097,205,99964,205,100117,205,99957,205,100128,205,99951,205,100129,100,99947,100,100148,100,99937,100,100155,100,99936,100,100161,100,99906,100,100168,100,99905,100,100205,100,99846,100
2019-06-28 09:40:40.000000000,100059,243,100055,243,100097,239,99964,239,100117,239,99957,239,100128,100,99951,100,100129,100,99947,100,100148,100,99937,100,100155,100,99936,100,100161,100,99906,100,100168,100,99905,100,100205,100,99846,100
2019-06-28 09:40:40.399197625,100059,243,100055,143,100097,239,99964,239,100117,239,99957,239,100128,100,99951,100,100129,100,99947,100,100148,100,99937,100,100155,100,99936,100,100161,100,99906,100,100168,100,99905,100,100205,100,99846,100
2019-06-28 09:40:43.870356787,100059,243,100055,43,100097,239,99964,239,100117,239,99957,239,100128,100,99951,100,100129,100,99947,100,100148,100,99937,100,100155,100,99936,100,100161,100,99906,100,100168,100,99905,100,100205,100,99846,100
2019-06-28 09:40:50.000000000,100059,310,99964,310,100097,310,99957,310,100117,100,99951,100,100128,100,99947,100,100129,100,99937,100,100148,100,99936,100,100155,100,99906,100,100161,100,99905,100,100168,100,99846,100,100205,100,99823,100
2019-06-28 09:41:00.000000000,100059,243,99964,243,100097,239,99957,239,100117,239,99951,239,100128,100,99947,100,100129,100,99937,100,100148,100,99936,100,100155,100,99906,100,100161,100,99905,100,100168,100,99846,100,100205,100,99823,100
2019-06-28 09:41:02.672224026,100059,243,99964,243,100097,239,99957,239,100117,239,99951,239,100128,100,99947,100,100129,100,99937,100,100148,100,99936,100,100155,100,99906,100,100161,100,99905,100,100168,100,99846,100,100205,100,99823,100
2019-06-28 09:41:10.000000000,100059,205,99964,205,100097,205,99957,205,100117,205,99951,205,100128,205,99947,205,100129,100,99937,100,100148,100,99936,100,100155,100,99906,100,100161,100,99905,100,100168,100,99846,100,100205,100,99823,100
2019-06-28 09:41:20.000000000,100059,184,99964,184,100097,184,99957,184,100117,184,99951,184,100128,184,99947,184,100129,184,99937,184,100148,100,99936,100,100155,100,99906,100,100161,100,99905,100,100168,100,99846,100,100205,100,99823,100
2019-06-28 09:41:30.000000000,100059,243,99964,243,100097,239,99957,239,100117,239,99951,239,100128,100,99947,100,100129,100,99937,100,100148,100,99936,100,100155,100,99906,100,100161,100,99905,100,100168,100,99846,100,100205,100,99823,100
2019-06-28 09:41:34.178052024,100059,243,99964,143,100097,239,99957,239,100117,239,99951,239,100128,100,99937,100,100129,100,99936,100,100148,100,99906,100,100155,100,99905,100,100161,100,99846,100,100168,100,99823,100,100205,100,99810,100
2019-06-28 09:41:40.000000000,100059,184,99957,184,100097,184,99951,184,100117,184,99937,184,100128,184,99936,184,100129,184,99906,184,100148,100,99905,100,100155,100,99846,100,100161,100,99823,100,100168,100,99810,100,100205,100,99798,100
2019-06-28 09:41:49.507169929,100016,100,99957,184,100059,184,99951,184,100097,184,99937,184,100117,184,99936,184,100128,184,99906,184,100129,184,99905,100,100148,100,99846,100,100155,100,99823,100,100161,100,99810,100,100168,100,99798,100
2019-06-28 09:41:50.000000000,100016,205,99957,205,100059,205,99951,205,100097,205,99937,205,100117,205,99936,205,100128,100,99906,100,100129,100,99905,100,100148,100,99846,100,100155,100,99823,100,100161,100,99810,100,100168,100,99798,100
2019-06-28 09:42:00.000000000,100016,205,99957,205,100059,205,99951,205,100097,205,99937,205,100117,205,99936,205,100128,100,99906,100,100129,100,99905,100,100148,100,99846,100,100155,100,99823,100,100161,100,99810,100,100168,100,99798,100
2019-06-28 09:42:10.000000000,100016,521,99957,521,100059,100,99951,100,100097,100,99937,100,100117,100,99936,100,100128,100,99906,100,100129,100,99905,100,100148,100,99846,100,100155,100,99823,100,100161,100,99810,100,100168,100,99798,100
2019-06-28 09:42:17.889997035,100016,521,99957,521,100055,100,99951,100,100059,100,99937,100,100097,100,99936,100,100117,100,99906,100,100128,100,99905,100,100129,100,99846,100,100148,100,99823,100,100155,100,99810,100,100161,100,99798,100
2019-06-28 09:42:20.000000000,100016,205,99957,205,100055,205,99951,205,100059,205,99937,205,100097,205,99936,205,100117,100,99906,100,100128,100,99905,100,100129,100,99846,100,100148,100,99823,100,100155,100,99810,100,100161,100,99798,100
2019-06-28 09:42:26.468513510,100016,205,99957,205,100055,205,99951,205,100059,205,99937,205,100097,205,99936,205,100117,100,99906,100,100128,100,99905,100,100129,100,99846,100,100148,100,99823,100,100155,100,99810,100,100161,100,99798,100
2019-06-28 09:42:30.000000000,100016,521,99957,521,100055,100,99951,100,100059,100,99937,100,100097,100,99936,100,100117,100,99906,100,100128,100,99905,100,100129,100,99846,100,100148,100,99823,100,100155,100,99810,100,100161,100,99798,100
2019-06-28 09:42:40.000000000,100016,521,99957,521,100055,100,99951,100,100059,100,99937,100,100097,100,99936,100,100117,100,99906,100,100128,100,99905,100,100129,100,99846,100,100148,100,99823,100,100155,100,99810,100,100161,100,99798,100
2019-06-28 09:42:50.000000000,100016,205,99957,205,100055,205,99951,205,100059,205,99937,205,100097,205,99936,205,100117,100,99906,100,100128,100,99905,100,100129,100,99846,100,100148,100,99823,100,100155,100,99810,100,100161,100,99798,100
2019-06-28 09:42:56.094672807,100016,205,99957,205,100055,305,99951,205,100059,205,99937,205,100097,205,99936,205,100117,100,99906,100,100128,100,99905,100,100129,100,99846,100,100148,100,99823,100,100155,100,99810,100,100161,100,99798,100
2019-06-28 09:43:00.000000000,100016,205,99957,205,100055,305,99951,205,100059,205,99937,205,100097,205,99936,205,100117,100,99906,100,100128,100,99905,100,100129,100,99846,100,100148,100,99823,100,100155,100,99810,100,100161,100,99798,100
2019-06-28 09:43:10.000000000,100016,521,99957,521,100055,200,99951,100,100059,100,99937,100,100097,100,99936,100,100117,100,99906,100,100128,100,99905,100,100129,100,99846,100,100148,100,99823,100,100155,100,99810,100,100161,100,99798,100
2019-06-28 09:43:20.000000000,100016,205,99957,205,100055,305,99951,205,100059,205,99937,205,100097,205,99936,205,100117,100,99906,100,100128,100,99905,100,100129,100,99846,100,100148,100,99823,100,100155,100,99810,100,100161,100,99798,100
2019-06-28 09:43:30.000000000,100016,310,99957,310,100055,410,99951,310,100059,100,99937,100,100097,100,99936,100,100117,100,99906,100,100128,100,99905,100,100129,100,99846,100,100148,100,99823,100,100155,100,99810,100,100161,100,99798,100
2019-06-28 09:43:40.000000000,100016,184,99957,184,100055,284,99951,184,100059,184,99937,184,100097,184,99936,184,100117,184,99906,184,100128,100,99905,100,100129,100,99846,100,100148,100,99823,100,100155,100,99810,100,100161,100,99798,100
2019-06-28 09:43:41.212448808,100016,184,99957,184,100055,284,99951,184,100059,184,99937,184,100097,184,99936,184,100117,184,99906,184,100128,100,99905,100,100129,100,99846,100,100148,100,99823,100,100155,100,99810,100,100161,100,99798,100
2019-06-28 09:43:50.000000000,100016,243,99957,243,100055,339,99951,239,100059,239,99937,239,100097,100,99936,100,100117,100,99906,100,100128,100,99905,100,100129,100,99846,100,100148,100,99823,100,100155,100,99810,100,100161,100,99798,100
2019-06-28 09:44:00.000000000,100016,184,99957,184,100055,284,99951,184,100059,184,99937,184,100097,184,99936,184,100117,184,99906,184,100128,100,99905,100,100129,100,99846,100,100148,100,99823,100,100155,100,99810,100,100161,100,99798,100
2019-06-28 09:44:10.000000000,100016,310,99957,310,100055,410,99951,310,100059,100,99937,100,100097,100,99936,100,100117,100,99906,100,100128,100,99905,100,100129,100,99846,100,100148,100,99823,100,100155,100,99810,100,100161,100,99798,100
2019-06-28 09:44:18.580825948,100016,310,99957,310,100055,410,99951,310,100059,100,99937,100,100097,100,99936,100,100117,100,99906,100,100128,100,99905,100,100129,100,99846,100,100148,100,99823,100,100155,100,99810,100,100161,100,99798,100
2019-06-28 09:44:20.000000000,100016,243,99957,243,100055,339,99951,239,100059,239,99937,239,100097,100,99936,100,100117,100,99906,100,100128,100,99905,100,100129,100,99846,100,100148,100,99823,100,100155,100,99810,100,100161,100,99798,100
2019-06-28 09:44:21.048051779,100016,243,99957,243,100055,339,99951,239,100059,239,99937,239,100097,100,99936,100,100117,100,99906,100,100128,100,99905,100,100129,100,99846,100,100148,100,99823,100,100155,100,99810,100,100161,100,99798,100
2019-06-28 09:44:30.000000000,100016,184,99957,184,100055,284,99951,184,100059,184,99937,184,100097,184,99936,184,100117,184,99906,184,100128,100,99905,100,100129,100,99846,100,100148,100,99823,100,100155,100,99810,100,100161,100,99798,100
2019-06-28 09:44:36.802308660,100016,184,99957,184,100055,384,99951,184,100059,184,99937,184,100097,184,99936,184,100117,184,99906,184,100128,100,99905,100,100129,100,99846,100,100148,100,99823,100,100155,100,99810,100,100161,100,99798,100
2019-06-28 09:44:39.858750179,100016,184,99957,184,100055,384,99951,184,100059,184,99937,184,100097,184,99936,184,100117,184,99906,184,100128,100,99905,100,100129,100,99846,100,100148,100,99823,100,100161,100,99810,100,100168,100,99798,100
2019-06-28 09:44:40.000000000,100016,184,99957,184,100055,384,99951,184,100059,184,99937,184,100097,184,99936,184,100117,184,99906,184,100128,100,99905,100,100129,100,99846,100,100148,100,99823,100,100161,100,99810,100,100168,100,99798,100
2019-06-28 09:44:41.909781322,100016,184,99957,184,100055,484,99951,184,100059,184,99937,184,100097,184,99936,184,100117,184,99906,184,100128,100,99905,100,100129,100,99846,100,100148,100,99823,100,100161,100,99810,100,100168,100,99798,100
2019-06-28 09:44:50.000000000,100016,184,99957,184,100055,484,99951,184,100059,184,99937,184,100097,184,99936,184,100117,184,99906,184,100128,100,99905,100,100129,100,99846,100,100148,100,99823,100,100161,100,99810,100,100168,100,99798,100
2019-06-28 09:44:53.602257199,100016,184,99957,184,100055,484,99951,184,100059,184,99937,184,100097,184,99936,184,100117,184,99906,184,100128,100,99905,100,100129,100,99846,100,100148,100,99823,100,100161,100,99810,100,100168,100,99798,100
2019-06-28 09:45:00.000000000,100016,205,99957,205,100055,505,99951,205,100059,205,99937,205,100097,205,99936,205,100117,100,99906,100,100128,100,99905,100,100129,100,99846,100,100148,100,99823,100,100161,100,99810,100,100168,100,99798,100
2019-06-28 09:45:10.000000000,100016,184,99957,184,100055,484,99951,184,100059,184,99937,184,100097,184,99936,184,100117,184,99906,184,100128,100,99905,100,100129,100,99846,100,100148,100,99823,100,100161,100,99810,100,100168,100,99798,100
2019-06-28 09:45:20.000000000,100016,310,99957,310,100055,610,99951,310,100059,100,99937,100,100097,100,99936,100,100117,100,99906,100,100128,100,99905,100,100129,100,99846,100,100148,100,99823,100,100161,100,99810,100,100168,100,99798,100
2019-06-28 09:45:30.000000000,100016,243,99957,243,100055,539,99951,239,100059,239,99937,239,100097,100,99936,100,100117,100,99906,100,100128,100,99905,100,100129,100,99846,100,100148,100,99823,100,100161,100,99810,100,100168,100,99798,100
2019-06-28 09:45:40.000000000,100016,205,99957,205,100055,505,99951,205,100059,205,99937,205,100097,205,99936,205,100117,100,99906,100,100128,100,99905,100,100129,100,99846,100,100148,100,99823,100,100161,100,99810,100,100168,100,99798,100
2019-06-28 09:45:50.000000000,100016,521,99957,521,100055,400,99951,100,100059,100,99937,100,100097,100,99936,100,100117,100,99906,100,100128,100,99905,100,100129,100,99846,100,100148,100,99823,100,100161,100,99810,100,100168,100,99798,100
2019-06-28 09:45:50.458959301,100016,521,99957,421,100055,400,99951,100,100059,100,99937,100,100097,100,99936,100,100117,100,99906,100,100128,100,99905,100,100129,100,99846,100,100148,100,99823,100,100161,100,99810,100,100168,100,99798,100
2019-06-28 09:46:00.000000000,100016,243,99951,243,100055,539,99937,239,100059,239,99936,239,100097,100,99906,100,100117,100,99905,100,100128,100,99846,100,100129,100,99823,100,100148,100,99810,100,100161,100,99798,100,100168,100,99633,100
2019-06-28 09:46:10.000000000,100016,243,99951,243,100055,539,99937,239,100059,239,99936,239,100097,100,99906,100,100117,100,99905,100,100128,100,99846,100,100129,100,99823,100,100148,100,99810,100,100161,100,99798,100,100168,100,99633,100
2019-06-28 09:46:20.000000000,100016,310,99951,310,100055,610,99937,310,100059,100,99936,100,100097,100,99906,100,100117,100,99905,100,100128,100,99846,100,100129,100,99823,100,100148,100,99810,100,100161,100,99798,100,100168,100,99633,100
2019-06-28 09:46:26.991027072,100016,310,99951,210,100055,610,99937,210,100059,100,99936,100,100097,100,99906,100,100117,100,99905,100,100128,100,99846,100,100129,100,99823,100,100148,100,99810,100,100161,100,99798,100,100168,100,99633,100
2019-06-28 09:46:30.000000000,100016,184,99936,184,100055,484,99906,184,100059,184,99905,184,100097,184,99846,184,100117,184,99823,184,100128,100,99810,100,100129,100,99798,100,100148,100,99633,100,100161,100,98926,100,100168,100,98814,100
2019-06-28 09:46:35.577020100,100016,184,99936,184,100055,484,99906,184,100059,184,99905,184,100097,184,99846,184,100117,184,99823,184,100128,100,99810,100,100129,100,99798,100,100148,100,99633,100,100161,100,99119,100,100168,100,98926,100
2019-06-28 09:46:40.000000000,100016,205,99936,205,100055,505,99906,205,100059,205,99905,205,100097,205,99846,205,100117,100,99823,100,100128,100,99810,100,100129,100,99798,100,100148,100,99633,100,100161,100,99119,100,100168,100,98926,100
2019-06-28 09:46:50.000000000,100016,184,99936,184,100055,484,99906,184,100059,184,99905,184,100097,184,99846,184,100117,184,99823,184,100128,100,99810,100,100129,100,99798,100,100148,100,99633,100,100161,100,99119,100,100168,100,98926,100
2019-06-28 09:46:51.898430175,99957,100,99936,184,100016,184,99906,184,100055,484,99905,184,100059,184,99846,184,100097,184,99823,184,100117,184,99810,100,100128,100,99798,100,100129,100,99633,100,100148,100,99119,100,100161,100,98926,100
2019-06-28 09:47:00.000000000,99957,310,99936,310,100016,310,99906,310,100055,400,99905,100,100059,100,99846,100,100097,100,99823,100,100117,100,99810,100,100128,100,99798,100,100129,100,99633,100,100148,100,99119,100,100161,100,98926,100
2019-06-28 09:47:10.000000000,99957,243,99936,243,100016,239,99906,239,100055,539,99905,239,100059,100,99846,100,100097,100,99823,100,100117,100,99810,100,100128,100,99798,100,100129,100,99633,100,100148,100,99119,100,100161,100,98926,100
2019-06-28 09:47:20.000000000,99957,205,99936,205,100016,205,99906,205,100055,505,99905,205,100059,205,99846,205,100097,100,99823,100,100117,100,99810,100,100128,100,99798,100,100129,100,99633,100,100148,100,99119,100,100161,100,98926,100
2019-06-28 09:47:29.035298195,99957,205,99936,205,100016,205,99906,205,100055,505,99905,205,100059,205,99846,205,100097,100,99823,100,100117,100,99810,100,100128,100,99798,100,100129,100,99632,100,100148,100,99119,100,100161,100,98926,100
2019-06-28 09:47:29.335633387,99957,205,99936,105,100016,205,99906,205,100055,505,99905,205,100059,205,99846,205,100097,100,99823,100,100117,100,99810,100,100128,100,99798,100,100129,100,99632,100,100148,100,99119,100,100161,100,98926,100
2019-06-28 09:47:30.000000000,99957,243,99906,243,100016,239,99905,239,100055,539,99846,239,100059,100,99823,100,100097,100,99810,100,100117,100,99798,100,100128,100,99632,100,100129,100,99119,100,100148,100,98926,100,100161,100,98814,100
2019-06-28 09:47:40.000000000,99957,243,99906,243,100016,239,99905,239,100055,539,99846,239,100059,100,99823,100,100097,100,99810,100,100117,100,99798,100,100128,100,99632,100,100129,100,99119,100,100148,100,98926,100,100161,100,98814,100
2019-06-28 09:47:50.000000000,99957,521,99906,521,100016,100,99905,100,100055,400,99846,100,100059,100,99823,100,100097,100,99810,100,100117,100,99798,100,100128,100,99632,100,100129,100,99119,100,100148,100,98926,100,100161,100,98814,100
2019-06-28 09:47:54.566848375,99957,521,99906,421,100016,100,99905,100,100055,400,99846,100,100059,100,99823,100,100097,100,99810,100,100117,100,99798,100,100128,100,99632,100,100129,100,99119,100,100148,100,98926,100,100161,100,98814,100
2019-06-28 09:48:00.000000000,99957,205,99905,205,100016,205,99846,205,100055,505,99823,205,100059,205,99810,205,100097,100,99798,100,100117,100,99632,100,100128,100,99119,100,100129,100,98926,100,100148,100,98814,100,100161,100,98743,100
2019-06-28 09:48:10.000000000,99957,184,99905,184,100016,184,99846,184,100055,484,99823,184,100059,184,99810,184,100097,184,99798,184,100117,100,99632,100,100128,100,99119,100,100129,100,98926,100,100148,100,98814,100,100161,100,98743,100
2019-06-28 09:48:14.098488014,99957,84,99905,184,100016,184,99846,184,100055,484,99823,184,100059,184,99810,184,100097,184,99798,184,100117,100,99632,100,100128,100,99119,100,100129,100,98926,100,100148,100,98814,100,100161,100,98743,100
2019-06-28 09:48:20.000000000,100016,184,99905,184,100055,484,99846,184,100059,184,99823,184,100097,184,99810,184,100117,184,99798,184,100128,100,99632,100,100129,100,99119,100,100148,100,98926,100,100161,100,98814,100,100168,100,98743,100
2019-06-28 09:48:30.000000000,100016,243,99905,243,100055,539,99846,239,100059,239,99823,239,100097,100,99810,100,100117,100,99798,100,100128,100,99632,100,100129,100,99119,100,100148,100,98926,100,100161,100,98814,100,100168,100,98743,100
2019-06-28 09:48:40.000000000,100016,243,99905,243,100055,539,99846,239,100059,239,99823,239,100097,100,99810,100,100117,100,99798,100,100128,100,99632,100,100129,100,99119,100,100148,100,98926,100,100161,100,98814,100,100168,100,98743,100
2019-06-28 09:48:50.000000000,100016,310,99905,310,100055,610,99846,310,100059,100,99823,100,100097,100,99810,100,100117,100,99798,100,100128,100,99632,100,100129,100,99119,100,100148,100,98926,100,100161,100,98814,100,100168,100,98743,100
2019-06-28 09:49:00.000000000,100016,243,99905,243,100055,539,99846,239,100059,239,99823,239,100097,100,99810,100,100117,100,99798,100,100128,100,99632,100,100129,100,99119,100,100148,100,98926,100,100161,100,98814,100,100168,100,98743,100
2019-06-28 09:49:08.345158617,99911,100,99905,243,100016,243,99846,239,100055,539,99823,239,100059,239,99810,100,100097,100,99798,100,100117,100,99632,100,100128,100,99119,100,100129,100,98926,100,100148,100,98814,100,100161,100,98743,100
2019-06-28 09:49:10.000000000,99911,310,99905,310,100016,310,99846,310,100055,400,99823,100,100059,100,99810,100,100097,100,99798,100,100117,100,99632,100,100128,100,99119,100,100129,100,98926,100,100148,100,98814,100,100161,100,98743,100
2019-06-28 09:49:11.939390093,99911,310,99905,310,100016,310,99846,310,100055,400,99823,100,100059,100,99810,100,100097,100,99798,100,100117,100,99632,100,100128,100,98926,100,100129,100,98814,100,100148,100,98743,100,100161,100,98712,100
2019-06-28 09:49:20.000000000,99911,205,99905,205,100016,205,99846,205,100055,505,99823,205,100059,205,99810,205,100097,100,99798,100,100117,100,99632,100,100128,100,98926,100,100129,100,98814,100,100148,100,98743,100,100161,100,98712,100
2019-06-28 09:49:24.930908942,99911,205,99905,205,100016,205,99846,205,100055,505,99823,205,100059,105,99810,205,100097,100,99798,100,100117,100,99632,100,100128,100,98926,100,100129,100,98814,100,100148,100,98743,100,100161,100,98712,100
2019-06-28 09:49:30.000000000,99911,243,99905,243,100016,239,99846,239,100055,539,99823,239,100097,100,99810,100,100117,100,99798,100,100128,100,99632,100,100129,100,98926,100,100148,100,98814,100,100161,100,98743,100,100168,100,98712,100
2019-06-28 09:49:40.000000000,99911,205,99905,205,100016,205,99846,205,100055,505,99823,205,100097,205,99810,205,100117,100,99798,100,100128,100,99632,100,100129,100,98926,100,100148,100,98814,100,100161,100,98743,100,100168,100,98712,100
2019-06-28 09:49:41.328844116,99911,205,99905,205,100016,205,99846,205,100049,100,99823,105,100055,505,99810,205,100097,205,99798,100,100117,100,99632,100,100128,100,98926,100,100129,100,98814,100,100148,100,98743,100,100161,100,98712,100
2019-06-28 09:49:47.299015682,99911,205,99905,205,100016,205,99900,100,100049,100,99846,205,100055,505,99823,105,100097,205,99810,205,100117,100,99798,100,100128,100,99632,100,100129,100,98926,100,100148,100,98814,100,100161,100,98743,100
2019-06-28 09:49:50.000000000,99911,243,99905,243,100016,239,99900,239,100049,239,99846,239,100055,400,99810,100,100097,100,99798,100,100117,100,99632,100,100128,100,98926,100,100129,100,98814,100,100148,100,98743,100,100161,100,98712,100
2019-06-28 09:50:00.000000000,99911,243,99905,243,100016,239,99900,239,100049,239,99846,239,100055,400,99810,100,100097,100,99798,100,100117,100,99632,100,100128,100,98926,100,100129,100,98814,100,100148,100,98743,100,100161,100,98712,100
2019-06-28 09:50:05.446951416,99911,243,99905,243,99956,100,99900,239,100016,239,99846,239,100049,239,99810,100,100055,400,99798,100,100097,100,99632,100,100117,100,98926,100,100128,100,98814,100,100129,100,98743,100,100148,100,98712,100
2019-06-28 09:50:10.000000000,99911,243,99905,243,99956,239,99900,239,100016,239,99846,239,100049,100,99810,100,100055,400,99798,100,100097,100,99632,100,100117,100,98926,100,100128,100,98814,100,100129,100,98743,100,100148,100,98712,100
2019-06-28 09:50:20.000000000,99911,184,99905,184,99956,184,99900,184,100016,184,99846,184,100049,184,99810,184,100055,484,99798,184,100097,100,99632,100,100117,100,98926,100,100128,100,98814,100,100129,100,98743,100,100148,100,98712,100
2019-06-28 09:50:30.000000000,99911,521,99905,521,99956,100,99900,100,100016,100,99846,100,100049,100,99810,100,100055,400,99798,100,100097,100,99632,100,100117,100,98926,100,100128,100,98814,100,100129,100,98743,100,100148,100,98712,100
2019-06-28 09:50:30.258286159,99911,521,99905,421,99956,100,99900,100,100016,100,99810,100,100049,100,99798,100,100055,400,99632,100,100097,100,98926,100,100117,100,98814,100,100128,100,98743,100,100129,100,98712,100,100148,100,,
2019-06-28 09:50:30.788496451,99910,100,99905,421,99911,521,99900,100,99956,100,99810,100,100016,100,99798,100,100049,100,99632,100,100055,400,98926,100,100097,100,98814,100,100117,100,98743,100,100128,100,98712,100,100129,100,,
2019-06-28 09:50:40.000000000,99910,310,99900,310,99911,310,99810,310,99956,100,99798,100,100016,100,99632,100,100049,100,98926,100,100055,400,98814,100,100097,100,98743,100,100117,100,98712,100,100128,100,,,100129,100,,
2019-06-28 09:50:43.294829862,99910,310,99900,310,99911,310,99810,310,99956,100,99798,100,100016,100,99632,100,100049,100,99483,100,100055,400,98814,100,100097,100,98743,100,100117,100,98712,100,100128,100,,,100129,100,,
2019-06-28 09:50:50.000000000,99910,310,99900,310,99911,310,99810,310,99956,100,99798,100,100016,100,99632,100,100049,100,99483,100,100055,400,98814,100,100097,100,98743,100,100117,100,98712,100,100128,100,,,100129,100,,
2019-06-28 09:50:53.739757650,99910,410,99900,310,99911,310,99810,310,99956,100,99798,100,100016,100,99632,100,100049,100,99483,100,100055,300,98814,100,100097,100,98743,100,100117,100,98712,100,100128,100,,,100129,100,,
2019-06-28 09:51:00.000000000,99910,305,99900,205,99911,205,99810,205,99956,205,99798,205,100016,205,99632,205,100049,100,99483,100,100055,300,98814,100,100097,100,98743,100,100117,100,98712,100,100128,100,,,100129,100,,
2019-06-28 09:51:06.050090643,99910,305,99900,205,99911,205,99810,205,99956,205,99798,205,100016,205,99632,205,100049,100,99483,100,100055,300,99394,100,100097,100,98814,100,100117,100,98743,100,100128,100,98712,100,100129,100,,
2019-06-28 09:51:10.000000000,99910,343,99900,243,99911,239,99810,239,99956,239,99798,239,100016,100,99632,100,100049,100,99483,100,100055,300,99394,100,100097,100,98814,100,100117,100,98743,100,100128,100,98712,100,100129,100,,
2019-06-28 09:51:20.000000000,99910,305,99900,205,99911,205,99810,205,99956,205,99798,205,100016,205,99632,205,100049,100,99483,100,100055,300,99394,100,100097,100,98814,100,100117,100,98743,100,100128,100,98712,100,100129,100,,
2019-06-28 09:51:30.000000000,99910,305,99900,205,99911,205,99810,205,99956,205,99798,205,100016,205,99632,205,100049,100,99483,100,100055,300,99394,100,100097,100,98814,100,100117,100,98743,100,100128,100,98712,100,100129,100,,
2019-06-28 09:51:30.308191036,99910,305,99900,105,99911,205,99810,205,99956,205,99798,205,100016,205,99632,205,100049,100,99483,100,100055,300,99394,100,100097,100,98814,100,100117,100,98743,100,100128,100,98712,100,100129,100,,
2019-06-28 09:51:40.000000000,99910,621,99810,521,99911,100,99798,100,99956,100,99632,100,100016,100,99483,100,100049,100,99394,100,100055,300,98814,100,100097,100,98743,100,100117,100,98712,100,100128,100,,,100129,100,,
2019-06-28 09:51:50.000000000,99910,343,99810,243,99911,239,99798,239,99956,239,99632,239,100016,100,99483,100,100049,100,99394,100,100055,300,98814,100,100097,100,98743,100,100117,100,98712,100,100128,100,,,100129,100,,
2019-06-28 09:52:00.000000000,99910,305,99810,205,99911,205,99798,205,99956,205,99632,205,100016,205,99483,205,100049,100,99394,100,100055,300,98814,100,100097,100,98743,100,100117,100,98712,100,100128,100,,,100129,100,,
2019-06-28 09:52:10.000000000,99910,410,99810,310,99911,310,99798,310,99956,100,99632,100,100016,100,99483,100,100049,100,99394,100,100055,300,98814,100,100097,100,98743,100,100117,100,98712,100,100128,100,,,100129,100,,
2019-06-28 09:52:10.471079806,99910,410,99810,210,99911,310,99798,310,99956,100,99632,100,100016,100,99483,100,100049,100,99394,100,100055,300,98814,100,100097,100,98743,100,100117,100,98712,100,100128,100,,,100129,100,,
2019-06-28 09:52:12.944285454,99910,410,99810,110,99911,310,99798,310,99956,100,99632,100,100016,100,99483,100,100049,100,99394,100,100055,300,98814,100,100097,100,98743,100,100117,100,98712,100,100128,100,,,100129,100,,
2019-06-28 09:52:20.000000000,99910,410,99798,310,99911,310,99632,310,99956,100,99483,100,100016,100,99394,100,100049,100,98814,100,100055,300,98743,100,100097,100,98712,100,100117,100,,,100128,100,,,100129,100,,
2019-06-28 09:52:23.087438546,99810,100,99798,310,99910,310,99632,310,99911,310,99483,100,99956,100,99394,100,100016,100,98814,100,100049,100,98743,100,100055,300,98712,100,100097,100,,,100117,100,,,100128,100,,
2019-06-28 09:52:30.000000000,99810,521,99798,521,99910,100,99632,100,99911,100,99483,100,99956,100,99394,100,100016,100,98814,100,100049,100,98743,100,100055,300,98712,100,100097,100,,,100117,100,,,100128,100,,
2019-06-28 09:52:30.291043938,99810,521,99798,421,99910,100,99632,100,99911,100,99483,100,99956,100,99394,100,100016,100,98814,100,100049,100,98743,100,100055,300,98712,100,100097,100,,,100117,100,,,100128,100,,
2019-06-28 09:52:40.000000000,99810,205,99632,205,99910,205,99483,205,99911,205,99394,205,99956,205,98814,205,100016,100,98743,100,100049,100,98712,100,100055,300,,,100097,100,,,100117,100,,,100128,100,,
2019-06-28 09:52:50.000000000,99810,205,99632,205,99910,205,99483,205,99911,205,99394,205,99956,205,98814,205,100016,100,98743,100,100049,100,98712,100,100055,300,,,100097,100,,,100117,100,,,100128,100,,
2019-06-28 09:52:59.879914046,99810,205,99632,105,99910,205,99483,205,99911,205,99394,205,99956,205,98814,205,100016,100,98743,100,100049,100,98712,100,100055,300,,,100097,100,,,100117,100,,,100128,100,,
2019-06-28 09:53:00.000000000,99810,310,99483,310,99910,310,99394,310,99911,100,98814,100,99956,100,98743,100,100016,100,98712,100,100049,100,,,100055,300,,,100097,100,,,100117,100,,,100128,100,,
2019-06-28 09:53:10.000000000,99810,243,99483,243,99910,239,99394,239,99911,239,98814,239,99956,100,98743,100,100016,100,98712,100,100049,100,,,100055,300,,,100097,100,,,100117,100,,,100128,100,,
2019-06-28 09:53:20.000000000,99810,243,99483,243,99910,239,99394,239,99911,239,98814,239,99956,100,98743,100,100016,100,98712,100,100049,100,,,100055,300,,,100097,100,,,100117,100,,,100128,100,,
2019-06-28 09:53:26.360095041,99810,243,99483,243,99910,239,99394,239,99911,239,99128,100,99956,100,98814,239,100016,100,98743,100,100049,100,98712,100,100055,300,,,100097,100,,,100117,100,,,100128,100,,
2019-06-28 09:53:30.000000000,99810,243,99483,243,99910,239,99394,239,99911,239,99128,239,99956,100,98814,100,100016,100,98743,100,100049,100,98712,100,100055,300,,,100097,100,,,100117,100,,,100128,100,,
2019-06-28 09:53:32.389967044,99810,243,99483,243,99910,239,99394,239,99911,239,99128,239,99956,100,99082,100,100016,100,98814,100,100049,100,98743,100,100055,300,98712,100,100097,100,,,100117,100,,,100128,100,,
2019-06-28 09:53:35.784949513,99810,243,99483,143,99910,239,99394,239,99911,239,99128,239,99956,100,99082,100,100016,100,98814,100,100049,100,98743,100,100055,300,98712,100,100097,100,,,100117,100,,,100129,100,,
2019-06-28 09:53:40.000000000,99810,184,99394,184,99910,184,99128,184,99911,184,99082,184,99956,184,98814,184,100016,184,98743,184,100049,100,98712,100,100055,300,,,100097,100,,,100117,100,,,100129,100,,
2019-06-28 09:53:41.216095212,99810,184,99394,84,99910,184,99128,184,99911,184,99082,184,99956,184,98814,184,100016,184,98743,184,100049,100,98712,100,100055,300,,,100097,100,,,100117,100,,,100161,100,,
2019-06-28 09:53:48.319450239,99810,184,99394,84,99910,84,99128,184,99911,184,99082,184,99956,184,98814,184,100016,184,98743,184,100049,100,98712,100,100055,300,,,100097,100,,,100117,100,,,100161,100,,
2019-06-28 09:53:50.000000000,99810,184,99128,184,99911,184,99082,184,99956,184,98814,184,100016,184,98743,184,100049,184,98712,184,100055,300,,,100097,100,,,100117,100,,,100161,100,,,100168,100,,
2019-06-28 09:54:00.000000000,99810,243,99128,243,99911,239,99082,239,99956,239,98814,239,100016,100,98743,100,100049,100,98712,100,100055,300,,,100097,100,,,100117,100,,,100161,100,,,100168,100,,
2019-06-28 09:54:10.000000000,99810,205,99128,205,99911,205,99082,205,99956,205,98814,205,100016,205,98743,205,100049,100,98712,100,100055,300,,,100097,100,,,100117,100,,,100161,100,,,100168,100,,
2019-06-28 09:54:20.000000000,99810,521,99128,521,99911,100,99082,100,99956,100,98814,100,100016,100,98743,100,100049,100,98712,100,100055,300,,,100097,100,,,100117,100,,,100161,100,,,100168,100,,
2019-06-28 09:54:30.000000000,99810,205,99128,205,99911,205,99082,205,99956,205,98814,205,100016,205,98743,205,100049,100,98712,100,100055,300,,,100097,100,,,100117,100,,,100161,100,,,100168,100,,
2019-06-28 09:54:40.000000000,99810,205,99128,205,99911,205,99082,205,99956,205,98814,205,100016,205,98743,205,100049,100,98712,100,100055,300,,,100097,100,,,100117,100,,,100161,100,,,100168,100,,
2019-06-28 09:54:50.000000000,99810,205,99128,205,99911,205,99082,205,99956,205,98814,205,100016,205,98743,205,100049,100,98712,100,100055,300,,,100097,100,,,100117,100,,,100161,100,,,100168,100,,
2019-06-28 09:55:00.000000000,99810,205,99128,205,99911,205,99082,205,99956,205,98814,205,100016,205,98743,205,100049,100,98712,100,100055,300,,,100097,100,,,100117,100,,,100161,100,,,100168,100,,
2019-06-28 09:55:01.991678265,99810,205,99128,205,99911,205,99082,205,99956,205,98814,205,100016,205,98743,205,100049,100,98740,100,100055,300,98712,100,100097,100,,,100117,100,,,100161,100,,,100168,100,,
2019-06-28 09:55:07.921446562,99483,100,99128,205,99810,205,99082,205,99911,205,98814,205,99956,205,98743,205,100016,205,98740,100,100049,100,98712,100,100055,300,,,100097,100,,,100117,100,,,100161,100,,
2019-06-28 09:55:10.000000000,99483,184,99128,184,99810,184,99082,184,99911,184,98814,184,99956,184,98743,184,100016,184,98740,184,100049,100,98712,100,100055,300,,,100097,100,,,100117,100,,,100161,100,,
2019-06-28 09:55:10.626640798,99483,284,99128,184,99810,184,99082,184,99911,184,98814,184,99956,184,98743,184,100016,184,98740,184,100049,100,98712,100,100055,300,,,100097,100,,,100117,100,,,100161,100,,
2019-06-28 09:55:20.000000000,99483,284,99128,184,99810,184,99082,184,99911,184,98814,184,99956,184,98743,184,100016,184,98740,184,100049,100,98712,100,100055,300,,,100097,100,,,100117,100,,,100161,100,,
2019-06-28 09:55:30.000000000,99483,305,99128,205,99810,205,99082,205,99911,205,98814,205,99956,205,98743,205,100016,100,98740,100,100049,100,98712,100,100055,300,,,100097,100,,,100117,100,,,100161,100,,
2019-06-28 09:55:40.000000000,99483,621,99128,521,99810,100,99082,100,99911,100,98814,100,99956,100,98743,100,100016,100,98740,100,100049,100,98712,100,100055,300,,,100097,100,,,100117,100,,,100161,100,,
2019-06-28 09:55:50.000000000,99483,284,99128,184,99810,184,99082,184,99911,184,98814,184,99956,184,98743,184,100016,184,98740,184,100049,100,98712,100,100055,300,,,100097,100,,,100117,100,,,100161,100,,
2019-06-28 09:55:55.443783834,99483,284,99128,184,99505,100,99082,184,99810,184,98814,184,99911,184,98743,184,99956,184,98740,184,100016,184,98712,100,100049,100,,,100055,300,,,100097,100,,,100117,100,,
2019-06-28 09:56:00.000000000,99483,305,99128,205,99505,205,99082,205,99810,205,98814,205,99911,205,98743,205,99956,100,98740,100,100016,100,98712,100,100049,100,,,100055,300,,,100097,100,,,100117,100,,
2019-06-28 09:56:06.411455611,99483,305,99128,205,99505,205,99082,205,99810,205,98814,205,99911,205,98743,205,99956,100,98740,100,100016,100,98712,100,100049,100,,,100055,300,,,100097,100,,,100117,100,,
2019-06-28 09:56:10.000000000,99483,305,99128,205,99505,205,99082,205,99810,205,98814,205,99911,205,98743,205,99956,100,98740,100,100016,100,98712,100,100049,100,,,100055,300,,,100097,100,,,100117,100,,
2019-06-28 09:56:20.000000000,99483,284,99128,184,99505,184,99082,184,99810,184,98814,184,99911,184,98743,184,99956,184,98740,184,100016,100,98712,100,100049,100,,,100055,300,,,100097,100,,,100117,100,,
2019-06-28 09:56:30.000000000,99483,343,99128,243,99505,239,99082,239,99810,239,98814,239,99911,100,98743,100,99956,100,98740,100,100016,100,98712,100,100049,100,,,100055,300,,,100097,100,,,100117,100,,
2019-06-28 09:56:34.750192914,99483,243,99128,243,99505,239,99082,239,99810,239,98814,239,99911,100,98743,100,99956,100,98740,100,100016,100,98712,100,100049,100,,,100055,300,,,100097,100,,,100117,100,,
2019-06-28 09:56:40.000000000,99483,521,99128,521,99505,100,99082,100,99810,100,98814,100,99911,100,98743,100,99956,100,98740,100,100016,100,98712,100,100049,100,,,100055,300,,,100097,100,,,100117,100,,
2019-06-28 09:56:43.710398813,99483,521,99342,100,99505,100,99128,521,99810,100,99082,100,99911,100,98814,100,99956,100,98743,100,100016,100,98740,100,100049,100,98712,100,100055,300,,,100097,100,,,100117,100,,
2019-06-28 09:56:50.000000000,99483,205,99342,205,99505,205,99128,205,99810,205,99082,205,99911,205,98814,205,99956,100,98743,100,100016,100,98740,100,100049,100,98712,100,100055,300,,,100097,100,,,100117,100,,
2019-06-28 09:57:00.000000000,99483,521,99342,521,99505,100,99128,100,99810,100,99082,100,99911,100,98814,100,99956,100,98743,100,100016,100,98740,100,100049,100,98712,100,100055,300,,,100097,100,,,100117,100,,
2019-06-28 09:57:01.085817042,99483,521,99342,521,99505,100,99190,100,99810,100,99128,100,99911,100,99082,100,99956,100,98814,100,100016,100,98743,100,100049,100,98740,100,100055,300,98712,100,100097,100,,,100117,100,,
2019-06-28 09:57:10.000000000,99483,205,99342,205,99505,205,99190,205,99810,205,99128,205,99911,205,99082,205,99956,100,98814,100,100016,100,98743,100,100049,100,98740,100,100055,300,98712,100,100097,100,,,100117,100,,
2019-06-28 09:57:20.000000000,99483,184,99342,184,99505,184,99190,184,99810,184,99128,184,99911,184,99082,184,99956,184,98814,184,100016,100,98743,100,100049,100,98740,100,100055,300,98712,100,100097,100,,,100117,100,,
2019-06-28 09:57:20.956902933,99482,100,99342,184,99483,184,99190,184,99505,184,99128,184,99810,184,99082,184,99911,184,98814,184,99956,184,98743,100,100016,100,98740,100,100049,100,98712,100,100055,200,,,100097,100,,
2019-06-28 09:57:30.000000000,99482,184,99342,184,99483,184,99190,184,99505,184,99128,184,99810,184,99082,184,99911,184,98814,184,99956,100,98743,100,100016,100,98740,100,100049,100,98712,100,100055,200,,,100097,100,,
2019-06-28 09:57:40.000000000,99482,184,99342,184,99483,184,99190,184,99505,184,99128,184,99810,184,99082,184,99911,184,98814,184,99956,100,98743,100,100016,100,98740,100,100049,100,98712,100,100055,200,,,100097,100,,
2019-06-28 09:57:43.043594271,99482,184,99342,184,99483,184,99318,100,99505,184,99190,184,99810,184,99128,184,99911,184,99082,184,99956,100,98814,184,100016,100,98743,100,100049,100,98740,100,100055,200,98712,100,100097,100,,
2019-06-28 09:57:50.000000000,99482,184,99342,184,99483,184,99318,184,99505,184,99190,184,99810,184,99128,184,99911,184,99082,184,99956,100,98814,100,100016,100,98743,100,100049,100,98740,100,100055,200,98712,100,100097,100,,
2019-06-28 09:58:00.000000000,99482,184,99342,184,99483,184,99318,184,99505,184,99190,184,99810,184,99128,184,99911,184,99082,184,99956,100,98814,100,100016,100,98743,100,100049,100,98740,100,100055,200,98712,100,100097,100,,
2019-06-28 09:58:03.168648938,99482,284,99342,184,99483,184,99318,184,99505,184,99190,184,99810,184,99128,184,99911,184,99082,184,99956,100,98814,100,100016,100,98743,100,100049,100,98740,100,100055,200,98712,100,100097,100,,
2019-06-28 09:58:10.000000000,99482,621,99342,521,99483,100,99318,100,99505,100,99190,100,99810,100,99128,100,99911,100,99082,100,99956,100,98814,100,100016,100,98743,100,100049,100,98740,100,100055,200,98712,100,100097,100,,
2019-06-28 09:58:20.000000000,99482,343,99342,243,99483,239,99318,239,99505,239,99190,239,99810,100,99128,100,99911,100,99082,100,99956,100,98814,100,100016,100,98743,100,100049,100,98740,100,100055,200,98712,100,100097,100,,
2019-06-28 09:58:30.000000000,99482,621,99342,521,99483,100,99318,100,99505,100,99190,100,99810,100,99128,100,99911,100,99082,100,99956,100,98814,100,100016,100,98743,100,100049,100,98740,100,100055,200,98712,100,100097,100,,
2019-06-28 09:58:40.000000000,99482,284,99342,184,99483,184,99318,184,99505,184,99190,184,99810,184,99128,184,99911,184,99082,184,99956,100,98814,100,100016,100,98743,100,100049,100,98740,100,100055,200,98712,100,100097,100,,
2019-06-28 09:58:50.000000000,99482,284,99342,184,99483,184,99318,184,99505,184,99190,184,99810,184,99128,184,99911,184,99082,184,99956,100,98814,100,100016,100,98743,100,100049,100,98740,100,100055,200,98712,100,100097,100,,
2019-06-28 09:58:58.641071204,99482,284,99342,184,99483,184,99318,184,99505,184,99190,184,99549,100,99128,184,99810,184,99082,184,99911,184,98743,100,99956,100,98740,100,100016,100,98712,100,100049,100,,,100055,200,,
2019-06-28 09:58:59.286386825,99482,284,99424,100,99483,184,99342,184,99505,184,99318,184,99549,100,99190,184,99810,184,99128,184,99911,184,99082,184,99956,100,98743,100,100016,100,98740,100,100049,100,98712,100,100055,200,,
2019-06-28 09:59:00.000000000,99482,621,99424,521,99483,100,99342,100,99505,100,99318,100,99549,100,99190,100,99810,100,99128,100,99911,100,99082,100,99956,100,98743,100,100016,100,98740,100,100049,100,98712,100,100055,200,,
2019-06-28 09:59:10.000000000,99482,410,99424,310,99483,310,99342,310,99505,100,99318,100,99549,100,99190,100,99810,100,99128,100,99911,100,99082,100,99956,100,98743,100,100016,100,98740,100,100049,100,98712,100,100055,200,,
2019-06-28 09:59:20.000000000,99482,410,99424,310,99483,310,99342,310,99505,100,99318,100,99549,100,99190,100,99810,100,99128,100,99911,100,99082,100,99956,100,98743,100,100016,100,98740,100,100049,100,98712,100,100055,200,,
2019-06-28 09:59:24.193905754,99482,410,99424,310,99483,310,99342,310,99505,100,99318,100,99549,100,99223,100,99810,100,99190,100,99911,100,99128,100,99956,100,99082,100,100016,100,98743,100,100049,100,98740,100,100055,200,98712,100
2019-06-28 09:59:28.151123083,99482,510,99424,310,99483,210,99342,310,99505,100,99318,100,99549,100,99223,100,99810,100,99190,100,99911,100,99128,100,99956,100,99082,100,100016,100,98743,100,100049,100,98740,100,100055,200,98712,100
2019-06-28 09:59:30.000000000,99482,510,99424,310,99505,310,99342,310,99549,100,99318,100,99810,100,99223,100,99911,100,99190,100,99956,100,99128,100,100016,100,99082,100,100049,100,98743,100,100055,200,98740,100,100117,100,98712,100
2019-06-28 09:59:39.876039076,99482,410,99424,310,99505,310,99342,310,99549,100,99318,100,99810,100,99223,100,99911,100,99190,100,99956,100,99128,100,100016,100,99082,100,100049,100,98743,100,100055,200,98740,100,100161,100,98712,100
2019-06-28 09:59:40.000000000,99482,621,99424,521,99505,100,99342,100,99549,100,99318,100,99810,100,99223,100,99911,100,99190,100,99956,100,99128,100,100016,100,99082,100,100049,100,98743,100,100055,200,98740,100,100161,100,98712,100
2019-06-28 09:59:50.000000000,99482,621,99424,521,99505,100,99342,100,99549,100,99318,100,99810,100,99223,100,99911,100,99190,100,99956,100,99128,100,100016,100,99082,100,100049,100,98743,100,100055,200,98740,100,100161,100,98712,100
2019-06-28 10:00:00.000000000,99482,284,99424,184,99505,184,99342,184,99549,184,99318,184,99810,184,99223,184,99911,184,99190,184,99956,100,99128,100,100016,100,99082,100,100049,100,98743,100,100055,200,98740,100,100161,100,98712,100
2019-06-28 10:00:03.674657087,99482,184,99424,184,99505,84,99342,184,99549,184,99318,184,99810,184,99223,184,99911,184,99190,184,99956,100,99128,100,100016,100,99082,100,100049,100,98743,100,100055,200,98740,100,100161,100,98712,100
2019-06-28 10:00:10.000000000,99482,184,99424,184,99549,184,99342,184,99810,184,99318,184,99911,184,99223,184,99956,184,99190,184,100016,100,99128,100,100049,100,99082,100,100055,200,98743,100,100161,100,98740,100,100310,100,98712,100
2019-06-28 10:00:20.000000000,99482,521,99424,521,99549,100,99342,100,99810,100,99318,100,99911,100,99223,100,99956,100,99190,100,100016,100,99128,100,100049,100,99082,100,100055,200,98743,100,100161,100,98740,100,100310,100,98712,100
2019-06-28 10:00:30.000000000,99482,205,99424,205,99549,205,99342,205,99810,205,99318,205,99911,205,99223,205,99956,100,99190,100,100016,100,99128,100,100049,100,99082,100,100055,200,98743,100,100161,100,98740,100,100310,100,98712,100
2019-06-28 10:00:40.000000000,99482,310,99424,310,99549,310,99342,310,99810,100,99318,100,99911,100,99223,100,99956,100,99190,100,100016,100,99128,100,100049,100,99082,100,100055,200,98743,100,100161,100,98740,100,100310,100,98712,100
2019-06-28 10:00:50.000000000,99482,310,99424,310,99549,310,99342,310,99810,100,99318,100,99911,100,99223,100,99956,100,99190,100,100016,100,99128,100,100049,100,99082,100,100055,200,98743,100,100161,100,98740,100,100310,100,98712,100
2019-06-28 10:00:59.103273042,99482,210,99424,310,99549,310,99342,310,99810,100,99318,100,99911,100,99223,100,99956,100,99190,100,100016,100,99128,100,100049,100,99082,100,100055,200,98743,100,100161,100,98740,100,100310,100,98712,100
2019-06-28 10:01:00.000000000,99549,521,99424,521,99810,100,99342,100,99911,100,99318,100,99956,100,99223,100,100016,100,99190,100,100049,100,99128,100,100055,200,99082,100,100161,100,98743,100,100310,100,98740,100,100700,100,98712,100
2019-06-28 10:01:10.000000000,99549,310,99424,310,99810,310,99342,310,99911,100,99318,100,99956,100,99223,100,100016,100,99190,100,100049,100,99128,100,100055,200,99082,100,100161,100,98743,100,100310,100,98740,100,100700,100,98712,100
2019-06-28 10:01:20.000000000,99549,243,99424,243,99810,239,99342,239,99911,239,99318,239,99956,100,99223,100,100016,100,99190,100,100049,100,99128,100,100055,200,99082,100,100161,100,98743,100,100310,100,98740,100,100700,100,98712,100
2019-06-28 10:01:30.000000000,99549,184,99424,184,99810,184,99342,184,99911,184,99318,184,99956,184,99223,184,100016,184,99190,184,100049,100,99128,100,100055,200,99082,100,100161,100,98743,100,100310,100,98740,100,100700,100,98712,100
2019-06-28 10:01:30.951459449,99549,184,99424,184,99810,184,99342,184,99911,184,99318,184,99956,184,99223,184,100016,184,99190,184,100049,100,99128,100,100055,200,99082,100,100161,100,98743,100,100310,100,98740,100,100700,100,98712,100
2019-06-28 10:01:40.000000000,99549,184,99424,184,99810,184,99342,184,99911,184,99318,184,99956,184,99223,184,100016,184,99190,184,100049,100,99128,100,100055,200,99082,100,100161,100,98743,100,100310,100,98740,100,100700,100,98712,100
2019-06-28 10:01:50.000000000,99549,205,99424,205,99810,205,99342,205,99911,205,99318,205,99956,205,99223,205,100016,100,99190,100,100049,100,99128,100,100055,200,99082,100,100161,100,98743,100,100310,100,98740,100,100700,100,98712,100
2019-06-28 10:02:00.000000000,99549,184,99424,184,99810,184,99342,184,99911,184,99318,184,99956,184,99223,184,100016,184,99190,184,100049,100,99128,100,100055,200,99082,100,100161,100,98743,100,100310,100,98740,100,100700,100,98712,100
2019-06-28 10:02:10.000000000,99549,205,99424,205,99810,205,99342,205,99911,205,99318,205,99956,205,99223,205,100016,100,99190,100,100049,100,99128,100,100055,200,99082,100,100161,100,98743,100,100310,100,98740,100,100700,100,98712,100
2019-06-28 10:02:20.000000000,99549,205,99424,205,99810,205,99342,205,99911,205,99318,205,99956,205,99223,205,100016,100,99190,100,100049,100,99128,100,100055,200,99082,100,100161,100,98743,100,100310,100,98740,100,100700,100,98712,100
2019-06-28 10:02:23.538861242,99549,105,99424,205,99810,205,99342,205,99911,205,99318,205,99956,205,99223,205,100016,100,99190,100,100049,100,99128,100,100055,200,99082,100,100161,100,98743,100,100310,100,98740,100,100700,100,98712,100
2019-06-28 10:02:30.000000000,99810,243,99424,243,99911,239,99342,239,99956,239,99318,239,100016,100,99223,100,100049,100,99190,100,100055,200,99128,100,100161,100,99082,100,100310,100,98743,100,100700,100,98740,100,,,98712,100
2019-06-28 10:02:37.285739460,99810,243,99594,100,99911,239,99424,243,99956,239,99342,239,100016,100,99318,239,100049,100,99223,100,100055,200,99190,100,100161,100,99128,100,100310,100,99082,100,100700,100,98743,100,,,98740,100
2019-06-28 10:02:40.000000000,99810,184,99594,184,99911,184,99424,184,99956,184,99342,184,100016,184,99318,184,100049,184,99223,184,100055,200,99190,100,100161,100,99128,100,100310,100,99082,100,100700,100,98743,100,,,98740,100
2019-06-28 10:02:50.000000000,99810,184,99594,184,99911,184,99424,184,99956,184,99342,184,100016,184,99318,184,100049,184,99223,184,100055,200,99190,100,100161,100,99128,100,100310,100,99082,100,100700,100,98743,100,,,98740,100
2019-06-28 10:03:00.000000000,99810,205,99594,205,99911,205,99424,205,99956,205,99342,205,100016,205,99318,205,100049,100,99223,100,100055,200,99190,100,100161,100,99128,100,100310,100,99082,100,100700,100,98743,100,,,98740,100
2019-06-28 10:03:07.862945792,99810,205,99594,205,99911,205,99424,205,99956,205,99342,205,100016,205,99318,205,100049,100,99317,100,100055,200,99223,100,100161,100,99190,100,100310,100,99128,100,100700,100,99082,100,,,98743,100
2019-06-28 10:03:10.000000000,99810,205,99594,205,99911,205,99424,205,99956,205,99342,205,100016,205,99318,205,100049,100,99317,100,100055,200,99223,100,100161,100,99190,100,100310,100,99128,100,100700,100,99082,100,,,98743,100
2019-06-28 10:03:12.335724338,99810,205,99594,205,99911,205,99482,100,99956,105,99424,205,100016,205,99342,205,100049,100,99318,205,100055,200,99317,100,100161,100,99223,100,100310,100,99190,100,100700,100,99128,100,,,99082,100
2019-06-28 10:03:19.364431336,99810,205,99594,105,99911,205,99482,100,99956,105,99424,205,100016,205,99342,205,100049,100,99318,205,100055,200,99317,100,100161,100,99223,100,100310,100,99190,100,100700,100,99128,100,,,99082,100
2019-06-28 10:03:20.000000000,99810,310,99482,310,99911,310,99424,310,100016,100,99342,100,100049,100,99318,100,100055,200,99317,100,100161,100,99223,100,100310,100,99190,100,100700,100,99128,100,,,99082,100,,,98743,100
2019-06-28 10:03:30.000000000,99810,184,99482,184,99911,184,99424,184,100016,184,99342,184,100049,184,99318,184,100055,284,99317,184,100161,100,99223,100,100310,100,99190,100,100700,100,99128,100,,,99082,100,,,98743,100
2019-06-28 10:03:31.306665545,99580,100,99482,184,99810,184,99424,184,99911,184,99342,184,100016,184,99318,184,100049,184,99317,184,100055,284,99223,100,100161,100,99190,100,100310,100,99128,100,100700,100,99082,100,,,98743,100
2019-06-28 10:03:39.287871923,99580,100,99482,184,99810,184,99424,184,99911,184,99342,184,100016,184,99318,84,100049,184,99317,184,100055,284,99223,100,100161,100,99209,100,100310,100,99190,100,100700,100,99128,100,,,99082,100
2019-06-28 10:03:40.000000000,99580,205,99482,205,99810,205,99424,205,99911,205,99342,205,100016,205,99317,205,100049,100,99223,100,100055,200,99209,100,100161,100,99190,100,100310,100,99128,100,100700,100,99082,100,,,98743,100
2019-06-28 10:03:47.101373502,99580,205,99482,205,99623,100,99424,205,99810,205,99342,205,99911,205,99317,105,100016,205,99223,100,100049,100,99209,100,100055,200,99190,100,100161,100,99128,100,100310,100,99082,100,100700,100,98743,100
2019-06-28 10:03:50.000000000,99580,243,99482,243,99623,239,99424,239,99810,239,99342,239,99911,100,99223,100,100016,100,99209,100,100049,100,99190,100,100055,200,99128,100,100161,100,99082,100,100310,100,98743,100,100700,100,98712,100
2019-06-28 10:04:00.000000000,99580,521,99482,521,99623,100,99424,100,99810,100,99342,100,99911,100,99223,100,100016,100,99209,100,100049,100,99190,100,100055,200,99128,100,100161,100,99082,100,100310,100,98743,100,100700,100,98712,100
2019-06-28 10:04:10.000000000,99580,243,99482,243,99623,239,99424,239,99810,239,99342,239,99911,100,99223,100,100016,100,99209,100,100049,100,99190,100,100055,200,99128,100,100161,100,99082,100,100310,100,98743,100,100700,100,98712,100
2019-06-28 10:04:20.000000000,99580,184,99482,184,99623,184,99424,184,99810,184,99342,184,99911,184,99223,184,100016,184,99209,184,100049,100,99190,100,100055,200,99128,100,100161,100,99082,100,100310,100,98743,100,100700,100,98712,100
2019-06-28 10:04:21.541030950,99580,184,99482,184,99623,184,99424,184,99810,184,99342,184,99911,184,99223,184,99920,100,99209,184,100016,184,99190,100,100049,100,99128,100,100055,200,99082,100,100161,100,98743,100,100310,100,98712,100
2019-06-28 10:04:30.000000000,99580,521,99482,521,99623,100,99424,100,99810,100,99342,100,99911,100,99223,100,99920,100,99209,100,100016,100,99190,100,100049,100,99128,100,100055,200,99082,100,100161,100,98743,100,100310,100,98712,100
2019-06-28 10:04:40.000000000,99580,205,99482,205,99623,205,99424,205,99810,205,99342,205,99911,205,99223,205,99920,100,99209,100,100016,100,99190,100,100049,100,99128,100,100055,200,99082,100,100161,100,98743,100,100310,100,98712,100
2019-06-28 10:04:48.633523268,99580,105,99482,205,99623,205,99424,205,99810,205,99342,205,99911,205,99223,205,99920,100,99209,100,100016,100,99190,100,100049,100,99128,100,100055,200,99082,100,100161,100,98743,100,100310,100,98712,100
2019-06-28 10:04:50.000000000,99623,521,99482,521,99810,100,99424,100,99911,100,99342,100,99920,100,99223,100,100016,100,99209,100,100049,100,99190,100,100055,200,99128,100,100161,100,99082,100,100310,100,98743,100,100700,100,98712,100
2019-06-28 10:04:51.515549548,99623,421,99482,521,99810,100,99424,100,99911,100,99342,100,99920,100,99223,100,100016,100,99209,100,100049,100,99190,100,100055,200,99128,100,100161,100,99082,100,100310,100,98743,100,100700,100,98712,100
2019-06-28 10:04:53.482261446,99623,421,99580,100,99810,100,99482,521,99911,100,99424,100,99920,100,99342,100,100016,100,99223,100,100049,100,99209,100,100055,200,99190,100,100161,100,99128,100,100310,100,99082,100,100700,100,98743,100
2019-06-28 10:05:00.000000000,99810,521,99580,521,99911,100,99482,100,99920,100,99424,100,100016,100,99342,100,100049,100,99223,100,100055,200,99209,100,100161,100,99190,100,100310,100,99128,100,100700,100,99082,100,,,98743,100
2019-06-28 10:05:10.000000000,99810,243,99580,243,99911,239,99482,239,99920,239,99424,239,100016,100,99342,100,100049,100,99223,100,100055,200,99209,100,100161,100,99190,100,100310,100,99128,100,100700,100,99082,100,,,98743,100
2019-06-28 10:05:20.000000000,99810,310,99580,310,99911,310,99482,310,99920,100,99424,100,100016,100,99342,100,100049,100,99223,100,100055,200,99209,100,100161,100,99190,100,100310,100,99128,100,100700,100,99082,100,,,98743,100
2019-06-28 10:05:30.000000000,99810,521,99580,521,99911,100,99482,100,99920,100,99424,100,100016,100,99342,100,100049,100,99223,100,100055,200,99209,100,100161,100,99190,100,100310,100,99128,100,100700,100,99082,100,,,98743,100
2019-06-28 10:05:39.402580913,99810,521,99580,621,99911,100,99482,100,99920,100,99424,100,100016,100,99342,100,100049,100,99223,100,100055,200,99209,100,100161,100,99190,100,100310,100,99128,100,100700,100,99082,100,,,98743,100
2019-06-28 10:05:40.000000000,99810,184,99580,284,99911,184,99482,184,99920,184,99424,184,100016,184,99342,184,100049,184,99223,184,100055,200,99209,100,100161,100,99190,100,100310,100,99128,100,100700,100,99082,100,,,98743,100
2019-06-28 10:05:41.732042792,99810,84,99580,284,99911,184,99482,184,99920,184,99424,184,100016,184,99342,184,100049,184,99223,184,100055,200,99209,100,100161,100,99190,100,100310,100,99128,100,100700,100,99082,100,,,98743,100
2019-06-28 10:05:49.179423843,99911,184,99810,16,99920,184,99580,284,100016,184,99482,184,100049,184,99424,184,100055,200,99342,184,100161,100,99223,184,100310,100,99209,100,100700,100,99190,100,,,99128,100,,,99082,100
2019-06-28 10:05:50.000000000,99911,310,99810,226,99920,310,99580,410,100016,100,99482,100,100049,100,99424,100,100055,200,99342,100,100161,100,99223,100,100310,100,99209,100,100700,100,99190,100,,,99128,100,,,99082,100
2019-06-28 10:06:00.000000000,99911,310,99810,226,99920,310,99580,410,100016,100,99482,100,100049,100,99424,100,100055,200,99342,100,100161,100,99223,100,100310,100,99209,100,100700,100,99190,100,,,99128,100,,,99082,100
2019-06-28 10:06:03.609091037,99911,310,99810,226,99920,310,99580,410,100016,100,99482,100,100049,100,99424,100,100055,200,99223,100,100161,100,99209,100,100310,100,99190,100,100700,100,99128,100,100735,100,99082,100,,,98743,100
2019-06-28 10:06:10.000000000,99911,184,99810,100,99920,184,99580,284,100016,184,99482,184,100049,184,99424,184,100055,284,99223,184,100161,100,99209,100,100310,100,99190,100,100700,100,99128,100,100735,100,99082,100,,,98743,100
2019-06-28 10:06:18.594282167,99911,184,99810,200,99920,184,99580,284,100016,184,99482,184,100049,184,99424,184,100055,284,99223,184,100161,100,99209,100,100310,100,99190,100,100700,100,99128,100,100735,100,99082,100,,,98743,100
2019-06-28 10:06:20.000000000,99911,184,99810,200,99920,184,99580,284,100016,184,99482,184,100049,184,99424,184,100055,284,99223,184,100161,100,99209,100,100310,100,99190,100,100700,100,99128,100,100735,100,99082,100,,,98743,100
2019-06-28 10:06:30.000000000,99911,521,99810,537,99920,100,99580,200,100016,100,99482,100,100049,100,99424,100,100055,200,99223,100,100161,100,99209,100,100310,100,99190,100,100700,100,99128,100,100735,100,99082,100,,,98743,100
2019-06-28 10:06:40.000000000,99911,243,99810,259,99920,239,99580,339,100016,239,99482,239,100049,100,99424,100,100055,200,99223,100,100161,100,99209,100,100310,100,99190,100,100700,100,99128,100,100735,100,99082,100,,,98743,100
2019-06-28 10:06:42.259418480,99911,243,99810,259,99920,239,99580,339,100016,239,99482,239,100049,100,99424,100,100055,200,99223,100,100161,100,99209,100,100310,100,99190,100,100700,100,99128,100,100735,100,99082,100,101172,100,98743,100
2019-06-28 10:06:50.000000000,99911,205,99810,221,99920,205,99580,305,100016,205,99482,205,100049,205,99424,205,100055,200,99223,100,100161,100,99209,100,100310,100,99190,100,100700,100,99128,100,100735,100,99082,100,101172,100,98743,100
2019-06-28 10:06:52.014690361,99911,205,99810,221,99920,205,99580,305,100016,205,99482,205,100049,205,99424,205,100055,200,99223,100,100161,100,99209,100,100310,100,99190,100,100700,100,99128,100,100735,100,99082,100,100933,100,98743,100
2019-06-28 10:06:53.023712252,99911,205,99810,221,99920,205,99580,305,100016,205,99482,205,100049,205,99424,205,100055,200,99223,100,100161,100,99209,100,100310,100,99190,100,100700,100,99128,100,100735,100,99082,100,100933,100,98743,100
2019-06-28 10:07:00.000000000,99911,310,99810,326,99920,310,99580,410,100016,100,99482,100,100049,100,99424,100,100055,200,99223,100,100161,100,99209,100,100310,100,99190,100,100700,100,99128,100,100735,100,99082,100,100933,100,98743,100
2019-06-28 10:07:10.000000000,99911,310,99810,326,99920,310,99580,410,100016,100,99482,100,100049,100,99424,100,100055,200,99223,100,100161,100,99209,100,100310,100,99190,100,100700,100,99128,100,100735,100,99082,100,100933,100,98743,100
2019-06-28 10:07:14.160168275,99911,210,99810,326,99920,310,99580,410,100016,100,99482,100,100049,100,99424,100,100055,200,99223,100,100161,100,99209,100,100310,100,99190,100,100700,100,99128,100,100735,100,99082,100,100933,100,98743,100
2019-06-28 10:07:19.776288112,99911,110,99810,326,99920,310,99580,410,100016,100,99482,100,100049,100,99424,100,100055,200,99223,100,100310,100,99209,100,100700,100,99190,100,100735,100,99128,100,100933,100,99082,100,101172,100,98743,100
2019-06-28 10:07:20.000000000,99920,205,99810,221,100016,205,99580,305,100049,205,99482,205,100055,305,99424,205,100310,100,99223,100,100700,100,99209,100,100735,100,99190,100,100933,100,99128,100,101172,100,99082,100,,,98743,100
2019-06-28 10:07:30.000000000,99920,205,99810,221,100016,205,99580,305,100049,205,99482,205,100055,305,99424,205,100310,100,99223,100,100700,100,99209,100,100735,100,99190,100,100933,100,99128,100,101172,100,99082,100,,,98743,100
2019-06-28 10:07:40.000000000,99920,243,99810,259,100016,239,99580,339,100049,239,99482,239,100055,200,99424,100,100310,100,99223,100,100700,100,99209,100,100735,100,99190,100,100933,100,99128,100,101172,100,99082,100,,,98743,100
2019-06-28 10:07:45.166150928,99920,243,99911,100,100016,239,99810,259,100049,239,99580,339,100055,200,99482,239,100310,100,99424,100,100700,100,99223,100,100735,100,99209,100,100933,100,99190,100,101172,100,99128,100,,,99082,100
2019-06-28 10:07:45.704384689,99920,243,99911,100,100016,239,99810,259,100049,239,99580,339,100055,200,99482,239,100310,100,99424,100,100700,100,99223,100,100735,100,99209,100,100799,100,99190,100,100933,100,99128,100,101172,100,99082,100
2019-06-28 10:07:50.000000000,99920,184,99911,184,100016,184,99810,200,100049,184,99580,284,100055,284,99482,184,100310,184,99424,184,100700,100,99223,100,100735,100,99209,100,100799,100,99190,100,100933,100,99128,100,101172,100,99082,100
2019-06-28 10:08:00.000000000,99920,243,99911,243,100016,239,99810,255,100049,239,99580,339,100055,200,99482,100,100310,100,99424,100,100700,100,99223,100,100735,100,99209,100,100799,100,99190,100,100933,100,99128,100,101172,100,99082,100
2019-06-28 10:08:10.000000000,99920,521,99911,521,100016,100,99810,116,100049,100,99580,200,100055,200,99482,100,100310,100,99424,100,100700,100,99223,100,100735,100,99209,100,100799,100,99190,100,100933,100,99128,100,101172,100,99082,100
2019-06-28 10:08:12.792362058,99920,421,99911,521,100049,100,99810,116,100055,200,99580,200,100310,100,99482,100,100700,100,99424,100,100735,100,99223,100,100799,100,99209,100,100933,100,99190,100,101172,100,99128,100,,,99082,100
2019-06-28 10:08:20.000000000,100049,205,99911,205,100055,305,99810,221,100310,205,99580,305,100700,205,99482,205,100735,100,99424,100,100799,100,99223,100,100933,100,99209,100,101172,100,99190,100,,,99128,100,,,99082,100
2019-06-28 10:08:23.282288491,100049,105,99911,205,100055,305,99810,221,100310,205,99580,305,100700,205,99482,205,100735,100,99424,100,100799,100,99223,100,100933,100,99209,100,101172,100,99190,100,,,99128,100,,,99082,100
2019-06-28 10:08:25.623342746,100049,5,99911,205,100055,305,99810,221,100310,205,99580,305,100700,205,99482,205,100735,100,99424,100,100799,100,99223,100,100933,100,99209,100,101172,100,99190,100,,,99128,100,,,99082,100
2019-06-28 10:08:30.000000000,100055,410,99911,310,100310,310,99810,326,100700,100,99580,200,100735,100,99482,100,100799,100,99424,100,100933,100,99223,100,101172,100,99209,100,,,99190,100,,,99128,100,,,99082,100
2019-06-28 10:08:40.000000000,100055,305,99911,205,100310,205,99810,221,100700,205,99580,305,100735,205,99482,205,100799,100,99424,100,100933,100,99223,100,101172,100,99209,100,,,99190,100,,,99128,100,,,99082,100
2019-06-28 10:08:46.491083851,100055,305,99911,205,100310,205,99810,221,100700,205,99580,305,100728,100,99482,205,100735,205,99424,100,100799,100,99223,100,100933,100,99209,100,101172,100,99190,100,,,99128,100,,,99082,100
2019-06-28 10:08:50.000000000,100055,410,99911,310,100310,310,99810,326,100700,100,99580,200,100728,100,99482,100,100735,100,99424,100,100799,100,99223,100,100933,100,99209,100,101172,100,99190,100,,,99128,100,,,99082,100
2019-06-28 10:08:54.984852532,100055,310,99911,310,100310,310,99810,326,100700,100,99580,200,100728,100,99482,100,100735,100,99424,100,100799,100,99223,100,100933,100,99190,100,101172,100,99128,100,,,99082,100,,,98712,100
2019-06-28 10:09:00.000000000,100055,243,99911,243,100310,239,99810,255,100700,239,99580,339,100728,100,99482,100,100735,100,99424,100,100799,100,99223,100,100933,100,99190,100,101172,100,99128,100,,,99082,100,,,98712,100
2019-06-28 10:09:04.745681317,100055,243,99911,243,100310,139,99810,255,100671,100,99580,339,100700,239,99482,100,100728,100,99424,100,100735,100,99223,100,100799,100,99190,100,100933,100,99128,100,101172,100,99082,100,,,98712,100
2019-06-28 10:09:10.000000000,100055,243,99911,243,100671,239,99810,255,100700,239,99580,339,100728,100,99482,100,100735,100,99424,100,100799,100,99223,100,100933,100,99190,100,101172,100,99128,100,,,99082,100,,,98712,100
2019-06-28 10:09:14.088053190,100055,143,99911,243,100671,239,99810,255,100700,239,99580,339,100728,100,99482,100,100735,100,99424,100,100799,100,99223,100,100933,100,99190,100,101172,100,99128,100,,,99082,100,,,98712,100
2019-06-28 10:09:20.000000000,100671,243,99911,243,100700,239,99810,255,100728,239,99580,339,100735,100,99482,100,100799,100,99424,100,100933,100,99223,100,101172,100,99190,100,,,99128,100,,,99082,100,,,98712,100
2019-06-28 10:09:30.000000000,100671,521,99911,521,100700,100,99810,116,100728,100,99580,200,100735,100,99482,100,100799,100,99424,100,100933,100,99223,100,101172,100,99190,100,,,99128,100,,,99082,100,,,98712,100
2019-06-28 10:09:40.000000000,100671,310,99911,310,100700,310,99810,326,100728,100,99580,200,100735,100,99482,100,100799,100,99424,100,100933,100,99223,100,101172,100,99190,100,,,99128,100,,,99082,100,,,98712,100
2019-06-28 10:09:50.000000000,100671,205,99911,205,100700,205,99810,221,100728,205,99580,305,100735,205,99482,205,100799,100,99424,100,100933,100,99223,100,101172,100,99190,100,,,99128,100,,,99082,100,,,98712,100
2019-06-28 10:10:00.000000000,100671,521,99911,521,100700,100,99810,116,100728,100,99580,200,100735,100,99482,100,100799,100,99424,100,100933,100,99223,100,101172,100,99190,100,,,99128,100,,,99082,100,,,98712,100
2019-06-28 10:10:10.000000000,100671,184,99911,184,100700,184,99810,200,100728,184,99580,284,100735,184,99482,184,100799,184,99424,184,100933,100,99223,100,101172,100,99190,100,,,99128,100,,,99082,100,,,98712,100
2019-06-28 10:10:20.000000000,100671,184,99911,184,100700,184,99810,200,100728,184,99580,284,100735,184,99482,184,100799,184,99424,184,100933,100,99223,100,101172,100,99190,100,,,99128,100,,,99082,100,,,98712,100
2019-06-28 10:10:30.000000000,100671,184,99911,184,100700,184,99810,200,100728,184,99580,284,100735,184,99482,184,100799,184,99424,184,100933,100,99223,100,101172,100,99190,100,,,99128,100,,,99082,100,,,98712,100
2019-06-28 10:10:39.400446776,100671,184,99911,184,100700,184,99810,200,100728,184,99597,100,100735,184,99580,284,100799,184,99482,184,100933,100,99424,184,101172,100,99223,100,,,99190,100,,,99128,100,,,99082,100
2019-06-28 10:10:40.000000000,100671,521,99911,521,100700,100,99810,116,100728,100,99597,100,100735,100,99580,200,100799,100,99482,100,100933,100,99424,100,101172,100,99223,100,,,99190,100,,,99128,100,,,99082,100
2019-06-28 10:10:48.366844634,100671,521,99911,421,100700,100,99810,116,100728,100,99597,100,100735,100,99580,200,100933,100,99482,100,101172,100,99424,100,,,99223,100,,,99190,100,,,99128,100,,,99082,100
2019-06-28 10:10:50.000000000,100671,521,99810,537,100700,100,99597,100,100728,100,99580,200,100735,100,99482,100,100933,100,99424,100,101172,100,99223,100,,,99190,100,,,99128,100,,,99082,100,,,98712,100
2019-06-28 10:11:00.000000000,100671,310,99810,326,100700,310,99597,310,100728,100,99580,200,100735,100,99482,100,100933,100,99424,100,101172,100,99223,100,,,99190,100,,,99128,100,,,99082,100,,,98712,100
2019-06-28 10:11:10.000000000,100671,205,99810,221,100700,205,99597,205,100728,205,99580,305,100735,205,99482,205,100933,100,99424,100,101172,100,99223,100,,,99190,100,,,99128,100,,,99082,100,,,98712,100
2019-06-28 10:11:20.000000000,100671,205,99810,221,100700,205,99597,205,100728,205,99580,305,100735,205,99482,205,100933,100,99424,100,101172,100,99223,100,,,99190,100,,,99128,100,,,99082,100,,,98712,100
2019-06-28 10:11:30.000000000,100671,310,99810,326,100700,310,99597,310,100728,100,99580,200,100735,100,99482,100,100933,100,99424,100,101172,100,99223,100,,,99190,100,,,99128,100,,,99082,100,,,98712,100
2019-06-28 10:11:40.000000000,100671,521,99810,537,100700,100,99597,100,100728,100,99580,200,100735,100,99482,100,100933,100,99424,100,101172,100,99223,100,,,99190,100,,,99128,100,,,99082,100,,,98712,100
2019-06-28 10:11:40.569366684,100671,521,99810,437,100700,100,99597,100,100728,100,99580,200,100735,100,99482,100,100933,100,99424,100,101172,100,99223,100,,,99190,100,,,99128,100,,,99082,100,,,98712,100
2019-06-28 10:11:43.266467136,100671,521,99810,337,100700,100,99597,100,100728,100,99580,200,100735,100,99482,100,100933,100,99424,100,101172,100,99223,100,,,99190,100,,,99128,100,,,99082,100,,,98712,100
2019-06-28 10:11:44.626065830,100671,521,99810,337,100700,100,99678,100,100728,100,99597,100,100735,100,99580,200,100933,100,99482,100,101172,100,99424,100,,,99223,100,,,99190,100,,,99128,100,,,99082,100
2019-06-28 10:11:45.380941894,100671,521,99810,337,100728,100,99799,100,100735,100,99678,100,100933,100,99597,100,101172,100,99580,200,,,99482,100,,,99424,100,,,99223,100,,,99190,100,,,99128,100
2019-06-28 10:11:47.167368791,100671,521,99810,237,100728,100,99799,100,100735,100,99678,100,100933,100,99597,100,101172,100,99580,200,,,99482,100,,,99424,100,,,99223,100,,,99190,100,,,99128,100
2019-06-28 10:11:50.000000000,100671,243,99799,243,100728,239,99678,239,100735,239,99597,239,100933,100,99580,200,101172,100,99482,100,,,99424,100,,,99223,100,,,99190,100,,,99128,100,,,99082,100
2019-06-28 10:12:00.000000000,100671,521,99799,521,100728,100,99678,100,100735,100,99597,100,100933,100,99580,200,101172,100,99482,100,,,99424,100,,,99223,100,,,99190,100,,,99128,100,,,99082,100
2019-06-28 10:12:10.000000000,100671,243,99799,243,100728,239,99678,239,100735,239,99597,239,100933,100,99580,200,101172,100,99482,100,,,99424,100,,,99223,100,,,99190,100,,,99128,100,,,99082,100
