,ask_price_1,ask_size_1,bid_price_1,bid_size_1,ask_price_2,ask_size_2,bid_price_2,bid_size_2,ask_price_3,ask_size_3,bid_price_3,bid_size_3,ask_price_4,ask_size_4,bid_price_4,bid_size_4,ask_price_5,ask_size_5,bid_price_5,bid_size_5,ask_price_6,ask_size_6,bid_price_6,bid_size_6,ask_price_7,ask_size_7,bid_price_7,bid_size_7,ask_price_8,ask_size_8,bid_price_8,bid_size_8,ask_price_9,ask_size_9,bid_price_9,bid_size_9,ask_price_10,ask_size_10,bid_price_10,bid_size_10
2019-06-28 09:30:00.000000003,100009,100,99975,100,,,,,,,,,,,,,,,,,,,,,,,,,,,,,,,,,,,,
2019-06-28 09:30:00.000000007,100009,100,99975,100,100019,100,99894,100,,,,,,,,,,,,,,,,,,,,,,,,,,,,,,,,
2019-06-28 09:30:00.000000009,100019,100,99975,100,,,99894,100,,,99873,100,,,,,,,,,,,,,,,,,,,,,,,,,,,,
2019-06-28 09:30:00.000000011,100019,100,99975,100,100119,100,99894,100,,,99873,100,,,,,,,,,,,,,,,,,,,,,,,,,,,,
2019-06-28 09:30:00.000000012,99996,100,99975,100,100019,100,99894,100,100119,100,99873,100,,,,,,,,,,,,,,,,,,,,,,,,,,,,
2019-06-28 09:30:00.000000013,99996,100,99975,100,100019,100,99969,100,100119,100,99894,100,,,99873,100,,,99846,100,,,,,,,,,,,,,,,,,,,,
2019-06-28 09:30:00.000000014,99996,100,99975,100,100019,100,99969,100,100119,100,99943,100,,,99894,100,,,99873,100,,,99846,100,,,99822,100,,,,,,,,,,,,
2019-06-28 09:30:00.000000016,99996,100,99975,100,100019,100,99969,100,100095,100,99943,100,100119,100,99894,100,,,99873,100,,,99846,100,,,99822,100,,,,,,,,,,,,
2019-06-28 09:30:00.000000020,99996,100,99975,100,100019,100,99969,100,100095,100,99943,100,100119,100,99894,100,,,99887,100,,,99873,100,,,99846,100,,,99822,100,,,,,,,,
2019-06-28 09:30:00.000000022,99996,100,99975,100,100019,100,99969,100,100084,100,99943,100,100095,100,99894,100,100099,100,99887,100,100119,100,99873,100,,,99846,100,,,99822,100,,,,,,,,
2019-06-28 09:30:00.000000023,99996,100,99975,100,100019,100,99973,100,100084,100,99969,100,100095,100,99943,100,100099,100,99930,100,100119,100,99894,100,,,99887,100,,,99873,100,,,99846,100,,,99822,100
2019-06-28 09:30:00.000000025,99996,100,99975,100,100019,100,99973,100,100084,100,99969,100,100095,100,99943,100,100099,100,99930,100,100103,100,99894,100,100119,100,99887,100,100156,100,99873,100,,,99846,100,,,99822,100
2019-06-28 09:30:00.000000026,99996,100,99975,100,100019,100,99973,100,100071,100,99969,100,100084,100,99953,100,100095,100,99943,100,100099,100,99930,100,100103,100,99894,100,100119,100,99887,100,100156,100,99873,100,,,99846,100
2019-06-28 09:30:00.000000027,99996,100,99975,100,100019,100,99973,100,100071,100,99969,100,100084,100,99953,100,100095,100,99943,100,100099,100,99930,100,100103,100,99894,100,100119,100,99887,100,100156,100,99873,100,,,99852,100
2019-06-28 09:30:00.000000030,100019,100,99975,100,100071,100,99973,100,100084,100,99969,100,100095,100,99953,100,100099,100,99943,100,100103,100,99930,100,100119,100,99894,100,100156,100,99887,100,,,99873,100,,,99852,100
2019-06-28 09:30:00.000000032,100019,100,99973,100,100071,100,99969,100,100084,100,99953,100,100095,100,99943,100,100099,100,99930,100,100103,100,99894,100,100119,100,99887,100,100156,100,99873,100,,,99852,100,,,99846,100
2019-06-28 09:30:00.000000033,100019,100,100008,100,100071,100,99973,100,100084,100,99969,100,100095,100,99953,100,100099,100,99943,100,100103,100,99930,100,100119,100,99894,100,100156,100,99887,100,,,99873,100,,,99852,100
2019-06-28 09:30:00.000000037,100019,100,100008,100,100071,100,99973,100,100084,100,99969,100,100095,100,99953,100,100099,100,99943,100,100103,100,99930,100,100105,100,99894,100,100119,100,99887,100,100156,100,99873,100,,,99852,100
2019-06-28 09:30:00.000000039,100019,100,99973,100,100058,100,99969,100,100071,100,99953,100,100084,100,99943,100,100095,100,99930,100,100099,100,99894,100,100103,100,99887,100,100105,100,99873,100,100119,100,99852,100,100156,100,99846,100
2019-06-28 09:30:00.000000042,100008,100,99973,100,100019,100,99969,100,100058,100,99953,100,100071,100,99943,100,100084,100,99930,100,100095,100,99894,100,100099,100,99887,100,100103,100,99873,100,100105,100,99852,100,100119,100,99846,100
2019-06-28 09:30:00.000000043,100008,100,99978,100,100019,100,99973,100,100058,100,99969,100,100071,100,99953,100,100084,100,99943,100,100095,100,99930,100,100099,100,99914,100,100103,100,99894,100,100105,100,99887,100,100119,100,99873,100
2019-06-28 09:30:00.000000044,100008,200,99978,100,100019,100,99973,100,100058,100,99969,100,100071,100,99953,100,100084,100,99943,100,100095,100,99936,100,100099,100,99930,100,100103,100,99914,100,100105,100,99894,100,100119,100,99887,100
2019-06-28 09:30:00.000000047,100008,200,99978,100,100019,100,99973,100,100058,100,99969,100,100071,100,99953,100,100074,100,99943,100,100084,100,99936,100,100095,100,99930,100,100099,100,99914,100,100103,100,99894,100,100105,100,99887,100
2019-06-28 09:30:00.000000049,100008,200,99978,100,100019,100,99973,100,100058,100,99969,100,100071,100,99953,100,100074,100,99943,100,100084,100,99936,100,100090,100,99930,100,100095,100,99914,100,100099,100,99894,100,100103,100,99887,100
2019-06-28 09:30:00.000000051,100019,100,99978,100,100058,100,99973,100,100071,100,99969,100,100074,100,99953,200,100084,100,99943,100,100090,100,99936,100,100095,100,99930,100,100099,100,99914,100,100103,100,99894,100,100105,100,99887,100
2019-06-28 09:30:00.000000053,100019,100,99973,100,100058,100,99969,100,100071,100,99953,200,100074,100,99943,100,100084,100,99936,100,100090,100,99930,100,100095,100,99914,100,100099,100,99894,100,100103,100,99887,100,100105,100,99873,100
2019-06-28 09:30:00.000000055,100015,100,100003,100,100019,100,99973,100,100058,100,99969,100,100071,100,99953,200,100074,100,99943,100,100084,100,99936,100,100090,100,99930,100,100095,100,99914,100,100099,100,99894,100,100103,100,99887,100
2019-06-28 09:30:00.000000056,100015,100,100003,100,100019,100,99978,100,100058,100,99973,100,100071,100,99969,100,100074,100,99953,200,100084,100,99943,100,100090,100,99936,100,100095,100,99930,100,100099,100,99914,100,100103,100,99894,100
2019-06-28 09:30:00.000000061,100008,100,100003,100,100015,100,99978,100,100019,100,99973,100,100058,100,99969,100,100071,100,99953,200,100074,100,99943,100,100084,100,99936,100,100090,100,99930,100,100095,100,99914,100,100099,100,99894,100
2019-06-28 09:30:00.000000064,100008,100,100003,100,100015,100,99978,100,100019,100,99973,100,100058,100,99969,100,100071,100,99953,200,100074,100,99943,100,100084,100,99936,100,100090,100,99930,100,100095,100,99919,100,100099,100,99914,100
2019-06-28 09:30:00.000000065,100008,100,100003,100,100015,100,99978,100,100019,100,99973,100,100058,100,99969,100,100071,100,99953,200,100074,100,99943,100,100084,100,99936,100,100090,100,99930,100,100095,100,99919,100,100099,100,99914,100
2019-06-28 09:30:00.000000066,100008,200,100003,100,100015,100,99978,100,100019,100,99973,100,100058,100,99969,100,100071,100,99953,200,100074,100,99943,100,100084,100,99936,100,100090,100,99930,100,100095,100,99919,100,100099,100,99914,100
2019-06-28 09:30:00.000000069,100008,200,100003,100,100015,100,99983,100,100019,100,99978,100,100058,100,99973,100,100071,100,99969,100,100074,100,99957,100,100084,100,99953,200,100090,100,99943,100,100095,100,99936,100,100099,100,99930,100
2019-06-28 09:30:00.000000073,100008,200,100003,100,100015,100,99983,100,100019,100,99978,100,100047,100,99973,100,100058,100,99969,100,100071,100,99957,100,100073,100,99953,200,100074,100,99943,100,100084,100,99936,100,100090,100,99930,100
2019-06-28 09:30:00.000000074,100008,200,99983,100,100015,100,99978,100,100019,100,99973,100,100047,100,99969,100,100058,100,99957,100,100071,100,99953,200,100073,100,99943,100,100074,100,99936,100,100084,100,99930,100,100090,100,99919,100
2019-06-28 09:30:00.000000075,100008,200,100006,100,100015,100,99983,100,100019,100,99978,100,100047,100,99973,100,100058,100,99969,100,100071,100,99957,100,100073,100,99953,200,100074,100,99943,100,100084,100,99936,100,100090,100,99930,200
2019-06-28 09:30:00.000000079,100008,200,100006,100,100015,100,99984,100,100019,100,99983,100,100047,100,99978,100,100058,100,99973,100,100071,100,99969,100,100073,100,99957,100,100074,100,99953,200,100084,100,99943,100,100090,100,99936,100
2019-06-28 09:30:00.000000082,100008,200,100006,100,100015,100,99984,100,100019,100,99983,100,100025,100,99978,100,100047,100,99973,100,100058,100,99969,100,100071,100,99957,100,100073,100,99953,200,100074,100,99943,100,100084,100,99936,100
2019-06-28 09:30:00.000000087,100008,200,100006,100,100015,100,99984,100,100019,100,99983,100,100025,100,99978,100,100047,100,99973,100,100058,100,99969,100,100071,100,99957,100,100073,100,99953,200,100074,100,99943,100,100084,100,99936,100
2019-06-28 09:30:00.000000089,100008,200,99984,100,100015,100,99983,100,100019,100,99978,100,100025,100,99973,100,100047,100,99969,100,100058,100,99957,100,100071,100,99953,200,100073,100,99943,100,100074,100,99936,100,100084,100,99930,200
2019-06-28 09:30:00.000000091,100008,200,99984,100,100015,100,99983,100,100019,100,99978,100,100025,100,99973,100,100047,100,99970,100,100058,100,99969,100,100071,100,99957,100,100073,100,99955,100,100074,100,99953,200,100084,100,99943,100
2019-06-28 09:30:00.000000092,100008,200,99984,100,100015,100,99983,100,100019,100,99978,100,100025,100,99973,100,100047,100,99970,100,100058,100,99969,100,100071,100,99957,100,100073,100,99955,100,100074,100,99953,200,100084,100,99943,100
2019-06-28 09:30:00.000000096,100006,100,99984,100,100008,200,99983,100,100015,100,99978,100,100019,100,99973,100,100025,100,99970,100,100047,100,99969,100,100058,100,99957,100,100071,100,99955,100,100073,100,99953,200,100074,100,99943,100
2019-06-28 09:30:00.000000099,100006,100,99984,100,100008,200,99983,100,100015,100,99978,100,100019,100,99973,100,100025,100,99970,100,100047,100,99969,100,100058,100,99957,100,100071,100,99955,100,100073,100,99953,200,100074,100,99943,100
2019-06-28 09:30:06.775415971,100006,100,99984,100,100008,200,99983,100,100015,100,99978,100,100019,100,99973,100,100025,100,99970,100,100047,100,99969,200,100058,100,99957,100,100071,100,99955,100,100073,100,99953,200,100074,100,99943,100
2019-06-28 09:30:10.000000000,100006,166,99984,166,100008,266,99983,166,100015,166,99978,166,100019,166,99973,166,100025,100,99970,100,100047,100,99969,200,100058,100,99957,100,100071,100,99955,100,100073,100,99953,200,100074,100,99943,100
2019-06-28 09:30:20.000000000,100006,166,99984,166,100008,266,99983,166,100015,166,99978,166,100019,166,99973,166,100025,100,99970,100,100047,100,99969,200,100058,100,99957,100,100071,100,99955,100,100073,100,99953,200,100074,100,99943,100
2019-06-28 09:30:30.000000000,100006,232,99984,232,100008,332,99983,232,100015,100,99978,100,100019,100,99973,100,100025,100,99970,100,100047,100,99969,200,100058,100,99957,100,100071,100,99955,100,100073,100,99953,200,100074,100,99943,100
2019-06-28 09:30:40.000000000,100006,190,99984,190,100008,287,99983,187,100015,187,99978,187,100019,100,99973,100,100025,100,99970,100,100047,100,99969,200,100058,100,99957,100,100071,100,99955,100,100073,100,99953,200,100074,100,99943,100
2019-06-28 09:30:50.000000000,100006,166,99984,166,100008,266,99983,166,100015,166,99978,166,100019,166,99973,166,100025,100,99970,100,100047,100,99969,200,100058,100,99957,100,100071,100,99955,100,100073,100,99953,200,100074,100,99943,100
2019-06-28 09:31:00.000000000,100006,190,99984,190,100008,287,99983,187,100015,187,99978,187,100019,100,99973,100,100025,100,99970,100,100047,100,99969,200,100058,100,99957,100,100071,100,99955,100,100073,100,99953,200,100074,100,99943,100
2019-06-28 09:31:10.000000000,100006,232,99984,232,100008,332,99983,232,100015,100,99978,100,100019,100,99973,100,100025,100,99970,100,100047,100,99969,200,100058,100,99957,100,100071,100,99955,100,100073,100,99953,200,100074,100,99943,100
2019-06-28 09:31:20.000000000,100006,190,99984,190,100008,287,99983,187,100015,187,99978,187,100019,100,99973,100,100025,100,99970,100,100047,100,99969,200,100058,100,99957,100,100071,100,99955,100,100073,100,99953,200,100074,100,99943,100
2019-06-28 09:31:30.000000000,100006,153,99984,153,100008,253,99983,153,100015,153,99978,153,100019,153,99973,153,100025,153,99970,153,100047,100,99969,200,100058,100,99957,100,100071,100,99955,100,100073,100,99953,200,100074,100,99943,100
2019-06-28 09:31:32.616937822,100006,53,99984,153,100008,253,99983,153,100015,153,99978,153,100019,153,99973,153,100025,153,99970,153,100047,100,99969,200,100058,100,99957,100,100071,100,99955,100,100073,100,99953,200,100074,100,99943,100
2019-06-28 09:31:40.000000000,100008,266,99984,166,100015,166,99983,166,100019,166,99978,166,100025,166,99973,166,100047,100,99970,100,100058,100,99969,200,100071,100,99957,100,100073,100,99955,100,100074,100,99953,200,100084,100,99943,100
2019-06-28 09:31:41.688980764,100008,266,100003,100,100015,166,99984,166,100019,166,99983,166,100025,166,99978,166,100047,100,99973,166,100058,100,99970,100,100071,100,99969,200,100073,100,99957,100,100074,100,99955,100,100084,100,99953,200
2019-06-28 09:31:43.435117279,100008,266,100003,100,100015,166,99984,166,100019,166,99983,166,100025,166,99978,166,100047,100,99973,166,100058,100,99970,100,100071,100,99969,200,100073,100,99957,100,100074,100,99955,100,100084,100,99953,100
2019-06-28 09:31:50.000000000,100008,253,100003,153,100015,153,99984,153,100019,153,99983,153,100025,153,99978,153,100047,153,99973,153,100058,100,99970,100,100071,100,99969,200,100073,100,99957,100,100074,100,99955,100,100084,100,99953,100
2019-06-28 09:31:53.321555987,100008,153,100003,153,100015,153,99984,153,100019,153,99983,153,100025,153,99978,153,100047,153,99973,153,100058,100,99970,100,100071,100,99969,200,100073,100,99957,100,100074,100,99955,100,100084,100,99953,100
2019-06-28 09:31:58.491057739,100008,53,100003,153,100015,153,99984,153,100019,153,99983,153,100025,153,99978,153,100047,153,99973,153,100058,100,99970,100,100071,100,99969,200,100073,100,99955,100,100074,100,99953,100,100084,100,99943,100
2019-06-28 09:32:00.000000000,100015,166,100003,166,100019,166,99984,166,100025,166,99983,166,100047,166,99978,166,100058,100,99973,100,100071,100,99970,100,100073,100,99969,200,100074,100,99955,100,100084,100,99953,100,100090,100,99943,100
2019-06-28 09:32:06.693447206,100015,66,100003,166,100019,166,99984,166,100025,166,99983,166,100047,166,99978,166,100058,100,99973,100,100071,100,99970,100,100074,100,99969,200,100084,100,99955,100,100090,100,99953,100,100095,100,99943,100
2019-06-28 09:32:10.000000000,100019,365,100003,365,100025,100,99984,100,100047,100,99983,100,100058,100,99978,100,100071,100,99973,100,100074,100,99970,100,100084,100,99969,200,100090,100,99955,100,100095,100,99953,100,100099,100,99943,100
2019-06-28 09:32:20.000000000,100019,365,100003,365,100025,100,99984,100,100047,100,99983,100,100058,100,99978,100,100071,100,99973,100,100074,100,99970,100,100084,100,99969,200,100090,100,99955,100,100095,100,99953,100,100099,100,99943,100
2019-06-28 09:32:25.205130605,100019,365,100003,365,100025,100,99984,100,100047,100,99983,100,100058,100,99978,100,100071,100,99973,100,100074,100,99970,100,100084,100,99969,200,100090,100,99955,100,100095,100,99953,100,100099,100,99943,100
2019-06-28 09:32:30.000000000,100019,365,100003,365,100025,100,99984,100,100047,100,99983,100,100058,100,99978,100,100071,100,99973,100,100074,100,99970,100,100084,100,99969,200,100090,100,99955,100,100095,100,99953,100,100099,100,99943,100
2019-06-28 09:32:40.000000000,100019,166,100003,166,100025,166,99984,166,100047,166,99983,166,100058,166,99978,166,100071,100,99973,100,100074,100,99970,100,100084,100,99969,200,100090,100,99955,100,100095,100,99953,100,100099,100,99943,100
2019-06-28 09:32:42.765689994,100019,66,100003,166,100025,166,99984,166,100047,166,99983,166,100058,166,99978,166,100071,100,99973,100,100074,100,99970,100,100084,100,99969,200,100090,100,99955,100,100095,100,99953,100,100099,100,99943,100
2019-06-28 09:32:50.000000000,100025,365,100003,365,100047,100,99984,100,100058,100,99983,100,100071,100,99978,100,100074,100,99973,100,100084,100,99970,100,100090,100,99969,200,100095,100,99955,100,100099,100,99953,100,100102,100,99943,100
2019-06-28 09:32:59.778370884,100025,365,100003,265,100047,100,99984,100,100058,100,99983,100,100071,100,99978,100,100074,100,99973,100,100084,100,99970,100,100090,100,99969,200,100095,100,99955,100,100099,100,99953,100,100102,100,99943,100
2019-06-28 09:33:00.000000000,100025,365,99984,365,100047,100,99983,100,100058,100,99978,100,100071,100,99973,100,100074,100,99970,100,100084,100,99969,200,100090,100,99955,100,100095,100,99953,100,100099,100,99943,100,100102,100,99938,100
2019-06-28 09:33:05.382102162,100025,265,99984,365,100047,100,99983,100,100058,100,99978,100,100071,100,99970,100,100074,100,99969,200,100084,100,99955,100,100090,100,99953,100,100095,100,99943,100,100099,100,99938,100,100102,100,99936,100
2019-06-28 09:33:10.000000000,100047,365,99984,365,100058,100,99983,100,100071,100,99978,100,100074,100,99970,100,100084,100,99969,200,100090,100,99955,100,100095,100,99953,100,100099,100,99943,100,100102,100,99938,100,100105,100,99936,100
2019-06-28 09:33:20.000000000,100047,232,99984,232,100058,232,99983,232,100071,100,99978,100,100074,100,99970,100,100084,100,99969,200,100090,100,99955,100,100095,100,99953,100,100099,100,99943,100,100102,100,99938,100,100105,100,99936,100
2019-06-28 09:33:21.297623818,100047,232,99984,232,100058,232,99983,232,100071,100,99978,100,100074,100,99970,100,100084,100,99969,200,100090,100,99955,100,100095,100,99953,100,100099,100,99943,100,100102,100,99938,100,100105,100,99936,100
2019-06-28 09:33:30.000000000,100047,365,99984,365,100058,100,99983,100,100071,100,99978,100,100074,100,99970,100,100084,100,99969,200,100090,100,99955,100,100095,100,99953,100,100099,100,99943,100,100102,100,99938,100,100105,100,99936,100
2019-06-28 09:33:35.697199648,100047,365,99984,365,100058,100,99983,100,100071,100,99978,100,100074,100,99970,100,100084,100,99969,200,100090,100,99955,100,100095,100,99953,100,100099,100,99943,100,100102,100,99938,100,100113,100,99936,100
2019-06-28 09:33:40.000000000,100047,153,99984,153,100058,153,99983,153,100071,153,99978,153,100074,153,99970,153,100084,153,99969,253,100090,100,99955,100,100095,100,99953,100,100099,100,99943,100,100102,100,99938,100,100113,100,99936,100
2019-06-28 09:33:45.312331784,100047,153,99984,53,100058,153,99983,153,100071,153,99978,153,100074,153,99970,153,100084,153,99969,253,100090,100,99955,100,100095,100,99953,100,100099,100,99943,100,100102,100,99938,100,100113,100,99936,100
2019-06-28 09:33:50.000000000,100047,232,99983,232,100058,232,99978,232,100071,100,99970,100,100074,100,99969,200,100084,100,99955,100,100090,100,99953,100,100095,100,99943,100,100099,100,99938,100,100102,100,99936,100,100113,100,99930,200
2019-06-28 09:34:00.000000000,100047,232,99983,232,100058,232,99978,232,100071,100,99970,100,100074,100,99969,200,100084,100,99955,100,100090,100,99953,100,100095,100,99943,100,100099,100,99938,100,100102,100,99936,100,100113,100,99930,200
2019-06-28 09:34:10.000000000,100047,153,99983,153,100058,153,99978,153,100071,153,99970,153,100074,153,99969,253,100084,153,99955,153,100090,100,99953,100,100095,100,99943,100,100099,100,99938,100,100102,100,99936,100,100113,100,99930,200
2019-06-28 09:34:13.659493530,100024,100,99983,153,100047,153,99978,153,100058,153,99970,153,100071,153,99969,253,100074,153,99955,153,100084,153,99953,100,100090,100,99943,100,100095,100,99938,100,100099,100,99936,100,100102,100,99930,200
2019-06-28 09:34:14.311566646,100024,100,99983,53,100047,153,99978,153,100058,153,99970,153,100071,153,99969,253,100074,153,99955,153,100084,153,99953,100,100090,100,99943,100,100095,100,99938,100,100099,100,99936,100,100102,100,99930,200
2019-06-28 09:34:17.113688393,100024,100,99983,53,100047,153,99978,153,100058,153,99970,153,100071,153,99969,253,100074,153,99955,53,100084,153,99953,100,100090,100,99943,100,100095,100,99938,100,100099,100,99936,100,100102,100,99930,200
2019-06-28 09:34:20.000000000,100024,232,99978,232,100047,232,99970,232,100058,100,99969,200,100071,100,99953,100,100074,100,99943,100,100084,100,99938,100,100090,100,99936,100,100095,100,99930,200,100099,100,99919,100,100102,100,99914,100
2019-06-28 09:34:30.000000000,100024,232,99978,232,100047,232,99970,232,100058,100,99969,200,100071,100,99953,100,100074,100,99943,100,100084,100,99938,100,100090,100,99936,100,100095,100,99930,200,100099,100,99919,100,100102,100,99914,100
2019-06-28 09:34:40.000000000,100024,166,99978,166,100047,166,99970,166,100058,166,99969,266,100071,166,99953,166,100074,100,99943,100,100084,100,99938,100,100090,100,99936,100,100095,100,99930,200,100099,100,99919,100,100102,100,99914,100
2019-06-28 09:34:49.976888022,99984,100,99978,166,100024,166,99970,166,100047,166,99969,266,100058,166,99953,166,100071,166,99943,100,100074,100,99938,100,100084,100,99936,100,100090,100,99930,200,100095,100,99919,100,100099,100,99914,100
2019-06-28 09:34:50.000000000,99984,166,99978,166,100024,166,99970,166,100047,166,99969,266,100058,166,99953,166,100071,100,99943,100,100074,100,99938,100,100084,100,99936,100,100090,100,99930,200,100095,100,99919,100,100099,100,99914,100
2019-06-28 09:34:50.332506495,99984,166,99978,166,100024,166,99970,166,100047,166,99969,266,100058,166,99953,166,100071,100,99943,100,100074,100,99938,100,100084,100,99936,100,100090,100,99930,200,100095,100,99919,100,100099,100,99914,100
2019-06-28 09:35:00.000000000,99984,153,99978,153,100024,153,99970,153,100047,153,99969,253,100058,153,99953,153,100071,153,99943,153,100074,100,99938,100,100084,100,99936,100,100090,100,99930,200,100095,100,99919,100,100099,100,99914,100
2019-06-28 09:35:10.000000000,99984,153,99978,153,100024,153,99970,153,100047,153,99969,253,100058,153,99953,153,100071,153,99943,153,100074,100,99938,100,100084,100,99936,100,100090,100,99930,200,100095,100,99919,100,100099,100,99914,100
2019-06-28 09:35:10.373253755,99984,153,99978,53,100024,153,99970,153,100047,153,99969,253,100058,153,99953,153,100071,153,99943,153,100074,100,99938,100,100084,100,99936,100,100090,100,99930,200,100095,100,99914,100,100099,100,99894,100
2019-06-28 09:35:20.000000000,99984,166,99970,166,100024,166,99969,266,100047,166,99953,166,100058,166,99943,166,100071,100,99938,100,100074,100,99936,100,100084,100,99930,200,100090,100,99914,100,100095,100,99894,100,100099,100,99888,100
2019-06-28 09:35:30.000000000,99984,190,99970,190,100024,187,99969,287,100047,187,99953,187,100058,100,99943,100,100071,100,99938,100,100074,100,99936,100,100084,100,99930,200,100090,100,99914,100,100095,100,99894,100,100099,100,99888,100
2019-06-28 09:35:31.420541741,99984,190,99970,190,100024,187,99969,287,100047,187,99953,187,100058,100,99943,100,100071,100,99938,100,100074,100,99936,100,100084,100,99930,200,100090,200,99914,100,100095,100,99894,100,100099,100,99888,100
2019-06-28 09:35:31.809080819,99984,190,99970,190,100024,187,99969,287,100047,187,99953,187,100058,100,99943,100,100071,100,99938,100,100074,100,99936,100,100084,100,99930,200,100090,100,99914,100,100095,100,99894,100,100099,100,99888,100
2019-06-28 09:35:40.000000000,99984,166,99970,166,100024,166,99969,266,100047,166,99953,166,100058,166,99943,166,100071,100,99938,100,100074,100,99936,100,100084,100,99930,200,100090,100,99914,100,100095,100,99894,100,100099,100,99888,100
2019-06-28 09:35:45.153329720,99984,166,99970,166,100024,166,99969,266,100047,166,99953,166,100058,166,99943,166,100071,100,99938,100,100074,100,99936,100,100090,100,99930,200,100095,100,99914,100,100099,100,99894,100,100102,100,99888,100
2019-06-28 09:35:47.019369199,99984,166,99970,166,100024,166,99969,266,100047,166,99953,166,100058,166,99943,166,100071,100,99938,100,100090,100,99936,100,100095,100,99930,200,100099,100,99914,100,100102,100,99894,100,100113,100,99888,100
2019-06-28 09:35:50.000000000,99984,232,99970,232,100024,232,99969,332,100047,100,99953,100,100058,100,99943,100,100071,100,99938,100,100090,100,99936,100,100095,100,99930,200,100099,100,99914,100,100102,100,99894,100,100113,100,99888,100
2019-06-28 09:36:00.000000000,99984,365,99970,365,100024,100,99969,200,100047,100,99953,100,100058,100,99943,100,100071,100,99938,100,100090,100,99936,100,100095,100,99930,200,100099,100,99914,100,100102,100,99894,100,100113,100,99888,100
2019-06-28 09:36:06.320903637,99984,365,99970,365,100024,100,99969,200,100047,100,99953,100,100058,100,99943,100,100071,100,99938,100,100090,100,99936,100,100095,100,99930,200,100099,100,99894,100,100102,100,99888,100,100113,100,99887,100
2019-06-28 09:36:10.000000000,99984,190,99970,190,100024,187,99969,287,100047,187,99953,187,100058,100,99943,100,100071,100,99938,100,100090,100,99936,100,100095,100,99930,200,100099,100,99894,100,100102,100,99888,100,100113,100,99887,100
2019-06-28 09:36:20.000000000,99984,153,99970,153,100024,153,99969,253,100047,153,99953,153,100058,153,99943,153,100071,153,99938,153,100090,100,99936,100,100095,100,99930,200,100099,100,99894,100,100102,100,99888,100,100113,100,99887,100
2019-06-28 09:36:30.000000000,99984,232,99970,232,100024,232,99969,332,100047,100,99953,100,100058,100,99943,100,100071,100,99938,100,100090,100,99936,100,100095,100,99930,200,100099,100,99894,100,100102,100,99888,100,100113,100,99887,100
2019-06-28 09:36:40.000000000,99984,190,99970,190,100024,187,99969,287,100047,187,99953,187,100058,100,99943,100,100071,100,99938,100,100090,100,99936,100,100095,100,99930,200,100099,100,99894,100,100102,100,99888,100,100113,100,99887,100
2019-06-28 09:36:50.000000000,99984,166,99970,166,100024,166,99969,266,100047,166,99953,166,100058,166,99943,166,100071,100,99938,100,100090,100,99936,100,100095,100,99930,200,100099,100,99894,100,100102,100,99888,100,100113,100,99887,100
2019-06-28 09:37:00.000000000,99984,153,99970,153,100024,153,99969,253,100047,153,99953,153,100058,153,99943,153,100071,153,99938,153,100090,100,99936,100,100095,100,99930,200,100099,100,99894,100,100102,100,99888,100,100113,100,99887,100
2019-06-28 09:37:00.154476981,99984,153,99970,53,100024,153,99969,253,100047,153,99953,153,100058,153,99943,153,100071,153,99938,153,100090,100,99936,100,100095,100,99930,200,100099,100,99894,100,100102,100,99888,100,100113,100,99886,100
2019-06-28 09:37:03.256933093,99984,53,99970,53,100024,153,99969,253,100047,153,99953,153,100058,153,99943,153,100071,153,99938,153,100090,100,99936,100,100095,100,99930,200,100099,100,99894,100,100102,100,99888,100,100119,100,99886,100
2019-06-28 09:37:10.000000000,100024,190,99969,290,100047,187,99953,187,100058,187,99943,187,100071,100,99938,100,100090,100,99936,100,100095,100,99930,200,100099,100,99894,100,100102,100,99888,100,100119,100,99886,100,100156,100,99875,100
2019-06-28 09:37:15.176613093,100024,190,99969,290,100047,187,99953,187,100058,187,99943,187,100071,100,99938,100,100090,100,99936,100,100095,100,99930,200,100099,100,99894,100,100119,100,99888,100,100156,100,99886,100,100238,100,99875,100
2019-06-28 09:37:15.977660717,100024,190,99969,190,100047,187,99953,187,100058,187,99943,187,100071,100,99938,100,100090,100,99936,100,100095,100,99930,200,100099,100,99894,100,100119,100,99888,100,100156,100,99886,100,100238,100,99875,100
2019-06-28 09:37:20.000000000,100024,232,99969,232,100047,232,99953,232,100058,100,99943,100,100071,100,99938,100,100090,100,99936,100,100095,100,99930,200,100099,100,99894,100,100119,100,99888,100,100156,100,99886,100,100238,100,99875,100
2019-06-28 09:37:25.270787269,100024,232,99969,232,100047,232,99953,232,100058,100,99943,100,100071,100,99938,100,100090,100,99936,100,100095,100,99930,200,100099,100,99894,100,100119,100,99888,100,100156,100,99886,100,100238,100,99875,100
2019-06-28 09:37:27.614746042,100024,232,99969,232,100047,232,99953,232,100058,100,99943,100,100071,100,99938,100,100090,100,99936,100,100095,100,99930,200,100099,100,99894,100,100119,100,99888,100,100156,100,99886,100,100238,100,99875,100
2019-06-28 09:37:29.388054654,100024,232,99969,232,100047,232,99953,232,100058,100,99943,100,100071,100,99938,100,100090,100,99936,100,100095,100,99930,200,100099,100,99894,100,100119,100,99888,100,100156,100,99886,100,100238,100,99875,100
2019-06-28 09:37:30.000000000,100024,365,99969,365,100047,100,99953,100,100058,100,99943,100,100071,100,99938,100,100090,100,99936,100,100095,100,99930,200,100099,100,99894,100,100119,100,99888,100,100156,100,99886,100,100238,100,99875,100
2019-06-28 09:37:40.000000000,100024,166,99969,166,100047,166,99953,166,100058,166,99943,166,100071,166,99938,166,100090,100,99936,100,100095,100,99930,200,100099,100,99894,100,100119,100,99888,100,100156,100,99886,100,100238,100,99875,100
2019-06-28 09:37:41.235039198,100024,166,99969,166,100047,166,99953,166,100058,166,99943,66,100071,166,99938,166,100090,100,99936,100,100095,100,99930,200,100099,100,99894,100,100119,100,99888,100,100156,100,99886,100,100238,100,99875,100
2019-06-28 09:37:49.115014579,100024,166,99969,66,100047,166,99953,166,100058,166,99943,66,100071,166,99938,166,100090,100,99936,100,100095,100,99930,200,100099,100,99894,100,100119,100,99888,100,100156,100,99886,100,100238,100,99875,100
2019-06-28 09:37:50.000000000,100024,166,99953,166,100047,166,99938,166,100058,166,99936,166,100071,166,99930,266,100090,100,99894,100,100095,100,99888,100,100099,100,99886,100,100119,100,99875,100,100156,100,99873,100,100238,100,99867,100
2019-06-28 09:38:00.000000000,100024,153,99953,153,100047,153,99938,153,100058,153,99936,153,100071,153,99930,253,100090,153,99894,153,100095,100,99888,100,100099,100,99886,100,100119,100,99875,100,100156,100,99873,100,100238,100,99867,100
2019-06-28 09:38:10.000000000,100024,153,99953,153,100047,153,99938,153,100058,153,99936,153,100071,153,99930,253,100090,153,99894,153,100095,100,99888,100,100099,100,99886,100,100119,100,99875,100,100156,100,99873,100,100238,100,99867,100
2019-06-28 09:38:20.000000000,100024,365,99953,365,100047,100,99938,100,100058,100,99936,100,100071,100,99930,200,100090,100,99894,100,100095,100,99888,100,100099,100,99886,100,100119,100,99875,100,100156,100,99873,100,100238,100,99867,100
2019-06-28 09:38:28.217683776,100024,365,99953,365,100047,100,99938,100,100058,100,99936,100,100071,100,99930,200,100090,100,99894,100,100095,100,99888,100,100099,100,99886,100,100119,100,99873,100,100156,100,99867,100,100238,100,99858,100
2019-06-28 09:38:30.000000000,100024,190,99953,190,100047,187,99938,187,100058,187,99936,187,100071,100,99930,200,100090,100,99894,100,100095,100,99888,100,100099,100,99886,100,100119,100,99873,100,100156,100,99867,100,100238,100,99858,100
2019-06-28 09:38:40.000000000,100024,232,99953,232,100047,232,99938,232,100058,100,99936,100,100071,100,99930,200,100090,100,99894,100,100095,100,99888,100,100099,100,99886,100,100119,100,99873,100,100156,100,99867,100,100238,100,99858,100
2019-06-28 09:38:50.000000000,100024,153,99953,153,100047,153,99938,153,100058,153,99936,153,100071,153,99930,253,100090,153,99894,153,100095,100,99888,100,100099,100,99886,100,100119,100,99873,100,100156,100,99867,100,100238,100,99858,100
2019-06-28 09:39:00.000000000,100024,365,99953,365,100047,100,99938,100,100058,100,99936,100,100071,100,99930,200,100090,100,99894,100,100095,100,99888,100,100099,100,99886,100,100119,100,99873,100,100156,100,99867,100,100238,100,99858,100
2019-06-28 09:39:00.678166689,100024,365,99953,365,100047,100,99938,100,100058,100,99936,100,100071,100,99930,200,100090,100,99894,100,100095,100,99888,100,100099,100,99886,100,100119,100,99873,100,100156,100,99867,100,100238,100,99852,100
2019-06-28 09:39:07.585527183,100024,365,99953,365,100047,100,99938,100,100058,100,99936,100,100071,100,99930,200,100090,100,99894,100,100095,100,99888,100,100099,100,99886,100,100119,100,99873,100,100156,100,99867,100,100238,100,99852,100
2019-06-28 09:39:10.000000000,100024,365,99953,365,100047,100,99938,100,100058,100,99936,100,100071,100,99930,200,100090,100,99894,100,100095,100,99888,100,100099,100,99886,100,100119,100,99873,100,100156,100,99867,100,100238,100,99852,100
2019-06-28 09:39:10.603058860,100024,365,99953,265,100047,100,99938,100,100058,100,99936,100,100071,100,99930,200,100090,100,99894,100,100095,100,99888,100,100099,100,99886,100,100119,100,99873,100,100156,100,99867,100,100238,100,99852,100
2019-06-28 09:39:16.068900641,99969,100,99953,265,100024,365,99938,100,100047,100,99936,100,100058,100,99930,200,100071,100,99894,100,100090,100,99888,100,100095,100,99886,100,100099,100,99873,100,100119,100,99867,100,100156,100,99852,100
2019-06-28 09:39:20.000000000,99969,166,99938,166,100024,166,99936,166,100047,166,99930,266,100058,166,99894,166,100071,100,99888,100,100090,100,99886,100,100095,100,99873,100,100099,100,99867,100,100119,100,99852,100,100156,100,99838,100
2019-06-28 09:39:26.530594215,99969,166,99938,66,100024,166,99936,166,100047,166,99930,266,100058,166,99894,166,100071,100,99888,100,100090,100,99886,100,100095,100,99873,100,100099,100,99867,100,100119,100,99852,100,100156,100,99838,100
2019-06-28 09:39:30.000000000,99969,153,99936,153,100024,153,99930,253,100047,153,99894,153,100058,153,99888,153,100071,153,99886,153,100090,100,99873,100,100095,100,99867,100,100099,100,99852,100,100119,100,99838,100,100156,100,99830,100
2019-06-28 09:39:35.169209900,99969,153,99936,53,100024,153,99930,253,100047,153,99894,153,100058,153,99888,153,100071,153,99886,153,100090,100,99873,100,100095,100,99867,100,100099,100,99852,100,100119,100,99838,100,100238,100,99830,100
2019-06-28 09:39:40.000000000,99969,166,99930,266,100024,166,99894,166,100047,166,99888,166,100058,166,99886,166,100071,100,99873,100,100090,100,99867,100,100095,100,99852,100,100099,100,99838,100,100119,100,99830,100,100238,100,99822,100
2019-06-28 09:39:50.000000000,99969,232,99930,332,100024,232,99894,232,100047,100,99888,100,100058,100,99886,100,100071,100,99873,100,100090,100,99867,100,100095,100,99852,100,100099,100,99838,100,100119,100,99830,100,100238,100,99822,100
2019-06-28 09:40:00.000000000,99969,190,99930,290,100024,187,99894,187,100047,187,99888,187,100058,100,99886,100,100071,100,99873,100,100090,100,99867,100,100095,100,99852,100,100099,100,99838,100,100119,100,99830,100,100238,100,99822,100
2019-06-28 09:40:03.376425226,99969,190,99930,190,100024,187,99894,187,100047,187,99888,187,100058,100,99886,100,100071,100,99873,100,100090,100,99852,100,100095,100,99838,100,100099,100,99830,100,100119,100,99822,100,100238,100,99754,100
2019-06-28 09:40:10.000000000,99969,166,99930,166,100024,166,99894,166,100047,166,99888,166,100058,166,99886,166,100071,100,99873,100,100090,100,99852,100,100095,100,99838,100,100099,100,99830,100,100119,100,99822,100,100238,100,99754,100
2019-06-28 09:40:20.000000000,99969,166,99930,166,100024,166,99894,166,100047,166,99888,166,100058,166,99886,166,100071,100,99873,100,100090,100,99852,100,100095,100,99838,100,100099,100,99830,100,100119,100,99822,100,100238,100,99754,100
2019-06-28 09:40:30.000000000,99969,365,99930,365,100024,100,99894,100,100047,100,99888,100,100058,100,99886,100,100071,100,99873,100,100090,100,99852,100,100095,100,99838,100,100099,100,99830,100,100119,100,99822,100,100238,100,99754,100
2019-06-28 09:40:40.000000000,99969,153,99930,153,100024,153,99894,153,100047,153,99888,153,100058,153,99886,153,100071,153,99873,153,100090,100,99852,100,100095,100,99838,100,100099,100,99830,100,100119,100,99822,100,100238,100,99754,100
2019-06-28 09:40:50.000000000,99969,166,99930,166,100024,166,99894,166,100047,166,99888,166,100058,166,99886,166,100071,100,99873,100,100090,100,99852,100,100095,100,99838,100,100099,100,99830,100,100119,100,99822,100,100238,100,99754,100
2019-06-28 09:41:00.000000000,99969,153,99930,153,100024,153,99894,153,100047,153,99888,153,100058,153,99886,153,100071,153,99873,153,100090,100,99852,100,100095,100,99838,100,100099,100,99830,100,100119,100,99822,100,100238,100,99754,100
2019-06-28 09:41:10.000000000,99969,166,99930,166,100024,166,99894,166,100047,166,99888,166,100058,166,99886,166,100071,100,99873,100,100090,100,99852,100,100095,100,99838,100,100099,100,99830,100,100119,100,99822,100,100238,100,99754,100
2019-06-28 09:41:18.148519836,99938,100,99930,166,99969,166,99894,166,100024,66,99888,166,100047,166,99886,166,100058,166,99873,100,100071,100,99852,100,100090,100,99838,100,100095,100,99830,100,100099,100,99822,100,100119,100,99754,100
2019-06-28 09:41:20.000000000,99938,166,99930,166,99969,166,99894,166,100047,166,99888,166,100058,166,99886,166,100071,100,99873,100,100090,100,99852,100,100095,100,99838,100,100099,100,99830,100,100119,100,99822,100,100238,100,99754,100
2019-06-28 09:41:30.000000000,99938,232,99930,232,99969,232,99894,232,100047,100,99888,100,100058,100,99886,100,100071,100,99873,100,100090,100,99852,100,100095,100,99838,100,100099,100,99830,100,100119,100,99822,100,100238,100,99754,100
2019-06-28 09:41:40.000000000,99938,166,99930,166,99969,166,99894,166,100047,166,99888,166,100058,166,99886,166,100071,100,99873,100,100090,100,99852,100,100095,100,99838,100,100099,100,99830,100,100119,100,99822,100,100238,100,99754,100
2019-06-28 09:41:44.362585442,99938,166,99930,66,99969,166,99894,166,100047,166,99888,166,100058,166,99886,166,100071,100,99873,100,100090,100,99852,100,100095,100,99838,100,100099,100,99830,100,100119,100,99822,100,100238,100,99754,100
2019-06-28 09:41:45.335593887,99938,166,99930,66,99969,166,99894,166,100047,166,99888,166,100058,166,99886,166,100071,100,99873,100,100090,100,99852,100,100095,100,99838,100,100099,100,99830,100,100119,100,99822,100,100238,100,99761,100
2019-06-28 09:41:48.307415308,99938,166,99930,66,99969,166,99894,166,100047,166,99888,166,100058,166,99886,166,100071,100,99873,100,100090,100,99852,100,100095,100,99838,100,100099,100,99830,100,100119,100,99822,100,100238,100,99761,100
2019-06-28 09:41:50.000000000,99938,166,99894,166,99969,166,99888,166,100047,166,99886,166,100058,166,99873,166,100071,100,99852,100,100090,100,99838,100,100095,100,99830,100,100099,100,99822,100,100119,100,99761,100,100238,100,99754,100
2019-06-28 09:42:00.000000000,99938,232,99894,232,99969,232,99888,232,100047,100,99886,100,100058,100,99873,100,100071,100,99852,100,100090,100,99838,100,100095,100,99830,100,100099,100,99822,100,100119,100,99761,100,100238,100,99754,100
2019-06-28 09:42:10.000000000,99938,190,99894,190,99969,187,99888,187,100047,187,99886,187,100058,100,99873,100,100071,100,99852,100,100090,100,99838,100,100095,100,99830,100,100099,100,99822,100,100119,100,99761,100,100238,100,99754,100
2019-06-28 09:42:20.000000000,99938,190,99894,190,99969,187,99888,187,100047,187,99886,187,100058,100,99873,100,100071,100,99852,100,100090,100,99838,100,100095,100,99830,100,100099,100,99822,100,100119,100,99761,100,100238,100,99754,100
2019-06-28 09:42:30.000000000,99938,365,99894,365,99969,100,99888,100,100047,100,99886,100,100058,100,99873,100,100071,100,99852,100,100090,100,99838,100,100095,100,99830,100,100099,100,99822,100,100119,100,99761,100,100238,100,99754,100
2019-06-28 09:42:40.000000000,99938,365,99894,365,99969,100,99888,100,100047,100,99886,100,100058,100,99873,100,100071,100,99852,100,100090,100,99838,100,100095,100,99830,100,100099,100,99822,100,100119,100,99761,100,100238,100,99754,100
2019-06-28 09:42:41.806973933,99938,365,99894,265,99969,100,99888,100,100047,100,99886,100,100058,100,99873,100,100071,100,99852,100,100090,100,99830,100,100095,100,99822,100,100099,100,99761,100,100119,100,99754,100,100238,100,99462,100
2019-06-28 09:42:50.000000000,99938,166,99888,166,99969,166,99886,166,100047,166,99873,166,100058,166,99852,166,100071,100,99830,100,100090,100,99822,100,100095,100,99761,100,100099,100,99754,100,100119,100,99462,100,100238,100,99204,100
2019-06-28 09:43:00.000000000,99938,365,99888,365,99969,100,99886,100,100047,100,99873,100,100058,100,99852,100,100071,100,99830,100,100090,100,99822,100,100095,100,99761,100,100099,100,99754,100,100119,100,99462,100,100238,100,99204,100
2019-06-28 09:43:04.801911193,99938,365,99888,265,99969,100,99886,100,100047,100,99873,100,100058,100,99852,100,100071,100,99830,100,100090,100,99822,100,100095,100,99761,100,100099,100,99754,100,100119,100,99462,100,100238,100,99204,100
2019-06-28 09:43:10.000000000,99938,190,99886,190,99969,187,99873,187,100047,187,99852,187,100058,100,99830,100,100071,100,99822,100,100090,100,99761,100,100095,100,99754,100,100099,100,99462,100,100119,100,99204,100,100238,100,99114,100
2019-06-28 09:43:11.388322222,99938,190,99886,190,99969,187,99873,187,100047,187,99852,187,100058,100,99830,100,100090,100,99822,100,100095,100,99761,100,100099,100,99754,100,100119,100,99462,100,100238,100,99204,100,100292,100,99122,100
2019-06-28 09:43:15.968464836,99938,190,99886,90,99969,187,99873,187,100047,187,99852,187,100058,100,99830,100,100090,100,99822,100,100095,100,99761,100,100099,100,99754,100,100119,100,99462,100,100238,100,99204,100,100292,100,99122,100
2019-06-28 09:43:20.000000000,99938,153,99873,153,99969,153,99852,153,100047,153,99830,153,100058,153,99822,153,100090,153,99761,153,100095,100,99754,100,100099,100,99462,100,100119,100,99204,100,100238,100,99122,100,100292,100,99114,100
2019-06-28 09:43:30.000000000,99938,166,99873,166,99969,166,99852,166,100047,166,99830,166,100058,166,99822,166,100090,100,99761,100,100095,100,99754,100,100099,100,99462,100,100119,100,99204,100,100238,100,99122,100,100292,100,99114,100
2019-06-28 09:43:40.000000000,99938,365,99873,365,99969,100,99852,100,100047,100,99830,100,100058,100,99822,100,100090,100,99761,100,100095,100,99754,100,100099,100,99462,100,100119,100,99204,100,100238,100,99122,100,100292,100,99114,100
2019-06-28 09:43:50.000000000,99938,190,99873,190,99969,187,99852,187,100047,187,99830,187,100058,100,99822,100,100090,100,99761,100,100095,100,99754,100,100099,100,99462,100,100119,100,99204,100,100238,100,99122,100,100292,100,99114,100
2019-06-28 09:43:59.607660911,99938,190,99873,190,99969,187,99852,187,100047,187,99830,187,100058,100,99822,100,100090,100,99761,100,100095,100,99754,100,100099,100,99462,100,100119,100,99204,100,100238,100,99122,100,100292,100,99114,100
2019-06-28 09:44:00.000000000,99938,190,99873,190,99969,187,99852,187,100047,187,99830,187,100058,100,99822,100,100090,100,99761,100,100095,100,99754,100,100099,100,99462,100,100119,100,99204,100,100238,100,99122,100,100292,100,99114,100
2019-06-28 09:44:01.776360406,99888,100,99873,190,99938,190,99852,187,99969,187,99830,187,100047,187,99822,100,100058,100,99761,100,100090,100,99754,100,100095,100,99462,100,100099,100,99204,100,100119,100,99122,100,100238,100,99114,100
2019-06-28 09:44:10.000000000,99888,190,99873,190,99938,187,99852,187,99969,187,99830,187,100047,100,99822,100,100058,100,99761,100,100090,100,99754,100,100095,100,99462,100,100099,100,99204,100,100119,100,99122,100,100238,100,99114,100
2019-06-28 09:44:20.000000000,99888,190,99873,190,99938,187,99852,187,99969,187,99830,187,100047,100,99822,100,100058,100,99761,100,100090,100,99754,100,100095,100,99462,100,100099,100,99204,100,100119,100,99122,100,100238,100,99114,100
2019-06-28 09:44:30.000000000,99888,365,99873,365,99938,100,99852,100,99969,100,99830,100,100047,100,99822,100,100058,100,99761,100,100090,100,99754,100,100095,100,99462,100,100099,100,99204,100,100119,100,99122,100,100238,100,99114,100
2019-06-28 09:44:31.929368243,99888,365,99873,265,99938,100,99852,100,99969,100,99830,100,100047,100,99822,100,100058,100,99761,100,100090,100,99754,100,100095,100,99462,100,100099,100,99204,100,100119,100,99122,100,100238,100,99114,100
2019-06-28 09:44:40.000000000,99888,190,99852,190,99938,187,99830,187,99969,187,99822,187,100047,100,99761,100,100058,100,99754,100,100090,100,99462,100,100095,100,99204,100,100099,100,99122,100,100119,100,99114,100,100238,100,99048,100
2019-06-28 09:44:50.000000000,99888,190,99852,190,99938,187,99830,187,99969,187,99822,187,100047,100,99761,100,100058,100,99754,100,100090,100,99462,100,100095,100,99204,100,100099,100,99122,100,100119,100,99114,100,100238,100,99048,100
2019-06-28 09:45:00.000000000,99888,153,99852,153,99938,153,99830,153,99969,153,99822,153,100047,153,99761,153,100058,153,99754,153,100090,100,99462,100,100095,100,99204,100,100099,100,99122,100,100119,100,99114,100,100238,100,99048,100
2019-06-28 09:45:02.253750720,99888,153,99852,153,99938,153,99830,153,99969,153,99822,153,100047,153,99761,153,100058,153,99754,153,100090,100,99462,100,100095,100,99204,100,100099,100,99122,100,100119,100,99114,100,100238,100,99048,100
2019-06-28 09:45:10.000000000,99888,166,99852,166,99938,166,99830,166,99969,166,99822,166,100047,166,99761,166,100058,100,99754,100,100090,100,99462,100,100095,100,99204,100,100099,100,99122,100,100119,100,99114,100,100238,100,99048,100
2019-06-28 09:45:20.000000000,99888,365,99852,365,99938,100,99830,100,99969,100,99822,100,100047,100,99761,100,100058,100,99754,100,100090,100,99462,100,100095,100,99204,100,100099,100,99122,100,100119,100,99114,100,100238,100,99048,100
2019-06-28 09:45:28.580251502,99886,100,99852,365,99888,365,99830,100,99938,100,99822,100,99969,100,99761,100,100047,100,99754,100,100058,100,99462,100,100090,100,99204,100,100095,100,99122,100,100099,100,99114,100,100119,100,99048,100
2019-06-28 09:45:30.000000000,99886,365,99852,365,99888,100,99830,100,99938,100,99822,100,99969,100,99761,100,100047,100,99754,100,100058,100,99462,100,100090,100,99204,100,100095,100,99122,100,100099,100,99114,100,100119,100,99048,100
2019-06-28 09:45:35.957678205,99886,365,99852,265,99888,100,99830,100,99938,100,99822,100,99969,100,99761,100,100047,100,99754,100,100058,100,99462,100,100090,100,99204,100,100095,100,99122,100,100099,100,99114,100,100119,100,99048,100
2019-06-28 09:45:40.000000000,99886,190,99830,190,99888,187,99822,187,99938,187,99761,187,99969,100,99754,100,100047,100,99462,100,100058,100,99204,100,100090,100,99122,100,100095,100,99114,100,100099,100,99048,100,100119,100,99047,100
2019-06-28 09:45:41.144784163,99873,100,99830,190,99886,190,99822,187,99888,187,99761,187,99938,187,99754,100,99969,100,99462,100,100047,100,99204,100,100058,100,99122,100,100090,100,99114,100,100095,100,99048,100,100099,100,99047,100
2019-06-28 09:45:47.633555444,99873,100,99830,190,99886,190,99822,187,99888,187,99761,187,99938,187,99754,100,99969,100,99462,100,100047,100,99204,100,100058,100,99114,100,100090,100,99048,100,100095,100,99047,100,100099,100,99036,100
2019-06-28 09:45:50.000000000,99873,153,99830,153,99886,153,99822,153,99888,153,99761,153,99938,153,99754,153,99969,153,99462,153,100047,100,99204,100,100058,100,99114,100,100090,100,99048,100,100095,100,99047,100,100099,100,99036,100
2019-06-28 09:46:00.000000000,99873,153,99830,153,99886,153,99822,153,99888,153,99761,153,99938,153,99754,153,99969,153,99462,153,100047,100,99204,100,100058,100,99114,100,100090,100,99048,100,100095,100,99047,100,100099,100,99036,100
2019-06-28 09:46:10.000000000,99873,365,99830,365,99886,100,99822,100,99888,100,99761,100,99938,100,99754,100,99969,100,99462,100,100047,100,99204,100,100058,100,99114,100,100090,100,99048,100,100095,100,99047,100,100099,100,99036,100
2019-06-28 09:46:17.609038178,99873,365,99830,365,99886,100,99822,100,99888,100,99761,100,99938,100,99754,100,99969,100,99462,100,100047,100,99204,100,100058,100,99114,100,100090,100,99048,100,100095,100,99047,100,100099,100,99036,100
2019-06-28 09:46:20.000000000,99873,365,99830,365,99886,100,99822,100,99888,100,99761,100,99938,100,99754,100,99969,100,99462,100,100047,100,99204,100,100058,100,99114,100,100090,100,99048,100,100095,100,99047,100,100099,100,99036,100
2019-06-28 09:46:29.105671562,99873,465,99830,365,99886,100,99822,100,99888,100,99761,100,99938,100,99754,100,99969,100,99462,100,100047,100,99204,100,100058,100,99114,100,100090,100,99048,100,100095,100,99047,100,100099,100,99036,100
2019-06-28 09:46:30.000000000,99873,253,99830,153,99886,153,99822,153,99888,153,99761,153,99938,153,99754,153,99969,153,99462,153,100047,100,99204,100,100058,100,99114,100,100090,100,99048,100,100095,100,99047,100,100099,100,99036,100
2019-06-28 09:46:40.000000000,99873,332,99830,232,99886,232,99822,232,99888,100,99761,100,99938,100,99754,100,99969,100,99462,100,100047,100,99204,100,100058,100,99114,100,100090,100,99048,100,100095,100,99047,100,100099,100,99036,100
2019-06-28 09:46:50.000000000,99873,465,99830,365,99886,100,99822,100,99888,100,99761,100,99938,100,99754,100,99969,100,99462,100,100047,100,99204,100,100058,100,99114,100,100090,100,99048,100,100095,100,99047,100,100099,100,99036,100
2019-06-28 09:47:00.000000000,99873,465,99830,365,99886,100,99822,100,99888,100,99761,100,99938,100,99754,100,99969,100,99462,100,100047,100,99204,100,100058,100,99114,100,100090,100,99048,100,100095,100,99047,100,100099,100,99036,100
2019-06-28 09:47:04.920120765,99873,465,99830,265,99886,100,99822,100,99888,100,99761,100,99938,100,99754,100,99969,100,99462,100,100047,100,99204,100,100058,100,99114,100,100090,100,99048,100,100095,100,99047,100,100099,100,99036,100
2019-06-28 09:47:09.978437289,99852,100,99830,265,99873,465,99822,100,99886,100,99761,100,99888,100,99754,100,99938,100,99462,100,99969,100,99204,100,100047,100,99114,100,100058,100,99048,100,100090,100,99047,100,100095,100,99036,100
2019-06-28 09:47:10.000000000,99852,153,99822,153,99873,253,99761,153,99886,153,99754,153,99888,153,99462,153,99938,153,99204,153,99969,100,99114,100,100047,100,99048,100,100058,100,99047,100,100090,100,99036,100,100095,100,99024,100
2019-06-28 09:47:15.428381655,99852,153,99822,153,99873,253,99761,153,99886,153,99754,153,99888,153,99462,153,99938,153,99204,153,99969,100,99114,100,100047,100,99048,100,100058,100,99047,100,100090,100,99036,100,100095,100,99024,100
2019-06-28 09:47:17.654624482,99852,153,99822,53,99873,253,99761,153,99886,153,99754,153,99888,153,99462,153,99938,153,99204,153,99969,100,99114,100,100047,100,99048,100,100058,100,99047,100,100090,100,99036,100,100095,100,99024,100
2019-06-28 09:47:20.000000000,99852,153,99761,153,99873,253,99754,153,99886,153,99462,153,99888,153,99204,153,99938,153,99114,153,99969,100,99048,100,100047,100,99047,100,100058,100,99036,100,100090,100,99024,100,100095,100,99011,100
2019-06-28 09:47:22.669249367,99761,47,99754,153,99852,153,99462,153,99873,253,99204,153,99886,153,99114,153,99888,153,99048,100,99938,153,99047,100,99969,100,99036,100,100047,100,99024,100,100058,100,99011,100,100090,100,98704,100
2019-06-28 09:47:30.000000000,99761,100,99754,153,99852,153,99462,153,99873,253,99204,153,99886,153,99114,153,99888,153,99048,153,99938,100,99047,100,99969,100,99036,100,100047,100,99024,100,100058,100,99011,100,100090,100,98704,100
2019-06-28 09:47:40.000000000,99761,312,99754,365,99852,100,99462,100,99873,200,99204,100,99886,100,99114,100,99888,100,99048,100,99938,100,99047,100,99969,100,99036,100,100047,100,99024,100,100058,100,99011,100,100090,100,98704,100
2019-06-28 09:47:45.987024025,99761,312,99754,265,99852,100,99462,100,99873,200,99204,100,99886,100,99114,100,99888,100,99048,100,99938,100,99047,100,99969,100,99036,100,100047,100,99024,100,100090,100,99011,100,100095,100,98704,100
2019-06-28 09:47:50.000000000,99761,179,99462,232,99852,232,99204,232,99873,200,99114,100,99886,100,99048,100,99888,100,99047,100,99938,100,99036,100,99969,100,99024,100,100047,100,99011,100,100090,100,98704,100,100095,100,98695,100
2019-06-28 09:47:51.717639297,99761,179,99462,132,99852,232,99204,232,99873,200,99114,100,99886,100,99048,100,99888,100,99047,100,99938,100,99036,100,99969,100,99024,100,100047,100,99011,100,100090,100,98704,100,100095,100,98695,100
2019-06-28 09:48:00.000000000,99761,312,99204,365,99852,100,99114,100,99873,200,99048,100,99886,100,99047,100,99888,100,99036,100,99938,100,99024,100,99969,100,99011,100,100047,100,98704,100,100090,100,98695,100,100095,100,97924,100
2019-06-28 09:48:00.575459780,99754,100,99204,365,99761,312,99114,100,99852,100,99048,100,99873,200,99047,100,99886,100,99036,100,99888,100,99024,100,99938,100,99011,100,99969,100,98704,100,100047,100,98695,100,100090,100,97924,100
2019-06-28 09:48:10.000000000,99754,232,99204,232,99761,179,99114,232,99852,100,99048,100,99873,200,99047,100,99886,100,99036,100,99888,100,99024,100,99938,100,99011,100,99969,100,98704,100,100047,100,98695,100,100090,100,97924,100
2019-06-28 09:48:16.308516102,99754,232,99204,232,99761,179,99114,232,99852,100,99048,100,99873,200,99047,100,99886,100,99036,100,99888,100,99024,100,99938,100,99011,100,99969,100,98704,100,100047,100,98695,100,100090,100,98113,100
2019-06-28 09:48:20.000000000,99754,166,99204,166,99761,113,99114,166,99852,166,99048,166,99873,266,99047,166,99886,100,99036,100,99888,100,99024,100,99938,100,99011,100,99969,100,98704,100,100047,100,98695,100,100090,100,98113,100
2019-06-28 09:48:30.000000000,99754,153,99204,153,99761,100,99114,153,99852,153,99048,153,99873,253,99047,153,99886,153,99036,153,99888,100,99024,100,99938,100,99011,100,99969,100,98704,100,100047,100,98695,100,100090,100,98113,100
2019-06-28 09:48:35.448793397,99754,153,99204,53,99761,100,99114,153,99852,153,99048,153,99873,253,99047,153,99886,153,99036,153,99888,100,99024,100,99938,100,99011,100,99969,100,98704,100,100047,100,98695,100,100090,100,98113,100
2019-06-28 09:48:40.000000000,99754,190,99114,190,99761,134,99048,187,99852,187,99047,187,99873,200,99036,100,99886,100,99024,100,99888,100,99011,100,99938,100,98704,100,99969,100,98695,100,100047,100,98113,100,100090,100,97924,100
2019-06-28 09:48:41.702577129,99754,190,99114,90,99761,134,99048,187,99852,187,99047,87,99873,200,99036,100,99886,100,99024,100,99888,100,99011,100,99938,100,98704,100,99969,100,98695,100,100047,100,98113,100,100090,100,97924,100
2019-06-28 09:48:41.947355491,99114,10,99048,187,99754,190,99047,87,99761,134,99036,100,99852,187,99024,100,99873,200,99011,100,99886,100,98704,100,99888,100,98695,100,99938,100,98113,100,99969,100,97924,100,100047,100,97746,100
2019-06-28 09:48:50.000000000,99114,275,99048,365,99754,100,99036,100,99761,47,99024,100,99852,100,99011,100,99873,200,98704,100,99886,100,98695,100,99888,100,98113,100,99938,100,97924,100,99969,100,97746,100,100047,100,,
2019-06-28 09:48:55.512181886,99114,275,99048,265,99754,100,99036,100,99761,47,99011,100,99852,100,98704,100,99873,200,98695,100,99886,100,98113,100,99888,100,97924,100,99938,100,97746,100,99969,100,,,100047,100,,
2019-06-28 09:49:00.000000000,99114,142,99036,232,99754,232,99011,232,99761,47,98704,100,99852,100,98695,100,99873,200,98113,100,99886,100,97924,100,99888,100,97746,100,99938,100,,,99969,100,,,100047,100,,
2019-06-28 09:49:10.000000000,99114,76,99036,166,99754,166,99011,166,99761,113,98704,166,99852,166,98695,166,99873,200,98113,100,99886,100,97924,100,99888,100,97746,100,99938,100,,,99969,100,,,100047,100,,
2019-06-28 09:49:14.451277725,99114,76,99036,66,99754,166,99011,166,99761,113,98704,166,99852,166,98695,166,99873,200,98113,100,99886,100,97924,100,99888,100,97746,100,99938,100,,,99969,100,,,100047,100,,
2019-06-28 09:49:17.451360040,99114,76,99036,66,99754,166,99011,166,99761,113,98704,166,99852,166,98695,166,99873,200,98113,100,99886,100,97935,100,99888,100,97924,100,99938,100,97746,100,99969,100,,,100047,100,,
2019-06-28 09:49:20.000000000,99114,100,99011,190,99754,187,98704,187,99761,134,98695,187,99852,100,98113,100,99873,200,97935,100,99886,100,97924,100,99888,100,97746,100,99938,100,,,99969,100,,,100047,100,,
2019-06-28 09:49:30.000000000,99114,63,99011,153,99754,153,98704,153,99761,100,98695,153,99852,153,98113,153,99873,253,97935,153,99886,100,97924,100,99888,100,97746,100,99938,100,,,99969,100,,,100047,100,,
2019-06-28 09:49:33.557407053,99114,63,99011,53,99754,153,98704,153,99761,100,98695,153,99852,153,98113,153,99873,253,97935,153,99886,100,97924,100,99888,100,97746,100,99938,100,,,99969,100,,,100047,100,,
2019-06-28 09:49:40.000000000,99114,100,98704,190,99754,187,98695,187,99761,134,98113,187,99852,100,97935,100,99873,200,97924,100,99886,100,97746,100,99888,100,,,99938,100,,,99969,100,,,100047,100,,
2019-06-28 09:49:40.437158564,99114,100,98704,90,99754,187,98695,187,99761,134,98113,187,99852,100,97935,100,99873,200,97924,100,99886,100,97746,100,99888,100,,,99938,100,,,99969,100,,,100047,100,,
2019-06-28 09:49:40.769645146,99114,100,98704,90,99754,187,98695,187,99761,134,98310,100,99852,100,98113,187,99873,200,97935,100,99886,100,97924,100,99888,100,97746,100,99938,100,,,99969,100,,,100047,100,,
2019-06-28 09:49:50.000000000,99114,100,98695,190,99754,187,98310,187,99761,134,98113,187,99852,100,97935,100,99873,200,97924,100,99886,100,97746,100,99888,100,,,99938,100,,,99969,100,,,100047,100,,
2019-06-28 09:49:56.714580817,99011,100,98695,190,99114,100,98310,187,99754,187,98113,187,99761,134,97935,100,99852,100,97924,100,99873,200,97746,100,99886,100,,,99888,100,,,99938,100,,,99969,100,,
2019-06-28 09:49:58.969867594,98723,100,98695,190,99011,100,98310,187,99114,100,98113,187,99754,187,97935,100,99761,134,97924,100,99852,100,97746,100,99873,200,,,99886,100,,,99888,100,,,99938,100,,
2019-06-28 09:50:00.000000000,98723,166,98695,166,99011,166,98310,166,99114,76,98113,166,99754,166,97935,166,99761,47,97924,100,99852,100,97746,100,99873,200,,,99886,100,,,99888,100,,,99938,100,,
2019-06-28 09:50:05.783652943,98723,166,98695,166,99011,266,98310,166,99114,76,98113,166,99754,166,97935,166,99761,47,97924,100,99852,100,97746,100,99873,200,,,99886,100,,,99888,100,,,99938,100,,
2019-06-28 09:50:09.808502838,98723,166,98705,100,99011,266,98695,166,99114,76,98310,166,99754,166,98113,166,99761,47,97935,166,99873,200,97924,100,99886,100,97746,100,99888,100,,,99938,100,,,99969,100,,
2019-06-28 09:50:10.000000000,98723,166,98705,166,99011,266,98695,166,99114,76,98310,166,99754,166,98113,166,99761,47,97935,100,99873,200,97924,100,99886,100,97746,100,99888,100,,,99938,100,,,99969,100,,
2019-06-28 09:50:11.945219411,98723,66,98705,166,99011,266,98695,166,99114,76,98310,166,99754,166,98113,166,99761,47,97935,100,99873,200,97924,100,99886,100,97746,100,99888,100,,,99938,100,,,99969,100,,
2019-06-28 09:50:15.290985021,98723,66,98705,166,99011,266,98695,166,99114,76,98310,166,99213,100,98113,166,99754,166,97935,100,99761,47,97924,100,99873,200,97746,100,99886,100,,,99888,100,,,99938,100,,
2019-06-28 09:50:16.632021757,98723,66,98706,100,99011,266,98705,166,99114,76,98695,166,99213,100,98310,166,99754,166,98113,166,99761,47,97935,100,99873,200,97924,100,99886,100,97746,100,99888,100,,,99938,100,,
2019-06-28 09:50:20.000000000,99011,266,98706,166,99114,76,98705,166,99213,166,98695,166,99754,166,98310,166,99761,47,98113,100,99873,200,97935,100,99886,100,97924,100,99888,100,97746,100,99938,100,,,99969,100,,
2019-06-28 09:50:22.442553139,99011,266,98706,266,99114,76,98705,166,99213,166,98695,166,99754,166,98310,166,99761,47,98113,100,99873,200,97935,100,99886,100,97924,100,99888,100,97746,100,99969,100,,,100047,100,,
2019-06-28 09:50:30.000000000,99011,290,98706,290,99114,97,98705,187,99213,187,98695,187,99754,100,98310,100,99761,47,98113,100,99873,200,97935,100,99886,100,97924,100,99888,100,97746,100,99969,100,,,100047,100,,
2019-06-28 09:50:40.000000000,99011,332,98706,332,99114,142,98705,232,99213,100,98695,100,99754,100,98310,100,99761,47,98113,100,99873,200,97935,100,99886,100,97924,100,99888,100,97746,100,99969,100,,,100047,100,,
2019-06-28 09:50:50.000000000,99011,290,98706,290,99114,97,98705,187,99213,187,98695,187,99754,100,98310,100,99761,47,98113,100,99873,200,97935,100,99886,100,97924,100,99888,100,97746,100,99969,100,,,100047,100,,
2019-06-28 09:50:58.428205478,99011,190,98706,290,99114,97,98705,187,99213,187,98695,187,99754,100,98310,100,99761,47,98113,100,99873,200,97935,100,99886,100,97924,100,99888,100,97746,100,99969,100,,,100047,100,,
2019-06-28 09:51:00.000000000,99011,190,98706,290,99114,97,98705,187,99213,187,98695,187,99754,100,98310,100,99761,47,98113,100,99873,200,97935,100,99886,100,97924,100,99888,100,97746,100,99969,100,,,100047,100,,
2019-06-28 09:51:02.541008571,99011,190,98706,290,99114,97,98705,187,99213,187,98695,187,99571,100,98310,100,99754,100,98113,100,99761,47,97935,100,99873,200,97924,100,99886,100,97746,100,99888,100,,,99969,100,,
2019-06-28 09:51:09.624222676,99011,190,98706,290,99114,97,98705,187,99213,187,98695,187,99301,100,98310,100,99571,100,98113,100,99754,100,97935,100,99761,47,97924,100,99873,200,97746,100,99886,100,,,99888,100,,
2019-06-28 09:51:10.000000000,99011,153,98706,253,99114,63,98705,153,99213,153,98695,153,99301,153,98310,153,99571,153,98113,153,99754,100,97935,100,99761,47,97924,100,99873,200,97746,100,99886,100,,,99888,100,,
2019-06-28 09:51:13.287785518,99011,153,98706,253,99114,63,98705,153,99213,153,98695,153,99230,100,98310,153,99301,153,98113,153,99571,153,97935,100,99754,100,97924,100,99761,47,97746,100,99873,200,,,99886,100,,
2019-06-28 09:51:20.000000000,99011,153,98706,253,99114,63,98705,153,99213,153,98695,153,99230,153,98310,153,99301,153,98113,153,99571,100,97935,100,99754,100,97924,100,99761,47,97746,100,99873,200,,,99886,100,,
2019-06-28 09:51:25.073415210,99011,53,98706,253,99114,63,98705,153,99213,153,98695,153,99230,153,98310,153,99301,153,98113,153,99571,100,97935,100,99754,100,97924,100,99761,47,97746,100,99873,200,,,99886,100,,
2019-06-28 09:51:30.000000000,99114,275,98706,465,99213,100,98705,100,99230,100,98695,100,99301,100,98310,100,99571,100,98113,100,99754,100,97935,100,99761,47,97924,100,99873,200,97746,100,99886,100,,,99888,100,,
2019-06-28 09:51:40.000000000,99114,63,98706,253,99213,153,98705,153,99230,153,98695,153,99301,153,98310,153,99571,153,98113,153,99754,100,97935,100,99761,47,97924,100,99873,200,97746,100,99886,100,,,99888,100,,
2019-06-28 09:51:50.000000000,99114,100,98706,290,99213,187,98705,187,99230,187,98695,187,99301,100,98310,100,99571,100,98113,100,99754,100,97935,100,99761,47,97924,100,99873,200,97746,100,99886,100,,,99888,100,,
2019-06-28 09:51:53.068510995,99213,187,98706,290,99230,187,98705,187,99301,100,98695,187,99571,100,98310,100,99754,100,98113,100,99761,47,97935,100,99873,200,97924,100,99886,100,97746,100,99888,100,,,99969,100,,
2019-06-28 09:51:53.979509876,99213,187,98706,290,99230,187,98705,187,99301,100,98695,187,99571,100,98310,100,99754,100,98113,100,99761,47,97935,100,99873,200,97924,100,99886,100,97746,100,99888,100,,,99896,100,,
2019-06-28 09:51:56.010300651,99213,187,98706,290,99230,187,98705,187,99301,100,98695,187,99571,100,98310,100,99754,100,98113,100,99761,47,97935,100,99856,100,97924,100,99873,200,97746,100,99886,100,,,99888,100,,
2019-06-28 09:52:00.000000000,99213,365,98706,465,99230,100,98705,100,99301,100,98695,100,99571,100,98310,100,99754,100,98113,100,99761,47,97935,100,99856,100,97924,100,99873,200,97746,100,99886,100,,,99888,100,,
2019-06-28 09:52:04.942063289,99213,365,98706,465,99230,100,98705,100,99301,100,98695,100,99571,100,98310,100,99754,100,98113,100,99761,47,97935,100,99799,100,97924,100,99856,100,97746,100,99873,200,,,99886,100,,
2019-06-28 09:52:10.000000000,99213,153,98706,253,99230,153,98705,153,99301,153,98695,153,99571,153,98310,153,99754,153,98113,153,99761,47,97935,100,99799,100,97924,100,99856,100,97746,100,99873,200,,,99886,100,,
2019-06-28 09:52:20.000000000,99213,166,98706,266,99230,166,98705,166,99301,166,98695,166,99571,166,98310,166,99754,100,98113,100,99761,47,97935,100,99799,100,97924,100,99856,100,97746,100,99873,200,,,99886,100,,
2019-06-28 09:52:23.712946037,99213,66,98706,266,99230,166,98705,166,99301,166,98695,166,99571,166,98310,166,99754,100,98113,100,99761,47,97935,100,99799,100,97924,100,99856,100,97746,100,99873,200,,,99886,100,,
2019-06-28 09:52:27.523074334,99213,66,98706,266,99230,166,98705,166,99301,166,98695,166,99571,166,98310,66,99754,100,98113,100,99761,47,97935,100,99799,100,97924,100,99856,100,97746,100,99862,100,,,99873,200,,
2019-06-28 09:52:30.000000000,99230,166,98706,266,99301,166,98705,166,99571,166,98695,166,99754,166,98113,166,99761,47,97935,100,99799,100,97924,100,99856,100,97746,100,99862,100,,,99873,200,,,99886,100,,
2019-06-28 09:52:38.847487833,99230,166,99114,100,99301,166,98706,266,99571,166,98705,166,99754,166,98695,166,99761,47,98113,166,99799,100,97935,100,99856,100,97924,100,99862,100,97746,100,99873,200,,,99886,100,,
2019-06-28 09:52:40.000000000,99230,166,99114,166,99301,166,98706,266,99571,166,98705,166,99754,166,98695,166,99761,47,98113,100,99799,100,97935,100,99856,100,97924,100,99862,100,97746,100,99873,200,,,99886,100,,
2019-06-28 09:52:49.197909643,99230,166,99114,266,99301,166,98706,266,99571,166,98705,166,99754,166,98695,166,99761,47,98113,100,99799,100,97935,100,99856,100,97924,100,99862,100,97746,100,99873,200,,,99886,100,,
2019-06-28 09:52:50.000000000,99230,153,99114,253,99301,153,98706,253,99571,153,98705,153,99754,153,98695,153,99761,100,98113,153,99799,100,97935,100,99856,100,97924,100,99862,100,97746,100,99873,200,,,99886,100,,
2019-06-28 09:53:00.000000000,99230,190,99114,290,99301,187,98706,287,99571,187,98705,187,99754,100,98695,100,99761,47,98113,100,99799,100,97935,100,99856,100,97924,100,99862,100,97746,100,99873,200,,,99886,100,,
2019-06-28 09:53:10.000000000,99230,153,99114,253,99301,153,98706,253,99571,153,98705,153,99754,153,98695,153,99761,100,98113,153,99799,100,97935,100,99856,100,97924,100,99862,100,97746,100,99873,200,,,99886,100,,
2019-06-28 09:53:20.000000000,99230,166,99114,266,99301,166,98706,266,99571,166,98705,166,99754,166,98695,166,99761,47,98113,100,99799,100,97935,100,99856,100,97924,100,99862,100,97746,100,99873,200,,,99886,100,,
2019-06-28 09:53:30.000000000,99230,166,99114,266,99301,166,98706,266,99571,166,98705,166,99754,166,98695,166,99761,47,98113,100,99799,100,97935,100,99856,100,97924,100,99862,100,97746,100,99873,200,,,99886,100,,
2019-06-28 09:53:40.000000000,99230,190,99114,290,99301,187,98706,287,99571,187,98705,187,99754,100,98695,100,99761,47,98113,100,99799,100,97935,100,99856,100,97924,100,99862,100,97746,100,99873,200,,,99886,100,,
2019-06-28 09:53:50.000000000,99230,166,99114,266,99301,166,98706,266,99571,166,98705,166,99754,166,98695,166,99761,47,98113,100,99799,100,97935,100,99856,100,97924,100,99862,100,97746,100,99873,200,,,99886,100,,
2019-06-28 09:53:52.229739940,99230,166,99114,266,99301,166,98963,100,99571,166,98706,266,99754,166,98705,166,99761,47,98695,166,99799,100,98113,100,99862,100,97935,100,99873,200,97924,100,99886,100,97746,100,99896,100,,
2019-06-28 09:53:54.472010236,99212,100,99114,266,99230,166,98963,100,99301,166,98706,266,99571,166,98705,166,99754,166,98695,166,99761,47,98113,100,99799,100,97935,100,99862,100,97924,100,99873,200,97746,100,99886,100,,
2019-06-28 09:54:00.000000000,99212,153,99114,253,99230,153,98963,153,99301,153,98706,253,99571,153,98705,153,99754,153,98695,153,99761,47,98113,100,99799,100,97935,100,99862,100,97924,100,99873,200,97746,100,99886,100,,
2019-06-28 09:54:10.000000000,99212,232,99114,332,99230,232,98963,232,99301,100,98706,200,99571,100,98705,100,99754,100,98695,100,99761,47,98113,100,99799,100,97935,100,99862,100,97924,100,99873,200,97746,100,99886,100,,
2019-06-28 09:54:11.792394598,99212,232,99114,332,99230,232,98963,232,99301,100,98706,200,99571,100,98705,100,99718,100,98695,100,99754,100,98113,100,99761,47,97935,100,99799,100,97924,100,99862,100,97746,100,99873,200,,
2019-06-28 09:54:20.000000000,99212,232,99114,332,99230,232,98963,232,99301,100,98706,200,99571,100,98705,100,99718,100,98695,100,99754,100,98113,100,99761,47,97935,100,99799,100,97924,100,99862,100,97746,100,99873,200,,
2019-06-28 09:54:21.784330597,99212,132,99114,332,99230,232,98963,232,99301,100,98706,200,99571,100,98705,100,99718,100,98695,100,99754,100,98113,100,99761,47,97935,100,99799,100,97924,100,99862,100,97746,100,99873,200,,
2019-06-28 09:54:30.000000000,99230,190,99114,290,99301,187,98963,187,99571,187,98706,287,99718,100,98705,100,99754,100,98695,100,99761,47,98113,100,99799,100,97935,100,99862,100,97924,100,99873,200,97746,100,99886,100,,
2019-06-28 09:54:34.227716042,99230,190,99114,290,99301,187,98963,187,99571,187,98706,287,99606,100,98705,100,99718,100,98695,100,99754,100,98113,100,99761,47,97935,100,99799,100,97924,100,99862,100,,,99873,200,,
2019-06-28 09:54:40.000000000,99230,190,99114,290,99301,187,98963,187,99571,187,98706,287,99606,100,98705,100,99718,100,98695,100,99754,100,98113,100,99761,47,97935,100,99799,100,97924,100,99862,100,,,99873,200,,
2019-06-28 09:54:50.000000000,99230,166,99114,266,99301,166,98963,166,99571,166,98706,266,99606,166,98705,166,99718,100,98695,100,99754,100,98113,100,99761,47,97935,100,99799,100,97924,100,99862,100,,,99873,200,,
2019-06-28 09:55:00.000000000,99230,232,99114,332,99301,232,98963,232,99571,100,98706,200,99606,100,98705,100,99718,100,98695,100,99754,100,98113,100,99761,47,97935,100,99799,100,97924,100,99862,100,,,99873,200,,
2019-06-28 09:55:00.302302794,99230,232,99114,332,99301,232,98963,232,99571,100,98706,200,99606,100,98705,100,99661,100,98695,100,99718,100,98113,100,99754,100,97935,100,99761,47,97924,100,99799,100,,,99862,100,,
2019-06-28 09:55:10.000000000,99230,232,99114,332,99301,232,98963,232,99571,100,98706,200,99606,100,98705,100,99661,100,98695,100,99718,100,98113,100,99754,100,97935,100,99761,47,97924,100,99799,100,,,99862,100,,
2019-06-28 09:55:20.000000000,99230,232,99114,332,99301,232,98963,232,99571,100,98706,200,99606,100,98705,100,99661,100,98695,100,99718,100,98113,100,99754,100,97935,100,99761,47,97924,100,99799,100,,,99862,100,,
2019-06-28 09:55:30.000000000,99230,190,99114,290,99301,187,98963,187,99571,187,98706,287,99606,100,98705,100,99661,100,98695,100,99718,100,98113,100,99754,100,97935,100,99761,47,97924,100,99799,100,,,99862,100,,
2019-06-28 09:55:38.327817992,99230,190,99114,290,99301,187,98963,187,99571,187,98706,287,99606,100,98705,100,99661,100,98695,100,99701,100,98113,100,99718,100,97935,100,99754,100,97924,100,99761,47,,,99799,100,,
2019-06-28 09:55:40.000000000,99230,365,99114,465,99301,100,98963,100,99571,100,98706,200,99606,100,98705,100,99661,100,98695,100,99701,100,98113,100,99718,100,97935,100,99754,100,97924,100,99761,47,,,99799,100,,
2019-06-28 09:55:50.000000000,99230,166,99114,266,99301,166,98963,166,99571,166,98706,266,99606,166,98705,166,99661,100,98695,100,99701,100,98113,100,99718,100,97935,100,99754,100,97924,100,99761,47,,,99799,100,,
2019-06-28 09:56:00.000000000,99230,232,99114,332,99301,232,98963,232,99571,100,98706,200,99606,100,98705,100,99661,100,98695,100,99701,100,98113,100,99718,100,97935,100,99754,100,97924,100,99761,47,,,99799,100,,
2019-06-28 09:56:08.162572097,99230,232,99114,332,99301,232,98963,232,99571,100,98706,200,99606,100,98705,100,99661,100,98695,100,99701,100,98113,100,99754,100,97935,100,99761,47,97924,100,99799,100,,,99862,100,,
2019-06-28 09:56:10.000000000,99230,166,99114,266,99301,166,98963,166,99571,166,98706,266,99606,166,98705,166,99661,100,98695,100,99701,100,98113,100,99754,100,97935,100,99761,47,97924,100,99799,100,,,99862,100,,
2019-06-28 09:56:20.000000000,99230,365,99114,465,99301,100,98963,100,99571,100,98706,200,99606,100,98705,100,99661,100,98695,100,99701,100,98113,100,99754,100,97935,100,99761,47,97924,100,99799,100,,,99862,100,,
2019-06-28 09:56:30.000000000,99230,190,99114,290,99301,187,98963,187,99571,187,98706,287,99606,100,98705,100,99661,100,98695,100,99701,100,98113,100,99754,100,97935,100,99761,47,97924,100,99799,100,,,99862,100,,
2019-06-28 09:56:36.803534179,99230,190,99114,290,99301,187,98963,187,99571,187,98706,287,99606,100,98705,100,99661,100,98695,100,99701,100,98113,100,99754,100,97935,100,99761,47,97924,100,99799,100,,,99862,100,,
2019-06-28 09:56:40.000000000,99230,365,99114,465,99301,100,98963,100,99571,100,98706,200,99606,100,98705,100,99661,100,98695,100,99701,100,98113,100,99754,100,97935,100,99761,47,97924,100,99799,100,,,99862,100,,
2019-06-28 09:56:46.690804341,99230,365,99114,465,99301,100,98963,100,99571,100,98706,200,99606,100,98705,100,99630,100,98695,100,99661,100,98113,100,99701,100,97935,100,99754,100,97924,100,99761,47,,,99799,100,,
2019-06-28 09:56:50.000000000,99230,365,99114,465,99301,100,98963,100,99571,100,98706,200,99606,100,98705,100,99630,100,98695,100,99661,100,98113,100,99701,100,97935,100,99754,100,97924,100,99761,47,,,99799,100,,
2019-06-28 09:57:00.000000000,99230,166,99114,266,99301,166,98963,166,99571,166,98706,266,99606,166,98705,166,99630,100,98695,100,99661,100,98113,100,99701,100,97935,100,99754,100,97924,100,99761,47,,,99799,100,,
2019-06-28 09:57:02.117292796,99230,166,99114,266,99301,166,98963,166,99571,166,98706,266,99606,166,98705,166,99630,100,98695,100,99637,100,98113,100,99661,100,97935,100,99701,100,97924,100,99754,100,,,99761,47,,
2019-06-28 09:57:10.000000000,99230,190,99114,290,99301,187,98963,187,99571,187,98706,287,99606,100,98705,100,99630,100,98695,100,99637,100,98113,100,99661,100,97935,100,99701,100,97924,100,99754,100,,,99761,47,,
2019-06-28 09:57:15.460417111,99230,190,99114,190,99301,187,98963,187,99571,187,98706,287,99606,100,98705,100,99630,100,98695,100,99637,100,98113,100,99661,100,97935,100,99701,100,97924,100,99754,100,,,99761,47,,
2019-06-28 09:57:18.836350041,99230,190,99212,100,99301,187,99114,190,99571,187,98963,187,99606,100,98706,287,99630,100,98705,100,99637,100,98695,100,99661,100,98113,100,99701,100,97935,100,99754,100,97924,100,99761,47,,
2019-06-28 09:57:20.000000000,99230,153,99212,153,99301,153,99114,153,99571,153,98963,153,99606,153,98706,253,99630,153,98705,153,99637,100,98695,100,99661,100,98113,100,99701,100,97935,100,99754,100,97924,100,99761,47,,
2019-06-28 09:57:30.000000000,99230,365,99212,365,99301,100,99114,100,99571,100,98963,100,99606,100,98706,200,99630,100,98705,100,99637,100,98695,100,99661,100,98113,100,99701,100,97935,100,99754,100,97924,100,99761,47,,
2019-06-28 09:57:40.000000000,99230,153,99212,153,99301,153,99114,153,99571,153,98963,153,99606,153,98706,253,99630,153,98705,153,99637,100,98695,100,99661,100,98113,100,99701,100,97935,100,99754,100,97924,100,99761,47,,
2019-06-28 09:57:49.387087433,99230,53,99212,153,99301,153,99114,153,99571,153,98963,153,99606,153,98706,253,99630,153,98705,153,99637,100,98695,100,99661,100,98113,100,99701,100,97935,100,99754,100,97924,100,99761,47,,
2019-06-28 09:57:50.000000000,99301,365,99212,365,99571,100,99114,100,99606,100,98963,100,99630,100,98706,200,99637,100,98705,100,99661,100,98695,100,99701,100,98113,100,99754,100,97935,100,99761,47,97924,100,99799,100,,
2019-06-28 09:58:00.000000000,99301,166,99212,166,99571,166,99114,166,99606,166,98963,166,99630,166,98706,266,99637,100,98705,100,99661,100,98695,100,99701,100,98113,100,99754,100,97935,100,99761,47,97924,100,99799,100,,
2019-06-28 09:58:10.000000000,99301,365,99212,365,99571,100,99114,100,99606,100,98963,100,99630,100,98706,200,99637,100,98705,100,99661,100,98695,100,99701,100,98113,100,99754,100,97935,100,99761,47,97924,100,99799,100,,
2019-06-28 09:58:20.000000000,99301,153,99212,153,99571,153,99114,153,99606,153,98963,153,99630,153,98706,253,99637,153,98705,153,99661,100,98695,100,99701,100,98113,100,99754,100,97935,100,99761,47,97924,100,99799,100,,
2019-06-28 09:58:30.000000000,99301,365,99212,365,99571,100,99114,100,99606,100,98963,100,99630,100,98706,200,99637,100,98705,100,99661,100,98695,100,99701,100,98113,100,99754,100,97935,100,99761,47,97924,100,99799,100,,
2019-06-28 09:58:35.401966572,99301,265,99212,365,99571,100,99114,100,99606,100,98963,100,99630,100,98706,200,99637,100,98705,100,99661,100,98695,100,99701,100,98113,100,99754,100,97935,100,99761,47,97924,100,99799,100,,
2019-06-28 09:58:40.000000000,99571,365,99212,365,99606,100,99114,100,99630,100,98963,100,99637,100,98706,200,99661,100,98705,100,99701,100,98695,100,99754,100,98113,100,99761,47,97935,100,99799,100,97924,100,99862,100,,
2019-06-28 09:58:43.415833819,99571,365,99230,100,99606,100,99212,365,99630,100,99114,100,99637,100,98963,100,99661,100,98706,200,99701,100,98705,100,99754,100,98695,100,99761,47,98113,100,99799,100,97935,100,99862,100,97924,100
2019-06-28 09:58:50.000000000,99571,365,99230,365,99606,100,99212,100,99630,100,99114,100,99637,100,98963,100,99661,100,98706,200,99701,100,98705,100,99754,100,98695,100,99761,47,98113,100,99799,100,97935,100,99862,100,97924,100
2019-06-28 09:58:50.687790552,99571,365,99230,365,99606,100,99212,100,99630,100,99114,100,99637,100,98963,100,99661,100,98706,200,99701,100,98705,100,99754,100,98695,100,99761,47,98113,100,99799,100,97935,100,99862,100,97924,100
2019-06-28 09:58:55.000774871,99571,265,99230,365,99606,100,99212,100,99630,100,99114,100,99637,100,98963,100,99661,100,98706,200,99701,100,98705,100,99754,100,98695,100,99761,47,98113,100,99799,100,97935,100,99862,100,97924,100
2019-06-28 09:59:00.000000000,99606,166,99230,166,99630,166,99212,166,99637,166,99114,166,99661,166,98963,166,99701,100,98706,200,99754,100,98705,100,99761,47,98695,100,99799,100,98113,100,99862,100,97935,100,99873,200,97924,100
2019-06-28 09:59:10.000000000,99606,190,99230,190,99630,187,99212,187,99637,187,99114,187,99661,100,98963,100,99701,100,98706,200,99754,100,98705,100,99761,47,98695,100,99799,100,98113,100,99862,100,97935,100,99873,200,97924,100
2019-06-28 09:59:19.124157356,99606,190,99230,190,99630,187,99212,187,99637,187,99114,187,99661,100,98963,100,99701,100,98706,200,99754,100,98705,100,99761,47,98695,100,99799,100,98113,100,99862,100,97935,100,99873,200,97924,100
2019-06-28 09:59:20.000000000,99606,365,99230,365,99630,100,99212,100,99637,100,99114,100,99661,100,98963,100,99701,100,98706,200,99754,100,98705,100,99761,47,98695,100,99799,100,98113,100,99862,100,97935,100,99873,200,97924,100
2019-06-28 09:59:27.909298070,99606,265,99230,365,99637,100,99212,100,99661,100,99114,100,99701,100,98963,100,99754,100,98706,200,99761,47,98705,100,99799,100,98695,100,99862,100,98113,100,99873,200,97935,100,99896,100,97924,100
2019-06-28 09:59:30.000000000,99637,232,99230,232,99661,232,99212,232,99701,100,99114,100,99754,100,98963,100,99761,47,98706,200,99799,100,98705,100,99862,100,98695,100,99873,200,98113,100,99896,100,97935,100,100014,100,97924,100
2019-06-28 09:59:36.313155791,99637,232,99571,100,99661,232,99230,232,99701,100,99212,232,99754,100,99114,100,99761,47,98963,100,99799,100,98706,200,99862,100,98705,100,99873,200,98695,100,99896,100,98113,100,100014,100,97935,100
2019-06-28 09:59:37.112109168,99637,232,99571,100,99661,232,99230,232,99701,100,99212,132,99754,100,99114,100,99761,47,98963,100,99799,100,98706,200,99862,100,98705,100,99873,200,98695,100,99896,100,98113,100,100014,100,97935,100
2019-06-28 09:59:40.000000000,99637,153,99571,153,99661,153,99230,153,99701,153,99114,153,99754,153,98963,153,99761,100,98706,253,99799,100,98705,100,99862,100,98695,100,99873,200,98113,100,99896,100,97935,100,100014,100,97924,100
2019-06-28 09:59:40.664564597,99637,153,99571,253,99661,153,99230,153,99701,153,99114,153,99754,153,98963,153,99761,100,98706,253,99799,100,98705,100,99862,100,98695,100,99873,200,98113,100,99896,100,97935,100,100014,100,97924,100
2019-06-28 09:59:42.543606776,99637,153,99571,253,99661,153,99230,153,99701,153,99114,153,99754,153,98963,153,99761,100,98706,253,99799,100,98705,100,99862,100,98695,100,99873,200,98113,100,99896,100,97935,100,99999,100,97924,100
2019-06-28 09:59:50.000000000,99637,232,99571,332,99661,232,99230,232,99701,100,99114,100,99754,100,98963,100,99761,47,98706,200,99799,100,98705,100,99862,100,98695,100,99873,200,98113,100,99896,100,97935,100,99999,100,97924,100
2019-06-28 09:59:50.113639730,99637,132,99571,332,99661,232,99230,232,99701,100,99114,100,99754,100,98963,100,99761,47,98706,200,99799,100,98705,100,99862,100,98695,100,99873,200,98113,100,99896,100,97935,100,99999,100,97924,100
2019-06-28 10:00:00.000000000,99661,365,99571,465,99701,100,99230,100,99754,100,99114,100,99761,47,98963,100,99799,100,98706,200,99862,100,98705,100,99873,200,98695,100,99896,100,98113,100,99999,100,97935,100,100042,100,97924,100
2019-06-28 10:00:00.621455195,99661,265,99571,465,99701,100,99230,100,99754,100,99114,100,99761,47,98963,100,99799,100,98706,200,99862,100,98705,100,99873,200,98695,100,99896,100,98113,100,99999,100,97935,100,100042,100,97924,100
2019-06-28 10:00:10.000000000,99701,190,99571,290,99754,187,99230,187,99761,134,99114,187,99799,100,98963,100,99862,100,98706,200,99873,200,98705,100,99896,100,98695,100,99999,100,98113,100,100042,100,97935,100,100047,100,97924,100
2019-06-28 10:00:20.000000000,99701,153,99571,253,99754,153,99230,153,99761,100,99114,153,99799,153,98963,153,99862,153,98706,253,99873,200,98705,100,99896,100,98695,100,99999,100,98113,100,100042,100,97935,100,100047,100,97924,100
2019-06-28 10:00:23.483491218,99701,53,99571,253,99754,153,99230,153,99761,100,99114,153,99799,153,98963,153,99862,153,98706,253,99873,200,98705,100,99896,100,98695,100,99999,100,98113,100,100042,100,97935,100,100047,100,97924,100
2019-06-28 10:00:30.000000000,99754,232,99571,332,99761,179,99230,232,99799,100,99114,100,99862,100,98963,100,99873,200,98706,200,99896,100,98705,100,99999,100,98695,100,100042,100,98113,100,100047,100,97935,100,100119,100,97924,100
2019-06-28 10:00:31.967469608,99754,232,99679,100,99761,179,99571,332,99799,100,99230,232,99862,100,99114,100,99873,200,98963,100,99896,100,98706,200,99999,100,98705,100,100042,100,98695,100,100047,100,98113,100,100119,100,97935,100
2019-06-28 10:00:40.000000000,99754,232,99679,232,99761,179,99571,332,99799,100,99230,100,99862,100,99114,100,99873,200,98963,100,99896,100,98706,200,99999,100,98705,100,100042,100,98695,100,100047,100,98113,100,100119,100,97935,100
2019-06-28 10:00:50.000000000,99754,190,99679,190,99761,134,99571,287,99799,187,99230,187,99862,100,99114,100,99873,200,98963,100,99896,100,98706,200,99999,100,98705,100,100042,100,98695,100,100047,100,98113,100,100119,100,97935,100
2019-06-28 10:00:57.727720005,99754,190,99679,190,99761,134,99661,100,99799,187,99571,187,99862,100,99230,187,99873,200,99114,100,99896,100,98963,100,99999,100,98706,200,100042,100,98705,100,100047,100,98695,100,100119,100,98113,100
2019-06-28 10:01:00.000000000,99754,166,99679,166,99761,113,99661,166,99799,166,99571,166,99862,166,99230,166,99873,200,99114,100,99896,100,98963,100,99999,100,98706,200,100042,100,98705,100,100047,100,98695,100,100119,100,98113,100
2019-06-28 10:01:10.000000000,99754,166,99679,166,99761,113,99661,166,99799,166,99571,166,99862,166,99230,166,99873,200,99114,100,99896,100,98963,100,99999,100,98706,200,100042,100,98705,100,100047,100,98695,100,100119,100,98113,100
2019-06-28 10:01:10.345022861,99754,166,99679,166,99761,113,99661,266,99799,166,99571,166,99862,166,99230,166,99873,200,99114,100,99896,100,98963,100,99999,100,98706,200,100042,100,98705,100,100047,100,98695,100,100119,100,98113,100
2019-06-28 10:01:20.000000000,99754,153,99679,153,99761,100,99661,253,99799,153,99571,153,99862,153,99230,153,99873,253,99114,153,99896,100,98963,100,99999,100,98706,200,100042,100,98705,100,100047,100,98695,100,100119,100,98113,100
2019-06-28 10:01:30.000000000,99754,153,99679,153,99761,100,99661,253,99799,153,99571,153,99862,153,99230,153,99873,253,99114,153,99896,100,98963,100,99999,100,98706,200,100042,100,98705,100,100047,100,98695,100,100119,100,98113,100
2019-06-28 10:01:40.000000000,99754,166,99679,166,99761,113,99661,266,99799,166,99571,166,99862,166,99230,166,99873,200,99114,100,99896,100,98963,100,99999,100,98706,200,100042,100,98705,100,100047,100,98695,100,100119,100,98113,100
2019-06-28 10:01:50.000000000,99754,153,99679,153,99761,100,99661,253,99799,153,99571,153,99862,153,99230,153,99873,253,99114,153,99896,100,98963,100,99999,100,98706,200,100042,100,98705,100,100047,100,98695,100,100119,100,98113,100
2019-06-28 10:02:00.000000000,99754,190,99679,190,99761,134,99661,287,99799,187,99571,187,99862,100,99230,100,99873,200,99114,100,99896,100,98963,100,99999,100,98706,200,100042,100,98705,100,100047,100,98695,100,100119,100,98113,100
2019-06-28 10:02:10.000000000,99754,166,99679,166,99761,113,99661,266,99799,166,99571,166,99862,166,99230,166,99873,200,99114,100,99896,100,98963,100,99999,100,98706,200,100042,100,98705,100,100047,100,98695,100,100119,100,98113,100
2019-06-28 10:02:20.000000000,99754,365,99679,365,99761,47,99661,200,99799,100,99571,100,99862,100,99230,100,99873,200,99114,100,99896,100,98963,100,99999,100,98706,200,100042,100,98705,100,100047,100,98695,100,100119,100,98113,100
2019-06-28 10:02:30.000000000,99754,190,99679,190,99761,134,99661,287,99799,187,99571,187,99862,100,99230,100,99873,200,99114,100,99896,100,98963,100,99999,100,98706,200,100042,100,98705,100,100047,100,98695,100,100119,100,98113,100
2019-06-28 10:02:34.839827111,99754,90,99679,190,99761,134,99661,287,99799,187,99571,187,99862,100,99230,100,99873,200,99114,100,99896,100,98963,100,99999,100,98706,200,100042,100,98705,100,100047,100,98695,100,100119,100,98113,100
2019-06-28 10:02:40.000000000,99761,113,99679,166,99799,166,99661,266,99862,166,99571,166,99873,266,99230,166,99896,100,99114,100,99999,100,98963,100,100042,100,98706,200,100047,100,98705,100,100119,100,98695,100,,,98113,100
2019-06-28 10:02:50.000000000,99761,100,99679,153,99799,153,99661,253,99862,153,99571,153,99873,253,99230,153,99896,153,99114,153,99999,100,98963,100,100042,100,98706,200,100047,100,98705,100,100119,100,98695,100,,,98113,100
2019-06-28 10:03:00.000000000,99761,179,99679,232,99799,232,99661,332,99862,100,99571,100,99873,200,99230,100,99896,100,99114,100,99999,100,98963,100,100042,100,98706,200,100047,100,98705,100,100119,100,98695,100,,,98113,100
2019-06-28 10:03:03.303148348,99761,79,99679,232,99799,232,99661,332,99862,100,99571,100,99873,200,99230,100,99896,100,99114,100,99999,100,98963,100,100042,100,98706,200,100047,100,98705,100,100119,100,98695,100,,,98113,100
2019-06-28 10:03:10.000000000,99799,365,99679,365,99862,100,99661,200,99873,200,99571,100,99896,100,99230,100,99999,100,99114,100,100042,100,98963,100,100047,100,98706,200,100119,100,98705,100,,,98695,100,,,98113,100
2019-06-28 10:03:20.000000000,99799,190,99679,190,99862,187,99661,287,99873,287,99571,187,99896,100,99230,100,99999,100,99114,100,100042,100,98963,100,100047,100,98706,200,100119,100,98705,100,,,98695,100,,,98113,100
2019-06-28 10:03:21.248334134,99799,90,99679,190,99862,187,99661,287,99873,287,99571,187,99896,100,99230,100,99999,100,99114,100,100042,100,98963,100,100047,100,98706,200,100119,100,98705,100,,,98695,100,,,98113,100
2019-06-28 10:03:30.000000000,99862,365,99679,365,99873,200,99661,200,99896,100,99571,100,99999,100,99230,100,100042,100,99114,100,100047,100,98963,100,100119,100,98706,200,,,98705,100,,,98695,100,,,98113,100
2019-06-28 10:03:36.340208249,99862,365,99679,365,99873,200,99661,200,99896,100,99571,100,99999,100,99230,100,100042,100,99114,100,100047,100,98963,100,100119,100,98706,200,100976,100,98705,100,,,98695,100,,,98113,100
2019-06-28 10:03:38.147589476,99862,365,99761,100,99873,100,99679,365,99896,100,99661,200,99999,100,99571,100,100042,100,99230,100,100047,100,99114,100,100119,100,98963,100,100976,100,98706,200,,,98705,100,,,98695,100
2019-06-28 10:03:40.000000000,99862,190,99761,190,99873,187,99679,187,99896,187,99661,287,99999,100,99571,100,100042,100,99230,100,100047,100,99114,100,100119,100,98963,100,100976,100,98706,200,,,98705,100,,,98695,100
2019-06-28 10:03:44.361230053,99862,90,99761,190,99873,187,99679,187,99896,187,99661,287,99999,100,99571,100,100042,100,99230,100,100047,100,99114,100,100119,100,98963,100,100976,100,98706,200,,,98705,100,,,98695,100
2019-06-28 10:03:50.000000000,99873,232,99761,232,99896,232,99679,232,99999,100,99661,200,100042,100,99571,100,100047,100,99230,100,100119,100,99114,100,100976,100,98963,100,,,98706,200,,,98705,100,,,98695,100
2019-06-28 10:04:00.000000000,99873,190,99761,190,99896,187,99679,187,99999,187,99661,287,100042,100,99571,100,100047,100,99230,100,100119,100,99114,100,100976,100,98963,100,,,98706,200,,,98705,100,,,98695,100
2019-06-28 10:04:10.000000000,99873,232,99761,232,99896,232,99679,232,99999,100,99661,200,100042,100,99571,100,100047,100,99230,100,100119,100,99114,100,100976,100,98963,100,,,98706,200,,,98705,100,,,98695,100
2019-06-28 10:04:20.000000000,99873,153,99761,153,99896,153,99679,153,99999,153,99661,253,100042,153,99571,153,100047,153,99230,153,100119,100,99114,100,100976,100,98963,100,,,98706,200,,,98705,100,,,98695,100
2019-06-28 10:04:20.278220002,99873,153,99799,100,99896,153,99761,153,99999,153,99679,153,100042,153,99661,253,100047,153,99571,153,100119,100,99230,153,100976,100,99114,100,,,98963,100,,,98706,200,,,98705,100
2019-06-28 10:04:29.359219227,99873,53,99799,100,99896,153,99761,153,99999,153,99679,153,100042,153,99661,253,100047,153,99571,153,100119,100,99230,153,100976,100,99114,100,,,98963,100,,,98706,200,,,98705,100
2019-06-28 10:04:30.000000000,99896,190,99799,190,99999,187,99761,187,100042,187,99679,187,100047,100,99661,200,100119,100,99571,100,100976,100,99230,100,,,99114,100,,,98963,100,,,98706,200,,,98705,100
2019-06-28 10:04:35.565506830,99896,190,99799,190,99999,187,99761,187,100042,187,99679,187,100047,100,99661,200,100119,100,99571,100,100976,100,99230,100,101589,100,99114,100,,,98963,100,,,98706,200,,,98705,100
2019-06-28 10:04:36.716159625,99896,190,99862,100,99999,187,99799,190,100042,187,99761,187,100047,100,99679,187,100119,100,99661,200,100976,100,99571,100,101589,100,99230,100,,,98963,100,,,98706,200,,,98705,100
2019-06-28 10:04:40.000000000,99896,232,99862,232,99999,232,99799,232,100042,100,99761,100,100047,100,99679,100,100119,100,99661,200,100976,100,99571,100,101589,100,99230,100,,,98963,100,,,98706,200,,,98705,100
2019-06-28 10:04:50.000000000,99896,153,99862,153,99999,153,99799,153,100042,153,99761,153,100047,153,99679,153,100119,153,99661,253,100976,100,99571,100,101589,100,99230,100,,,98963,100,,,98706,200,,,98705,100
2019-06-28 10:05:00.000000000,99896,232,99862,232,99999,232,99799,232,100042,100,99761,100,100047,100,99679,100,100119,100,99661,200,100976,100,99571,100,101589,100,99230,100,,,98963,100,,,98706,200,,,98705,100
2019-06-28 10:05:10.000000000,99896,365,99862,365,99999,100,99799,100,100042,100,99761,100,100047,100,99679,100,100119,100,99661,200,100976,100,99571,100,101589,100,99230,100,,,98963,100,,,98706,200,,,98705,100
2019-06-28 10:05:20.000000000,99896,190,99862,190,99999,187,99799,187,100042,187,99761,187,100047,100,99679,100,100119,100,99661,200,100976,100,99571,100,101589,100,99230,100,,,98963,100,,,98706,200,,,98705,100
2019-06-28 10:05:27.527984150,99896,190,99862,290,99999,187,99799,187,100042,187,99761,187,100047,100,99679,100,100119,100,99661,200,100976,100,99571,100,101589,100,99230,100,,,98963,100,,,98706,200,,,98705,100
2019-06-28 10:05:30.000000000,99896,166,99862,266,99999,166,99799,166,100042,166,99761,166,100047,166,99679,166,100119,100,99661,200,100976,100,99571,100,101589,100,99230,100,,,98963,100,,,98706,200,,,98705,100
2019-06-28 10:05:40.000000000,99896,190,99862,290,99999,187,99799,187,100042,187,99761,187,100047,100,99679,100,100119,100,99661,200,100976,100,99571,100,101589,100,99230,100,,,98963,100,,,98706,200,,,98705,100
2019-06-28 10:05:48.633823189,99896,190,99862,290,99999,187,99799,187,100042,187,99761,187,100047,100,99679,100,100119,100,99661,200,100813,100,99571,100,100976,100,99230,100,101589,100,98963,100,,,98706,200,,,98705,100
2019-06-28 10:05:48.982632394,99896,190,99862,290,99999,187,99799,187,100042,187,99761,187,100047,100,99679,100,100119,100,99661,200,100799,100,99571,100,100813,100,99230,100,100976,100,98963,100,101589,100,98706,200,,,98705,100
2019-06-28 10:05:50.000000000,99896,365,99862,465,99999,100,99799,100,100042,100,99761,100,100047,100,99679,100,100119,100,99661,200,100799,100,99571,100,100813,100,99230,100,100976,100,98963,100,101589,100,98706,200,,,98705,100
2019-06-28 10:05:56.086828649,99896,365,99862,565,99999,100,99761,100,100042,100,99679,100,100047,100,99661,200,100119,100,99571,100,100799,100,99230,100,100813,100,98963,100,100976,100,98706,200,101589,100,98705,100,,,98695,100
2019-06-28 10:06:00.000000000,99896,232,99862,432,99999,232,99761,232,100042,100,99679,100,100047,100,99661,200,100119,100,99571,100,100799,100,99230,100,100813,100,98963,100,100976,100,98706,200,101589,100,98705,100,,,98695,100
2019-06-28 10:06:01.003180522,99896,232,99862,532,99999,232,99761,232,100042,100,99679,100,100047,100,99661,100,100119,100,99571,100,100799,100,99230,100,100813,100,98963,100,100976,100,98706,200,101589,100,98705,100,,,98695,100
2019-06-28 10:06:10.000000000,99896,166,99862,466,99999,166,99761,166,100042,166,99679,166,100047,166,99661,166,100119,100,99571,100,100799,100,99230,100,100813,100,98963,100,100976,100,98706,200,101589,100,98705,100,,,98695,100
2019-06-28 10:06:20.000000000,99896,153,99862,453,99999,153,99761,153,100042,153,99679,153,100047,153,99661,153,100119,153,99571,153,100799,100,99230,100,100813,100,98963,100,100976,100,98706,200,101589,100,98705,100,,,98695,100
2019-06-28 10:06:30.000000000,99896,365,99862,665,99999,100,99761,100,100042,100,99679,100,100047,100,99661,100,100119,100,99571,100,100799,100,99230,100,100813,100,98963,100,100976,100,98706,200,101589,100,98705,100,,,98695,100
2019-06-28 10:06:40.000000000,99896,166,99862,466,99999,166,99761,166,100042,166,99679,166,100047,166,99661,166,100119,100,99571,100,100799,100,99230,100,100813,100,98963,100,100976,100,98706,200,101589,100,98705,100,,,98695,100
2019-06-28 10:06:47.375651235,99896,66,99862,466,99999,166,99761,166,100042,166,99679,166,100047,166,99661,166,100119,100,99571,100,100799,100,99230,100,100813,100,98963,100,100976,100,98706,200,101589,100,98705,100,,,98695,100
2019-06-28 10:06:50.000000000,99999,232,99862,532,100042,232,99761,232,100047,100,99679,100,100119,100,99661,100,100799,100,99571,100,100813,100,99230,100,100976,100,98963,100,101589,100,98706,200,,,98705,100,,,98695,100
2019-06-28 10:06:55.540399902,99999,132,99862,532,100042,232,99761,232,100047,100,99679,100,100119,100,99661,100,100799,100,99571,100,100813,100,99230,100,100976,100,98963,100,101589,100,98706,200,,,98705,100,,,98695,100
2019-06-28 10:06:58.211753244,99999,32,99862,532,100042,232,99761,232,100047,100,99679,100,100119,100,99661,100,100799,100,99571,100,100813,100,99230,100,100976,100,98963,100,101589,100,98706,200,,,98705,100,,,98695,100
2019-06-28 10:07:00.000000000,100042,365,99862,665,100047,100,99761,100,100119,100,99679,100,100799,100,99661,100,100813,100,99571,100,100976,100,99230,100,101589,100,98963,100,,,98706,200,,,98705,100,,,98695,100
2019-06-28 10:07:08.003119087,100042,265,99862,665,100047,100,99761,100,100119,100,99679,100,100799,100,99661,100,100813,100,99571,100,100976,100,99230,100,101589,100,98963,100,,,98706,200,,,98705,100,,,98695,100
2019-06-28 10:07:10.000000000,100047,153,99862,453,100119,153,99761,153,100799,153,99679,153,100813,153,99661,153,100976,153,99571,153,101589,100,99230,100,,,98963,100,,,98706,200,,,98705,100,,,98695,100
2019-06-28 10:07:20.000000000,100047,190,99862,490,100119,187,99761,187,100799,187,99679,187,100813,100,99661,100,100976,100,99571,100,101589,100,99230,100,,,98963,100,,,98706,200,,,98705,100,,,98695,100
2019-06-28 10:07:28.290643352,100047,190,99862,490,100119,187,99761,187,100631,100,99679,187,100799,187,99661,100,100813,100,99571,100,100976,100,99230,100,101589,100,98963,100,,,98706,200,,,98705,100,,,98695,100
2019-06-28 10:07:30.000000000,100047,365,99862,665,100119,100,99761,100,100631,100,99679,100,100799,100,99661,100,100813,100,99571,100,100976,100,99230,100,101589,100,98963,100,,,98706,200,,,98705,100,,,98695,100
2019-06-28 10:07:33.674030164,100047,265,99862,665,100119,100,99761,100,100631,100,99679,100,100799,100,99661,100,100976,100,99571,100,101589,100,99230,100,,,98963,100,,,98706,200,,,98705,100,,,98695,100
2019-06-28 10:07:36.191907783,100047,165,99862,665,100119,100,99761,100,100631,100,99679,100,100976,100,99661,100,101589,100,99571,100,,,99230,100,,,98963,100,,,98706,200,,,98705,100,,,98695,100
2019-06-28 10:07:40.000000000,100119,153,99862,453,100631,153,99761,153,100976,153,99679,153,101589,153,99661,153,101590,53,99571,153,,,99230,100,,,98963,100,,,98706,200,,,98705,100,,,98695,100
2019-06-28 10:07:50.000000000,100119,153,99862,453,100631,153,99761,153,100976,153,99679,153,101589,153,99661,153,101590,53,99571,153,,,99230,100,,,98963,100,,,98706,200,,,98705,100,,,98695,100
2019-06-28 10:08:00.000000000,100119,153,99862,453,100631,153,99761,153,100976,153,99679,153,101589,153,99661,153,101590,53,99571,153,,,99230,100,,,98963,100,,,98706,200,,,98705,100,,,98695,100
2019-06-28 10:08:06.173549711,100119,153,100047,100,100631,153,99862,353,100976,153,99761,153,101589,153,99679,153,101590,53,99661,153,,,99571,153,,,99230,100,,,98963,100,,,98706,200,,,98705,100
2019-06-28 10:08:08.963113859,100119,153,100047,200,100631,153,99862,353,100976,153,99761,153,101589,153,99679,153,101590,53,99661,153,,,99571,153,,,99230,100,,,98963,100,,,98706,200,,,98705,100
2019-06-28 10:08:10.000000000,100119,232,100047,332,100631,232,99862,432,100976,100,99761,100,101589,100,99679,100,,,99661,100,,,99571,100,,,99230,100,,,98963,100,,,98706,200,,,98705,100
2019-06-28 10:08:10.157890413,100119,232,100047,432,100631,232,99862,432,100976,100,99761,100,101589,100,99679,100,,,99661,100,,,99571,100,,,99230,100,,,98963,100,,,98706,200,,,98705,100
2019-06-28 10:08:14.357398798,100119,232,100047,432,100631,232,99862,432,100976,100,99761,100,101045,100,99679,100,101589,100,99661,100,,,99571,100,,,99230,100,,,98963,100,,,98706,200,,,98705,100
2019-06-28 10:08:19.263783976,100119,232,100047,432,100631,232,99862,432,100976,100,99761,100,101045,100,99679,100,101589,100,99571,100,,,99230,100,,,98963,100,,,98706,200,,,98705,100,,,98695,100
2019-06-28 10:08:20.000000000,100119,190,100047,390,100631,187,99862,387,100976,187,99761,187,101045,100,99679,100,101589,100,99571,100,,,99230,100,,,98963,100,,,98706,200,,,98705,100,,,98695,100
2019-06-28 10:08:30.000000000,100119,365,100047,565,100631,100,99862,300,100976,100,99761,100,101045,100,99679,100,101589,100,99571,100,,,99230,100,,,98963,100,,,98706,200,,,98705,100,,,98695,100
2019-06-28 10:08:35.714751085,100119,365,100047,565,100631,100,99862,300,100976,100,99761,100,101045,100,99679,100,101589,100,99230,100,,,98963,100,,,98706,200,,,98705,100,,,98695,100,,,98113,100
2019-06-28 10:08:40.000000000,100119,190,100047,390,100631,187,99862,387,100976,187,99761,187,101045,100,99679,100,101589,100,99230,100,,,98963,100,,,98706,200,,,98705,100,,,98695,100,,,98113,100
2019-06-28 10:08:50.000000000,100119,153,100047,353,100631,153,99862,353,100976,153,99761,153,101045,153,99679,153,101589,153,99230,153,,,98963,100,,,98706,200,,,98705,100,,,98695,100,,,98113,100
2019-06-28 10:09:00.000000000,100119,153,100047,353,100631,153,99862,353,100976,153,99761,153,101045,153,99679,153,101589,153,99230,153,,,98963,100,,,98706,200,,,98705,100,,,98695,100,,,98113,100
2019-06-28 10:09:05.614974369,100119,53,100047,353,100631,153,99862,353,100976,153,99761,153,101045,153,99679,153,101589,153,99230,153,,,98963,100,,,98706,200,,,98705,100,,,98695,100,,,98113,100
2019-06-28 10:09:10.000000000,100631,365,100047,565,100976,100,99862,300,101045,100,99761,100,101589,100,99679,100,,,99230,100,,,98963,100,,,98706,200,,,98705,100,,,98695,100,,,98113,100
2019-06-28 10:09:20.000000000,100631,166,100047,366,100976,166,99862,366,101045,166,99761,166,101589,166,99679,166,,,99230,100,,,98963,100,,,98706,200,,,98705,100,,,98695,100,,,98113,100
2019-06-28 10:09:26.896101114,100619,100,100047,366,100631,166,99862,366,100976,166,99761,166,101045,166,99679,166,101589,166,99230,100,,,98963,100,,,98706,200,,,98705,100,,,98695,100,,,98113,100
2019-06-28 10:09:30.000000000,100619,190,100047,390,100631,187,99862,387,100976,187,99761,187,101045,100,99679,100,101589,100,99230,100,,,98963,100,,,98706,200,,,98705,100,,,98695,100,,,98113,100
2019-06-28 10:09:34.108839801,100619,190,100047,390,100631,187,99862,387,100976,187,99761,187,101045,100,99679,100,101589,100,99230,100,,,98963,100,,,98706,200,,,98695,100,,,98113,100,,,97935,100
2019-06-28 10:09:40.000000000,100619,153,100047,353,100631,153,99862,353,100976,153,99761,153,101045,153,99679,153,101589,153,99230,153,,,98963,100,,,98706,200,,,98695,100,,,98113,100,,,97935,100
2019-06-28 10:09:48.442767895,100619,153,100572,100,100631,153,100047,353,100976,153,99862,353,101045,153,99761,153,101589,153,99679,153,,,99230,153,,,98706,200,,,98695,100,,,98113,100,,,97935,100
