,ask_price_1,ask_size_1,bid_price_1,bid_size_1,ask_price_2,ask_size_2,bid_price_2,bid_size_2,ask_price_3,ask_size_3,bid_price_3,bid_size_3,ask_price_4,ask_size_4,bid_price_4,bid_size_4,ask_price_5,ask_size_5,bid_price_5,bid_size_5,ask_price_6,ask_size_6,bid_price_6,bid_size_6,ask_price_7,ask_size_7,bid_price_7,bid_size_7,ask_price_8,ask_size_8,bid_price_8,bid_size_8,ask_price_9,ask_size_9,bid_price_9,bid_size_9,ask_price_10,ask_size_10,bid_price_10,bid_size_10
2019-06-28 09:30:00.000000002,,,99897,100,,,99869,100,,,,,,,,,,,,,,,,,,,,,,,,,,,,,,,,
2019-06-28 09:30:00.000000003,100037,100,99897,100,,,99869,100,,,,,,,,,,,,,,,,,,,,,,,,,,,,,,,,
2019-06-28 09:30:00.000000004,100037,100,99897,100,,,99869,100,,,,,,,,,,,,,,,,,,,,,,,,,,,,,,,,
2019-06-28 09:30:00.000000007,100037,100,99897,100,,,99869,200,,,,,,,,,,,,,,,,,,,,,,,,,,,,,,,,
2019-06-28 09:30:00.000000014,100037,100,99897,100,,,99869,200,,,99867,100,,,,,,,,,,,,,,,,,,,,,,,,,,,,
2019-06-28 09:30:00.000000016,,,99897,100,,,99869,200,,,99867,100,,,,,,,,,,,,,,,,,,,,,,,,,,,,
2019-06-28 09:30:00.000000017,100131,100,99897,100,,,99869,200,,,99867,100,,,,,,,,,,,,,,,,,,,,,,,,,,,,
2019-06-28 09:30:00.000000018,100037,200,99897,100,100081,100,99869,200,100131,100,99867,100,,,,,,,,,,,,,,,,,,,,,,,,,,,,
2019-06-28 09:30:00.000000019,100037,200,99897,100,100081,100,99882,100,100131,100,99869,200,,,99867,100,,,,,,,,,,,,,,,,,,,,,,,,
2019-06-28 09:30:00.000000021,100037,200,100007,100,100081,100,99897,100,100131,100,99882,100,,,99869,200,,,99867,100,,,,,,,,,,,,,,,,,,,,
2019-06-28 09:30:00.000000024,100036,100,99897,100,100037,200,99882,100,100071,100,99869,200,100081,100,99867,100,100131,100,,,,,,,,,,,,,,,,,,,,,,
2019-06-28 09:30:00.000000026,100036,100,100007,100,100037,200,99897,100,100071,100,99882,100,100081,100,99869,200,100131,100,99867,100,,,,,,,,,,,,,,,,,,,,
2019-06-28 09:30:00.000000028,100036,100,100007,100,100037,200,99989,100,100071,100,99897,100,100081,100,99882,100,100131,100,99869,200,,,99867,100,,,,,,,,,,,,,,,,
2019-06-28 09:30:00.000000030,100036,100,100007,100,100037,200,99989,100,100071,100,99897,100,100081,100,99882,100,100131,100,99869,200,,,99867,100,,,99794,100,,,,,,,,,,,,
2019-06-28 09:30:00.000000032,100023,100,100007,100,100036,100,99989,100,100037,200,99897,100,100071,100,99882,100,100081,100,99869,200,100131,100,99867,100,,,99794,100,,,,,,,,,,,,
2019-06-28 09:30:00.000000033,100023,100,100014,100,100036,100,100007,100,100037,200,99989,100,100071,100,99897,100,100081,100,99882,100,100131,100,99869,200,,,99867,100,,,99794,100,,,,,,,,
2019-06-28 09:30:00.000000038,100023,100,100014,100,100036,100,100007,100,100037,200,99989,100,100071,100,99897,100,100081,100,99882,100,100131,100,99869,200,,,99867,100,,,99831,100,,,99794,100,,,,
2019-06-28 09:30:00.000000040,100023,100,100014,100,100024,100,100007,100,100036,100,99989,100,100037,200,99897,100,100071,100,99882,100,100081,100,99869,200,100131,100,99867,100,,,99831,100,,,99794,100,,,,
2019-06-28 09:30:00.000000041,100023,100,100014,100,100024,100,100007,100,100036,100,99989,100,100037,200,99897,100,100071,100,99882,100,100072,100,99869,200,100081,100,99867,100,100131,100,99831,100,,,99794,100,,,,
2019-06-28 09:30:00.000000042,100023,100,100014,100,100024,100,100007,200,100036,100,99989,100,100037,200,99897,100,100071,100,99882,100,100072,100,99869,200,100081,100,99867,100,100131,100,99831,100,100165,100,99794,100,,,,
2019-06-28 09:30:00.000000044,100022,100,100014,100,100023,100,100007,200,100024,100,99989,100,100036,100,99897,100,100037,200,99882,100,100071,100,99869,200,100072,100,99867,100,100081,100,99831,100,100131,100,99794,100,100165,100,,
2019-06-28 09:30:00.000000045,100022,100,100014,100,100023,100,100007,300,100024,100,99989,100,100036,100,99897,100,100037,200,99882,100,100038,100,99869,200,100071,100,99867,100,100072,100,99831,100,100081,100,99794,100,100131,100,,
2019-06-28 09:30:00.000000049,100022,100,100014,100,100023,100,100007,300,100024,100,99989,100,100036,100,99982,100,100037,200,99897,100,100038,100,99882,100,100071,100,99869,200,100072,100,99867,100,100081,100,99831,100,100131,100,99794,100
2019-06-28 09:30:00.000000050,100022,100,100014,100,100023,100,100007,300,100024,100,99989,100,100036,100,99982,100,100037,200,99978,100,100038,100,99897,100,100070,100,99882,100,100071,100,99869,200,100072,100,99867,100,100081,100,99831,100
2019-06-28 09:30:00.000000053,100022,100,100014,100,100023,100,100007,300,100024,100,99989,100,100036,200,99982,100,100037,200,99978,100,100038,100,99897,100,100070,100,99882,100,100071,100,99869,200,100072,100,99867,100,100081,100,99831,100
2019-06-28 09:30:00.000000062,100022,100,100014,100,100023,100,100007,300,100024,100,99989,100,100036,200,99982,100,100037,200,99978,100,100038,100,99897,100,100070,100,99882,100,100071,100,99869,200,100072,100,99867,100,100081,100,99852,100
2019-06-28 09:30:00.000000063,100022,100,100014,100,100023,100,100007,300,100024,100,99989,100,100036,200,99982,100,100037,200,99978,100,100038,100,99897,100,100070,100,99890,100,100071,100,99882,100,100072,100,99869,200,100081,100,99867,100
2019-06-28 09:30:00.000000066,100022,100,100014,100,100023,100,100007,300,100024,100,99989,100,100036,200,99982,100,100037,200,99978,100,100038,100,99897,100,100070,100,99890,100,100071,100,99882,100,100072,100,99869,200,100081,100,99867,100
2019-06-28 09:30:00.000000068,100022,100,100014,100,100023,100,100007,300,100024,100,99989,100,100036,200,99982,100,100037,200,99978,100,100038,100,99933,100,100070,100,99897,100,100071,100,99890,100,100072,100,99882,100,100081,100,99869,200
2019-06-28 09:30:00.000000072,100022,100,100014,100,100023,100,100007,300,100024,100,99989,100,100036,300,99982,100,100037,200,99978,100,100038,100,99933,100,100070,100,99897,100,100071,100,99890,100,100072,100,99882,100,100079,100,99869,200
2019-06-28 09:30:00.000000073,100022,100,100014,100,100023,100,100007,300,100024,100,99989,100,100036,300,99982,100,100037,200,99978,100,100038,100,99933,100,100070,100,99897,100,100071,100,99890,100,100072,100,99882,100,100079,100,99869,200
2019-06-28 09:30:00.000000075,100022,100,100014,100,100023,100,100007,300,100024,100,99989,100,100036,300,99982,100,100037,200,99978,100,100038,100,99933,100,100070,100,99907,100,100071,100,99897,100,100072,100,99890,100,100079,100,99882,100
2019-06-28 09:30:00.000000076,100022,100,100014,100,100023,100,100007,300,100024,100,99989,100,100036,300,99982,100,100037,200,99978,100,100038,100,99933,100,100070,100,99907,100,100071,100,99897,100,100072,100,99890,100,100079,100,99882,100
2019-06-28 09:30:00.000000077,100022,100,100014,100,100023,100,100007,300,100024,100,99989,100,100036,300,99982,100,100037,200,99978,100,100038,100,99933,100,100070,100,99907,100,100071,100,99897,100,100072,100,99890,100,100079,100,99882,100
2019-06-28 09:30:00.000000078,100022,100,100014,100,100023,100,100007,300,100024,100,99989,100,100036,300,99982,100,100037,200,99978,100,100038,100,99933,100,100070,100,99921,100,100071,100,99907,100,100072,100,99897,100,100079,100,99890,100
2019-06-28 09:30:00.000000079,100022,100,100014,100,100023,100,100007,300,100024,100,99989,100,100036,400,99982,100,100037,200,99978,100,100038,100,99933,100,100039,100,99921,100,100070,100,99917,100,100071,100,99907,100,100072,100,99897,100
2019-06-28 09:30:00.000000083,100022,100,100014,100,100023,100,100007,300,100024,100,99989,100,100036,400,99982,100,100037,200,99978,100,100038,100,99933,100,100039,100,99921,100,100070,100,99917,100,100071,100,99911,100,100072,100,99907,100
2019-06-28 09:30:00.000000085,100022,100,100014,100,100023,100,100007,300,100024,100,99989,100,100036,400,99982,100,100037,200,99978,100,100038,100,99933,100,100039,100,99921,100,100070,100,99917,100,100071,100,99911,100,100072,100,99907,100
2019-06-28 09:30:00.000000086,100022,100,100014,100,100023,100,100007,300,100024,100,99989,100,100036,500,99982,100,100037,200,99978,100,100038,100,99933,100,100039,100,99927,100,100070,100,99921,100,100071,100,99917,100,100072,100,99911,100
2019-06-28 09:30:00.000000087,100022,100,100007,300,100023,100,99989,100,100024,100,99982,100,100036,500,99978,100,100037,200,99933,100,100038,100,99927,100,100039,100,99921,100,100070,100,99917,100,100071,100,99911,100,100072,100,99907,100
2019-06-28 09:30:00.000000088,100022,100,100007,300,100023,100,99989,100,100024,100,99982,100,100036,500,99978,100,100037,200,99977,100,100038,100,99933,100,100039,100,99927,100,100070,100,99921,100,100071,100,99917,100,100072,100,99911,100
2019-06-28 09:30:00.000000090,100022,100,100007,300,100023,100,99989,100,100024,100,99982,100,100036,500,99978,100,100037,200,99977,100,100038,100,99933,100,100039,100,99927,100,100070,100,99921,100,100071,100,99917,100,100072,100,99915,100
2019-06-28 09:30:00.000000091,100022,100,100007,300,100023,100,99989,100,100024,100,99982,100,100036,500,99978,100,100037,200,99977,100,100038,100,99933,100,100039,100,99927,100,100070,100,99921,100,100071,100,99917,100,100072,100,99915,100
2019-06-28 09:30:00.000000092,100022,100,100007,200,100023,100,99989,100,100024,100,99982,100,100036,500,99978,100,100037,200,99977,100,100038,100,99933,100,100039,100,99927,100,100070,100,99921,100,100071,100,99917,100,100072,100,99915,100
2019-06-28 09:30:00.000000093,100022,100,100007,200,100023,100,99989,100,100024,100,99982,100,100036,500,99978,100,100037,200,99977,100,100038,100,99933,100,100039,100,99927,100,100070,100,99921,100,100071,100,99917,100,100072,100,99915,100
2019-06-28 09:30:00.000000096,100022,100,100007,200,100023,100,99989,100,100024,100,99982,100,100036,500,99978,100,100037,200,99977,100,100038,100,99933,100,100039,100,99927,100,100070,100,99921,100,100071,100,99917,100,100072,100,99915,100
2019-06-28 09:30:00.000000097,100022,100,100007,200,100023,100,99989,100,100024,100,99982,100,100036,500,99978,100,100037,200,99977,100,100038,100,99933,100,100039,100,99927,100,100070,100,99921,100,100071,100,99917,100,100072,100,99915,100
2019-06-28 09:30:00.000000098,100022,100,100007,200,100023,100,99989,100,100024,100,99982,100,100029,100,99978,100,100036,500,99977,100,100037,200,99933,100,100038,100,99927,100,100039,100,99921,100,100070,100,99917,100,100071,100,99915,100
2019-06-28 09:30:10.000000000,100022,226,100007,326,100023,226,99989,226,100024,100,99982,100,100029,100,99978,100,100036,500,99977,100,100037,200,99933,100,100038,100,99927,100,100039,100,99921,100,100070,100,99917,100,100071,100,99915,100
2019-06-28 09:30:15.973145708,100022,226,100007,226,100023,226,99989,226,100024,100,99982,100,100029,100,99978,100,100036,500,99977,100,100037,200,99933,100,100038,100,99927,100,100039,100,99921,100,100070,100,99917,100,100071,100,99915,100
2019-06-28 09:30:20.000000000,100022,163,100007,163,100023,163,99989,163,100024,163,99982,163,100029,163,99978,163,100036,500,99977,100,100037,200,99933,100,100038,100,99927,100,100039,100,99921,100,100070,100,99917,100,100071,100,99915,100
2019-06-28 09:30:30.000000000,100022,352,100007,352,100023,100,99989,100,100024,100,99982,100,100029,100,99978,100,100036,500,99977,100,100037,200,99933,100,100038,100,99927,100,100039,100,99921,100,100070,100,99917,100,100071,100,99915,100
2019-06-28 09:30:40.000000000,100022,163,100007,163,100023,163,99989,163,100024,163,99982,163,100029,163,99978,163,100036,500,99977,100,100037,200,99933,100,100038,100,99927,100,100039,100,99921,100,100070,100,99917,100,100071,100,99915,100
2019-06-28 09:30:41.657255309,100022,163,100009,100,100023,163,100007,163,100024,163,99989,163,100029,163,99982,163,100036,500,99978,163,100037,200,99977,100,100038,100,99933,100,100039,100,99927,100,100070,100,99921,100,100071,100,99917,100
2019-06-28 09:30:50.000000000,100022,163,100009,163,100023,163,100007,163,100024,163,99989,163,100029,163,99982,163,100036,500,99978,100,100037,200,99977,100,100038,100,99933,100,100039,100,99927,100,100070,100,99921,100,100071,100,99917,100
2019-06-28 09:31:00.000000000,100022,352,100009,352,100023,100,100007,100,100024,100,99989,100,100029,100,99982,100,100036,500,99978,100,100037,200,99977,100,100038,100,99933,100,100039,100,99927,100,100070,100,99921,100,100071,100,99917,100
2019-06-28 09:31:10.000000000,100022,226,100009,226,100023,226,100007,226,100024,100,99989,100,100029,100,99982,100,100036,500,99978,100,100037,200,99977,100,100038,100,99933,100,100039,100,99927,100,100070,100,99921,100,100071,100,99917,100
2019-06-28 09:31:20.000000000,100022,186,100009,186,100023,183,100007,183,100024,183,99989,183,100029,100,99982,100,100036,500,99978,100,100037,200,99977,100,100038,100,99933,100,100039,100,99927,100,100070,100,99921,100,100071,100,99917,100
2019-06-28 09:31:25.177410811,100022,186,100009,186,100023,183,100008,100,100024,183,100007,183,100029,100,99989,183,100036,500,99982,100,100037,200,99978,100,100038,100,99977,100,100039,100,99933,100,100070,100,99927,100,100071,100,99921,100
2019-06-28 09:31:30.000000000,100022,226,100009,226,100023,226,100008,226,100024,100,100007,100,100029,100,99989,100,100036,500,99982,100,100037,200,99978,100,100038,100,99977,100,100039,100,99933,100,100070,100,99927,100,100071,100,99921,100
2019-06-28 09:31:40.000000000,100022,150,100009,150,100023,150,100008,150,100024,150,100007,150,100029,150,99989,150,100036,550,99982,150,100037,200,99978,100,100038,100,99977,100,100039,100,99933,100,100070,100,99927,100,100071,100,99921,100
2019-06-28 09:31:46.506074516,100022,150,100009,150,100023,150,100008,150,100024,150,100007,150,100029,150,99989,150,100036,550,99982,150,100037,200,99978,100,100038,100,99977,100,100039,100,99933,200,100070,100,99927,100,100071,100,99921,100
2019-06-28 09:31:50.000000000,100022,186,100009,186,100023,183,100008,183,100024,183,100007,183,100029,100,99989,100,100036,500,99982,100,100037,200,99978,100,100038,100,99977,100,100039,100,99933,200,100070,100,99927,100,100071,100,99921,100
2019-06-28 09:32:00.000000000,100022,186,100009,186,100023,183,100008,183,100024,183,100007,183,100029,100,99989,100,100036,500,99982,100,100037,200,99978,100,100038,100,99977,100,100039,100,99933,200,100070,100,99927,100,100071,100,99921,100
2019-06-28 09:32:10.000000000,100022,186,100009,186,100023,183,100008,183,100024,183,100007,183,100029,100,99989,100,100036,500,99982,100,100037,200,99978,100,100038,100,99977,100,100039,100,99933,200,100070,100,99927,100,100071,100,99921,100
2019-06-28 09:32:12.002686577,100022,186,100009,186,100023,183,100008,283,100024,183,100007,183,100029,100,99989,100,100036,500,99982,100,100037,200,99978,100,100038,100,99977,100,100039,100,99933,200,100070,100,99927,100,100071,100,99921,100
2019-06-28 09:32:20.000000000,100022,352,100009,352,100023,100,100008,200,100024,100,100007,100,100029,100,99989,100,100036,500,99982,100,100037,200,99978,100,100038,100,99977,100,100039,100,99933,200,100070,100,99927,100,100071,100,99921,100
2019-06-28 09:32:23.100464470,100022,252,100009,352,100023,100,100008,200,100024,100,100007,100,100029,100,99989,100,100036,500,99982,100,100037,200,99978,100,100038,100,99977,100,100039,100,99933,200,100070,100,99927,100,100071,100,99921,100
2019-06-28 09:32:30.000000000,100023,163,100009,163,100024,163,100008,263,100029,163,100007,163,100036,563,99989,163,100037,200,99982,100,100038,100,99978,100,100039,100,99977,100,100070,100,99933,200,100071,100,99927,100,100072,100,99921,100
2019-06-28 09:32:40.000000000,100023,163,100009,163,100024,163,100008,263,100029,163,100007,163,100036,563,99989,163,100037,200,99982,100,100038,100,99978,100,100039,100,99977,100,100070,100,99933,200,100071,100,99927,100,100072,100,99921,100
2019-06-28 09:32:50.000000000,100023,352,100009,352,100024,100,100008,200,100029,100,100007,100,100036,500,99989,100,100037,200,99982,100,100038,100,99978,100,100039,100,99977,100,100070,100,99933,200,100071,100,99927,100,100072,100,99921,100
2019-06-28 09:33:00.000000000,100023,150,100009,150,100024,150,100008,250,100029,150,100007,150,100036,550,99989,150,100037,250,99982,150,100038,100,99978,100,100039,100,99977,100,100070,100,99933,200,100071,100,99927,100,100072,100,99921,100
2019-06-28 09:33:10.000000000,100023,186,100009,186,100024,183,100008,283,100029,183,100007,183,100036,500,99989,100,100037,200,99982,100,100038,100,99978,100,100039,100,99977,100,100070,100,99933,200,100071,100,99927,100,100072,100,99921,100
2019-06-28 09:33:15.102681121,100023,186,100010,100,100024,183,100009,186,100029,183,100008,283,100036,500,100007,183,100037,200,99989,100,100038,100,99982,100,100039,100,99978,100,100070,100,99977,100,100071,100,99933,200,100072,100,99927,100
2019-06-28 09:33:20.000000000,100023,163,100010,163,100024,163,100009,163,100029,163,100008,263,100036,563,100007,163,100037,200,99989,100,100038,100,99982,100,100039,100,99978,100,100070,100,99977,100,100071,100,99933,200,100072,100,99927,100
2019-06-28 09:33:25.409877036,100023,163,100010,163,100024,163,100009,163,100029,163,100008,263,100036,563,100007,163,100037,200,99989,100,100038,100,99982,100,100070,100,99978,100,100071,100,99977,100,100072,100,99933,200,100079,100,99927,100
2019-06-28 09:33:30.000000000,100023,186,100010,186,100024,183,100009,183,100029,183,100008,283,100036,500,100007,100,100037,200,99989,100,100038,100,99982,100,100070,100,99978,100,100071,100,99977,100,100072,100,99933,200,100079,100,99927,100
2019-06-28 09:33:40.000000000,100023,163,100010,163,100024,163,100009,163,100029,163,100008,263,100036,563,100007,163,100037,200,99989,100,100038,100,99982,100,100070,100,99978,100,100071,100,99977,100,100072,100,99933,200,100079,100,99927,100
2019-06-28 09:33:40.677663799,100023,163,100010,163,100024,163,100009,163,100029,163,100008,263,100036,563,100007,163,100037,200,99989,100,100038,100,99982,100,100070,100,99978,100,100071,100,99977,100,100072,100,99933,200,100079,100,99927,100
2019-06-28 09:33:50.000000000,100023,226,100010,226,100024,226,100009,226,100029,100,100008,200,100036,500,100007,100,100037,200,99989,100,100038,100,99982,100,100070,100,99978,100,100071,100,99977,100,100072,100,99933,200,100079,100,99927,100
2019-06-28 09:33:53.474940783,100023,226,100010,326,100024,226,100009,226,100029,100,100008,200,100036,500,100007,100,100037,100,99989,100,100038,100,99982,100,100070,100,99978,100,100071,100,99977,100,100072,100,99933,200,100079,100,99927,100
2019-06-28 09:33:55.207647590,100023,226,100010,326,100024,226,100009,226,100029,100,100008,200,100036,500,100007,100,100037,100,99989,100,100038,100,99982,100,100070,100,99978,100,100071,100,99977,100,100072,100,99933,100,100079,100,99927,100
2019-06-28 09:34:00.000000000,100023,186,100010,286,100024,183,100009,183,100029,183,100008,283,100036,500,100007,100,100037,100,99989,100,100038,100,99982,100,100070,100,99978,100,100071,100,99977,100,100072,100,99933,100,100079,100,99927,100
2019-06-28 09:34:07.191290555,100023,186,100010,186,100024,183,100009,183,100029,183,100008,283,100036,500,100007,100,100037,100,99989,100,100038,100,99982,100,100070,100,99978,100,100071,100,99977,100,100072,100,99933,100,100079,100,99927,100
2019-06-28 09:34:10.000000000,100023,352,100010,352,100024,100,100009,100,100029,100,100008,200,100036,500,100007,100,100037,100,99989,100,100038,100,99982,100,100070,100,99978,100,100071,100,99977,100,100072,100,99933,100,100079,100,99927,100
2019-06-28 09:34:14.595969323,100023,252,100010,352,100024,100,100009,100,100029,100,100008,200,100036,500,100007,100,100037,100,99989,100,100070,100,99982,100,100071,100,99978,100,100072,100,99977,100,100079,100,99933,100,100081,100,99927,100
2019-06-28 09:34:20.000000000,100024,226,100010,226,100029,226,100009,226,100036,500,100008,200,100037,100,100007,100,100070,100,99989,100,100071,100,99982,100,100072,100,99978,100,100079,100,99977,100,100081,100,99933,100,100115,100,99927,100
2019-06-28 09:34:30.000000000,100024,352,100010,352,100029,100,100009,100,100036,500,100008,200,100037,100,100007,100,100070,100,99989,100,100071,100,99982,100,100072,100,99978,100,100079,100,99977,100,100081,100,99933,100,100115,100,99927,100
2019-06-28 09:34:35.261055680,100024,352,100022,100,100029,100,100010,352,100036,400,100009,100,100037,100,100008,200,100070,100,100007,100,100071,100,99989,100,100072,100,99982,100,100079,100,99978,100,100081,100,99977,100,100115,100,99933,100
2019-06-28 09:34:40.000000000,100024,163,100022,163,100029,163,100010,163,100036,463,100009,163,100037,163,100008,263,100070,100,100007,100,100071,100,99989,100,100072,100,99982,100,100079,100,99978,100,100081,100,99977,100,100115,100,99933,100
2019-06-28 09:34:43.566808549,100024,63,100022,163,100029,163,100010,163,100036,463,100009,163,100037,163,100008,263,100070,100,100007,100,100071,100,99989,100,100072,100,99982,100,100079,100,99978,100,100081,100,99977,100,100115,100,99933,100
2019-06-28 09:34:45.471383436,100024,63,100023,100,100029,163,100022,163,100036,463,100010,163,100037,163,100009,163,100070,100,100008,163,100071,100,100007,100,100072,100,99989,100,100079,100,99982,100,100081,100,99978,100,100115,100,99977,100
2019-06-28 09:34:50.000000000,100029,150,100023,150,100036,450,100022,150,100037,150,100010,150,100070,150,100009,150,100071,150,100008,150,100072,100,100007,100,100079,100,99989,100,100081,100,99982,100,100115,100,99978,100,100133,100,99977,100
2019-06-28 09:34:58.789682837,100029,150,100023,150,100036,450,100022,150,100037,150,100010,150,100070,150,100009,150,100071,150,100008,150,100072,100,100007,100,100079,100,99989,100,100081,100,99982,100,100115,100,99978,100,100133,100,99977,100
2019-06-28 09:35:00.000000000,100029,226,100023,226,100036,526,100022,226,100037,100,100010,100,100070,100,100009,100,100071,100,100008,100,100072,100,100007,100,100079,100,99989,100,100081,100,99982,100,100115,100,99978,100,100133,100,99977,100
2019-06-28 09:35:03.638501482,100029,226,100023,226,100036,526,100022,226,100037,100,100010,100,100070,100,100009,100,100071,100,100008,100,100072,100,100007,100,100079,100,99989,100,100081,100,99982,100,100115,100,99978,100,100133,100,99977,100
2019-06-28 09:35:10.000000000,100029,352,100023,352,100036,400,100022,100,100037,100,100010,100,100070,100,100009,100,100071,100,100008,100,100072,100,100007,100,100079,100,99989,100,100081,100,99982,100,100115,100,99978,100,100133,100,99977,100
2019-06-28 09:35:20.000000000,100029,163,100023,163,100036,463,100022,163,100037,163,100010,163,100070,163,100009,163,100071,100,100008,100,100072,100,100007,100,100079,100,99989,100,100081,100,99982,100,100115,100,99978,100,100133,100,99977,100
2019-06-28 09:35:30.000000000,100029,186,100023,186,100036,483,100022,183,100037,183,100010,183,100070,100,100009,100,100071,100,100008,100,100072,100,100007,100,100079,100,99989,100,100081,100,99982,100,100115,100,99978,100,100133,100,99977,100
2019-06-28 09:35:40.000000000,100029,226,100023,226,100036,526,100022,226,100037,100,100010,100,100070,100,100009,100,100071,100,100008,100,100072,100,100007,100,100079,100,99989,100,100081,100,99982,100,100115,100,99978,100,100133,100,99977,100
2019-06-28 09:35:40.189509527,100029,226,100023,226,100036,526,100022,226,100037,100,100010,100,100070,100,100009,100,100071,100,100008,100,100072,100,100007,100,100079,100,99989,100,100081,100,99982,100,100115,100,99978,100,100133,100,99977,100
2019-06-28 09:35:43.103195430,100029,226,100023,226,100036,526,100022,226,100037,100,100010,100,100070,100,100009,100,100071,100,100008,100,100072,100,100007,100,100079,100,99989,100,100081,100,99982,100,100115,100,99978,100,100133,100,99977,100
2019-06-28 09:35:44.138274159,100029,226,100023,226,100036,526,100022,226,100037,100,100010,100,100070,100,100009,100,100071,100,100008,100,100072,100,100007,100,100079,100,99989,100,100081,100,99982,100,100115,100,99978,100,100133,100,99977,100
2019-06-28 09:35:50.000000000,100029,163,100023,163,100036,463,100022,163,100037,163,100010,163,100070,163,100009,163,100071,100,100008,100,100072,100,100007,100,100079,100,99989,100,100081,100,99982,100,100115,100,99978,100,100133,100,99977,100
2019-06-28 09:36:00.000000000,100029,150,100023,150,100036,450,100022,150,100037,150,100010,150,100070,150,100009,150,100071,150,100008,150,100072,100,100007,100,100079,100,99989,100,100081,100,99982,100,100115,100,99978,100,100133,100,99977,100
2019-06-28 09:36:08.626932989,100029,150,100023,50,100036,450,100022,150,100037,150,100010,150,100070,150,100009,150,100071,150,100008,150,100072,100,100007,100,100079,100,99989,100,100081,100,99982,100,100115,100,99978,100,100133,100,99977,100
2019-06-28 09:36:10.000000000,100029,352,100022,352,100036,400,100010,100,100037,100,100009,100,100070,100,100008,100,100071,100,100007,100,100072,100,99989,100,100079,100,99982,100,100081,100,99978,100,100115,100,99977,100,100133,100,99933,100
2019-06-28 09:36:16.438583389,100029,352,100022,352,100036,400,100010,100,100037,100,100009,100,100070,100,100008,100,100071,100,100007,100,100072,100,99989,100,100079,100,99982,100,100081,100,99978,100,100115,100,99977,100,100133,100,99933,100
2019-06-28 09:36:20.000000000,100029,186,100022,186,100036,483,100010,183,100037,183,100009,183,100070,100,100008,100,100071,100,100007,100,100072,100,99989,100,100079,100,99982,100,100081,100,99978,100,100115,100,99977,100,100133,100,99933,100
2019-06-28 09:36:30.000000000,100029,352,100022,352,100036,400,100010,100,100037,100,100009,100,100070,100,100008,100,100071,100,100007,100,100072,100,99989,100,100079,100,99982,100,100081,100,99978,100,100115,100,99977,100,100133,100,99933,100
2019-06-28 09:36:40.000000000,100029,352,100022,352,100036,400,100010,100,100037,100,100009,100,100070,100,100008,100,100071,100,100007,100,100072,100,99989,100,100079,100,99982,100,100081,100,99978,100,100115,100,99977,100,100133,100,99933,100
2019-06-28 09:36:46.110222035,100029,352,100022,352,100036,400,100010,100,100037,100,100009,100,100070,100,100008,100,100071,100,100007,100,100072,100,99989,100,100079,100,99982,100,100081,100,99978,100,100115,100,99977,100,100133,100,99933,100
2019-06-28 09:36:50.000000000,100029,186,100022,186,100036,483,100010,183,100037,183,100009,183,100070,100,100008,100,100071,100,100007,100,100072,100,99989,100,100079,100,99982,100,100081,100,99978,100,100115,100,99977,100,100133,100,99933,100
2019-06-28 09:36:56.508824984,100029,186,100022,86,100036,483,100010,183,100037,183,100009,183,100070,100,100008,100,100071,100,100007,100,100072,100,99989,100,100079,100,99982,100,100081,100,99978,100,100115,100,99977,100,100133,100,99933,100
2019-06-28 09:37:00.000000000,100029,352,100010,352,100036,400,100009,100,100037,100,100008,100,100070,100,100007,100,100071,100,99989,100,100072,100,99982,100,100079,100,99978,100,100081,100,99977,100,100115,100,99933,100,100133,100,99927,100
2019-06-28 09:37:10.000000000,100029,163,100010,163,100036,463,100009,163,100037,163,100008,163,100070,163,100007,163,100071,100,99989,100,100072,100,99982,100,100079,100,99978,100,100081,100,99977,100,100115,100,99933,100,100133,100,99927,100
2019-06-28 09:37:12.202968728,100029,163,100010,163,100036,463,100009,163,100037,163,100008,163,100070,163,100007,163,100071,100,99989,100,100072,100,99982,100,100079,100,99978,100,100081,100,99977,100,100115,100,99933,100,100133,100,99927,100
2019-06-28 09:37:20.000000000,100029,226,100010,226,100036,526,100009,226,100037,100,100008,100,100070,100,100007,100,100071,100,99989,100,100072,100,99982,100,100079,100,99978,100,100081,100,99977,100,100115,100,99933,100,100133,100,99927,100
2019-06-28 09:37:30.000000000,100029,150,100010,150,100036,450,100009,150,100037,150,100008,150,100070,150,100007,150,100071,150,99989,150,100072,100,99982,100,100079,100,99978,100,100081,100,99977,100,100115,100,99933,100,100133,100,99927,100
2019-06-28 09:37:40.000000000,100029,163,100010,163,100036,463,100009,163,100037,163,100008,163,100070,163,100007,163,100071,100,99989,100,100072,100,99982,100,100079,100,99978,100,100081,100,99977,100,100115,100,99933,100,100133,100,99927,100
2019-06-28 09:37:43.247843928,100023,100,100010,163,100029,163,100009,163,100036,463,100008,163,100037,163,100007,163,100070,163,99989,100,100071,100,99982,100,100072,100,99978,100,100079,100,99977,100,100081,100,99933,100,100115,100,99927,100
2019-06-28 09:37:45.600206307,100023,100,100010,163,100029,163,100009,163,100036,463,100008,163,100037,163,100007,163,100070,163,99989,100,100071,100,99982,100,100072,100,99978,100,100079,100,99977,100,100081,100,99933,100,100115,100,99927,100
2019-06-28 09:37:50.000000000,100023,226,100010,226,100029,226,100009,226,100036,400,100008,100,100037,100,100007,100,100070,100,99989,100,100071,100,99982,100,100072,100,99978,100,100079,100,99977,100,100081,100,99933,100,100115,100,99927,100
2019-06-28 09:38:00.000000000,100023,352,100010,352,100029,100,100009,100,100036,400,100008,100,100037,100,100007,100,100070,100,99989,100,100071,100,99982,100,100072,100,99978,100,100079,100,99977,100,100081,100,99933,100,100115,100,99927,100
2019-06-28 09:38:10.000000000,100023,352,100010,352,100029,100,100009,100,100036,400,100008,100,100037,100,100007,100,100070,100,99989,100,100071,100,99982,100,100072,100,99978,100,100079,100,99977,100,100081,100,99933,100,100115,100,99927,100
2019-06-28 09:38:20.000000000,100023,163,100010,163,100029,163,100009,163,100036,463,100008,163,100037,163,100007,163,100070,100,99989,100,100071,100,99982,100,100072,100,99978,100,100079,100,99977,100,100081,100,99933,100,100115,100,99927,100
2019-06-28 09:38:20.754668709,100023,63,100010,163,100029,163,100009,163,100036,463,100008,163,100037,163,100007,163,100070,100,99989,100,100071,100,99982,100,100072,100,99978,100,100079,100,99977,100,100081,100,99933,100,100115,100,99927,100
2019-06-28 09:38:30.000000000,100029,226,100010,226,100036,526,100009,226,100037,100,100008,100,100070,100,100007,100,100071,100,99989,100,100072,100,99982,100,100079,100,99978,100,100081,100,99977,100,100115,100,99933,100,100133,100,99927,100
2019-06-28 09:38:30.540294745,100029,226,100010,226,100036,526,100009,226,100037,100,100008,100,100070,100,100007,100,100071,100,99989,100,100072,100,99982,100,100079,100,99978,100,100081,100,99977,100,100115,100,99933,100,100133,100,99927,100
2019-06-28 09:38:40.000000000,100029,163,100010,163,100036,463,100009,163,100037,163,100008,163,100070,163,100007,163,100071,100,99989,100,100072,100,99982,100,100079,100,99978,100,100081,100,99977,100,100115,100,99933,100,100133,100,99927,100
2019-06-28 09:38:47.635844591,100029,163,100010,163,100036,463,100009,163,100037,163,100008,163,100070,163,100007,163,100071,100,99989,100,100072,100,99982,100,100079,100,99978,100,100081,100,99977,100,100115,100,99933,100,100133,100,99927,100
2019-06-28 09:38:50.000000000,100029,163,100010,163,100036,463,100009,163,100037,163,100008,163,100070,163,100007,163,100071,100,99989,100,100072,100,99982,100,100079,100,99978,100,100081,100,99977,100,100115,100,99933,100,100133,100,99927,100
2019-06-28 09:39:00.000000000,100029,150,100010,150,100036,450,100009,150,100037,150,100008,150,100070,150,100007,150,100071,150,99989,150,100072,100,99982,100,100079,100,99978,100,100081,100,99977,100,100115,100,99933,100,100133,100,99927,100
2019-06-28 09:39:09.520097662,100029,150,100010,150,100036,450,100009,150,100037,150,100008,150,100070,150,100007,150,100071,150,99989,150,100072,100,99982,100,100079,100,99977,100,100081,100,99933,100,100115,100,99927,100,100133,100,99921,100
2019-06-28 09:39:10.000000000,100029,150,100010,150,100036,450,100009,150,100037,150,100008,150,100070,150,100007,150,100071,150,99989,150,100072,100,99982,100,100079,100,99977,100,100081,100,99933,100,100115,100,99927,100,100133,100,99921,100
2019-06-28 09:39:20.000000000,100029,150,100010,150,100036,450,100009,150,100037,150,100008,150,100070,150,100007,150,100071,150,99989,150,100072,100,99982,100,100079,100,99977,100,100081,100,99933,100,100115,100,99927,100,100133,100,99921,100
2019-06-28 09:39:30.000000000,100029,150,100010,150,100036,450,100009,150,100037,150,100008,150,100070,150,100007,150,100071,150,99989,150,100072,100,99982,100,100079,100,99977,100,100081,100,99933,100,100115,100,99927,100,100133,100,99921,100
2019-06-28 09:39:40.000000000,100029,226,100010,226,100036,526,100009,226,100037,100,100008,100,100070,100,100007,100,100071,100,99989,100,100072,100,99982,100,100079,100,99977,100,100081,100,99933,100,100115,100,99927,100,100133,100,99921,100
2019-06-28 09:39:49.030862637,100029,226,100010,226,100036,526,100009,226,100037,100,100008,100,100070,100,100007,100,100071,100,99989,100,100072,100,99982,100,100079,100,99977,100,100081,100,99933,100,100115,100,99927,100,100133,100,99921,100
2019-06-28 09:39:50.000000000,100029,226,100010,226,100036,526,100009,226,100037,100,100008,100,100070,100,100007,100,100071,100,99989,100,100072,100,99982,100,100079,100,99977,100,100081,100,99933,100,100115,100,99927,100,100133,100,99921,100
2019-06-28 09:39:50.414753997,100029,226,100010,226,100036,526,100009,226,100037,100,100008,100,100070,100,100007,100,100071,100,99989,100,100072,100,99982,100,100079,100,99977,100,100081,100,99933,100,100115,100,99927,100,100133,100,99921,100
2019-06-28 09:40:00.000000000,100029,226,100010,226,100036,526,100009,226,100037,100,100008,100,100070,100,100007,100,100071,100,99989,100,100072,100,99982,100,100079,100,99977,100,100081,100,99933,100,100115,100,99927,100,100133,100,99921,100
2019-06-28 09:40:10.000000000,100029,186,100010,186,100036,483,100009,183,100037,183,100008,183,100070,100,100007,100,100071,100,99989,100,100072,100,99982,100,100079,100,99977,100,100081,100,99933,100,100115,100,99927,100,100133,100,99921,100
2019-06-28 09:40:20.000000000,100029,163,100010,163,100036,463,100009,163,100037,163,100008,163,100070,163,100007,163,100071,100,99989,100,100072,100,99982,100,100079,100,99977,100,100081,100,99933,100,100115,100,99927,100,100133,100,99921,100
2019-06-28 09:40:30.000000000,100029,226,100010,226,100036,526,100009,226,100037,100,100008,100,100070,100,100007,100,100071,100,99989,100,100072,100,99982,100,100079,100,99977,100,100081,100,99933,100,100115,100,99927,100,100133,100,99921,100
2019-06-28 09:40:40.000000000,100029,352,100010,352,100036,400,100009,100,100037,100,100008,100,100070,100,100007,100,100071,100,99989,100,100072,100,99982,100,100079,100,99977,100,100081,100,99933,100,100115,100,99927,100,100133,100,99921,100
2019-06-28 09:40:46.865412442,100029,352,100010,352,100036,400,100009,100,100037,100,100008,100,100070,100,100007,100,100071,100,99989,100,100072,100,99982,100,100079,100,99977,100,100081,100,99933,100,100115,100,99927,100,100133,100,99921,100
2019-06-28 09:40:50.000000000,100029,352,100010,352,100036,400,100009,100,100037,100,100008,100,100070,100,100007,100,100071,100,99989,100,100072,100,99982,100,100079,100,99977,100,100081,100,99933,100,100115,100,99927,100,100133,100,99921,100
2019-06-28 09:41:00.000000000,100029,150,100010,150,100036,450,100009,150,100037,150,100008,150,100070,150,100007,150,100071,150,99989,150,100072,100,99982,100,100079,100,99977,100,100081,100,99933,100,100115,100,99927,100,100133,100,99921,100
2019-06-28 09:41:10.000000000,100029,352,100010,352,100036,400,100009,100,100037,100,100008,100,100070,100,100007,100,100071,100,99989,100,100072,100,99982,100,100079,100,99977,100,100081,100,99933,100,100115,100,99927,100,100133,100,99921,100
2019-06-28 09:41:20.000000000,100029,226,100010,226,100036,526,100009,226,100037,100,100008,100,100070,100,100007,100,100071,100,99989,100,100072,100,99982,100,100079,100,99977,100,100081,100,99933,100,100115,100,99927,100,100133,100,99921,100
2019-06-28 09:41:30.000000000,100029,150,100010,150,100036,450,100009,150,100037,150,100008,150,100070,150,100007,150,100071,150,99989,150,100072,100,99982,100,100079,100,99977,100,100081,100,99933,100,100115,100,99927,100,100133,100,99921,100
2019-06-28 09:41:37.259142621,100036,450,100029,50,100037,150,100010,150,100070,150,100009,150,100071,150,100008,150,100072,100,100007,150,100079,100,99989,150,100081,100,99982,100,100115,100,99977,100,100133,100,99933,100,100140,100,99927,100
2019-06-28 09:41:40.000000000,100036,463,100029,113,100037,163,100010,163,100070,163,100009,163,100071,163,100008,163,100072,100,100007,100,100079,100,99989,100,100081,100,99982,100,100115,100,99977,100,100133,100,99933,100,100140,100,99927,100
2019-06-28 09:41:41.808436596,100036,463,100029,113,100037,163,100010,163,100070,163,100009,163,100071,163,100008,163,100072,100,100007,100,100079,100,99989,100,100081,100,99982,100,100115,100,99977,100,100133,100,99933,100,100140,100,99927,100
2019-06-28 09:41:50.000000000,100036,450,100029,100,100037,150,100010,150,100070,150,100009,150,100071,150,100008,150,100072,150,100007,150,100079,100,99989,100,100081,100,99982,100,100115,100,99977,100,100133,100,99933,100,100140,100,99927,100
2019-06-28 09:42:00.000000000,100036,652,100029,302,100037,100,100010,100,100070,100,100009,100,100071,100,100008,100,100072,100,100007,100,100079,100,99989,100,100081,100,99982,100,100115,100,99977,100,100133,100,99933,100,100140,100,99927,100
2019-06-28 09:42:10.000000000,100036,450,100029,100,100037,150,100010,150,100070,150,100009,150,100071,150,100008,150,100072,150,100007,150,100079,100,99989,100,100081,100,99982,100,100115,100,99977,100,100133,100,99933,100,100140,100,99927,100
2019-06-28 09:42:20.000000000,100036,652,100029,302,100037,100,100010,100,100070,100,100009,100,100071,100,100008,100,100072,100,100007,100,100079,100,99989,100,100081,100,99982,100,100115,100,99977,100,100133,100,99933,100,100140,100,99927,100
2019-06-28 09:42:30.000000000,100036,652,100029,302,100037,100,100010,100,100070,100,100009,100,100071,100,100008,100,100072,100,100007,100,100079,100,99989,100,100081,100,99982,100,100115,100,99977,100,100133,100,99933,100,100140,100,99927,100
2019-06-28 09:42:37.203115081,100036,652,100029,302,100037,100,100010,100,100070,100,100009,100,100072,100,100008,100,100079,100,100007,100,100081,100,99989,100,100115,100,99982,100,100133,100,99977,100,100140,100,99933,100,100157,200,99927,100
2019-06-28 09:42:40.000000000,100036,463,100029,113,100037,163,100010,163,100070,163,100009,163,100072,163,100008,163,100079,100,100007,100,100081,100,99989,100,100115,100,99982,100,100133,100,99977,100,100140,100,99933,100,100157,200,99927,100
2019-06-28 09:42:45.372139570,100036,463,100029,13,100037,163,100010,163,100070,163,100009,163,100072,163,100008,163,100079,100,100007,100,100081,100,99989,100,100115,100,99982,100,100133,100,99977,100,100140,100,99933,100,100157,200,99927,100
2019-06-28 09:42:50.000000000,100036,463,100010,163,100037,163,100009,163,100070,163,100008,163,100072,163,100007,163,100079,100,99989,100,100081,100,99982,100,100115,100,99977,100,100133,100,99933,100,100140,100,99927,100,100157,200,99921,200
2019-06-28 09:42:54.812886756,100036,463,100010,163,100037,163,100009,163,100070,163,100008,163,100072,163,100007,163,100079,100,99989,100,100081,100,99982,100,100115,100,99977,100,100133,100,99933,100,100140,100,99927,100,100157,200,99921,200
2019-06-28 09:43:00.000000000,100036,486,100010,186,100037,183,100009,183,100070,183,100008,183,100072,100,100007,100,100079,100,99989,100,100081,100,99982,100,100115,100,99977,100,100133,100,99933,100,100140,100,99927,100,100157,200,99921,200
2019-06-28 09:43:06.248254771,100036,486,100024,100,100037,183,100010,186,100070,183,100009,183,100072,100,100008,183,100079,100,100007,100,100081,100,99989,100,100133,100,99982,100,100140,100,99977,100,100157,200,99933,100,100299,100,99927,100
2019-06-28 09:43:10.000000000,100036,463,100024,163,100037,163,100010,163,100070,163,100009,163,100072,163,100008,163,100079,100,100007,100,100081,100,99989,100,100133,100,99982,100,100140,100,99977,100,100157,200,99933,100,100299,100,99927,100
2019-06-28 09:43:14.872030797,100036,363,100024,163,100037,163,100010,163,100070,163,100009,163,100072,163,100008,163,100079,100,100007,100,100081,100,99989,100,100133,100,99982,100,100140,100,99933,100,100157,200,99927,100,100299,100,99921,200
2019-06-28 09:43:16.476938147,100036,263,100024,163,100037,163,100010,163,100070,163,100009,163,100072,163,100008,163,100079,100,100007,100,100081,100,99989,100,100133,100,99982,100,100140,100,99933,100,100157,200,99927,100,100299,100,99921,200
2019-06-28 09:43:20.000000000,100036,286,100024,186,100037,183,100010,183,100070,183,100009,183,100072,100,100008,100,100079,100,100007,100,100081,100,99989,100,100133,100,99982,100,100140,100,99933,100,100157,200,99927,100,100299,100,99921,200
2019-06-28 09:43:23.182088069,100036,286,100030,100,100037,183,100024,186,100070,183,100010,83,100072,100,100009,183,100079,100,100008,100,100081,100,100007,100,100133,100,99989,100,100140,100,99982,100,100157,200,99933,100,100299,100,99927,100
2019-06-28 09:43:30.000000000,100036,263,100030,163,100037,163,100024,163,100070,163,100009,163,100072,163,100008,163,100079,100,100007,100,100081,100,99989,100,100133,100,99982,100,100140,100,99933,100,100157,200,99927,100,100299,100,99921,200
2019-06-28 09:43:40.000000000,100036,452,100030,352,100037,100,100024,100,100070,100,100009,100,100072,100,100008,100,100079,100,100007,100,100081,100,99989,100,100133,100,99982,100,100140,100,99933,100,100157,200,99927,100,100299,100,99921,200
2019-06-28 09:43:49.514307370,100036,452,100030,352,100037,100,100024,100,100070,100,100009,100,100072,100,100008,100,100079,100,100007,100,100081,100,99989,100,100140,100,99982,100,100157,200,99933,100,100299,100,99927,100,100553,100,99921,200
2019-06-28 09:43:50.000000000,100036,326,100030,226,100037,226,100024,226,100070,100,100009,100,100072,100,100008,100,100079,100,100007,100,100081,100,99989,100,100140,100,99982,100,100157,200,99933,100,100299,100,99927,100,100553,100,99921,200
2019-06-28 09:44:00.000000000,100036,250,100030,150,100037,150,100024,150,100070,150,100009,150,100072,150,100008,150,100079,150,100007,150,100081,100,99989,100,100140,100,99982,100,100157,200,99933,100,100299,100,99927,100,100553,100,99921,200
2019-06-28 09:44:09.151773885,100036,250,100030,250,100037,50,100024,150,100070,150,100009,150,100072,150,100008,150,100079,150,100007,150,100081,100,99989,100,100140,100,99982,100,100157,200,99933,100,100299,100,99927,100,100553,100,99921,200
2019-06-28 09:44:10.000000000,100036,326,100030,326,100070,226,100024,226,100072,100,100009,100,100079,100,100008,100,100081,100,100007,100,100140,100,99989,100,100157,200,99982,100,100299,100,99933,100,100553,100,99927,100,100586,100,99921,200
2019-06-28 09:44:20.000000000,100036,250,100030,250,100070,150,100024,150,100072,150,100009,150,100079,150,100008,150,100081,150,100007,150,100140,100,99989,100,100157,200,99982,100,100299,100,99933,100,100553,100,99927,100,100586,100,99921,200
2019-06-28 09:44:28.958173404,100036,250,100030,250,100070,150,100024,150,100072,150,100009,150,100079,50,100008,150,100081,150,100007,150,100140,100,99989,100,100157,200,99982,100,100299,100,99933,100,100404,100,99927,100,100553,100,99921,200
2019-06-28 09:44:30.000000000,100036,452,100030,452,100070,100,100024,100,100072,100,100009,100,100081,100,100008,100,100140,100,100007,100,100157,200,99989,100,100299,100,99982,100,100404,100,99933,100,100553,100,99927,100,100586,100,99921,200
2019-06-28 09:44:40.000000000,100036,452,100030,452,100070,100,100024,100,100072,100,100009,100,100081,100,100008,100,100140,100,100007,100,100157,200,99989,100,100299,100,99982,100,100404,100,99933,100,100553,100,99927,100,100586,100,99921,200
2019-06-28 09:44:40.954771716,100036,352,100030,452,100070,100,100024,100,100072,100,100009,100,100081,100,100008,100,100140,100,100007,100,100157,200,99989,100,100299,100,99982,100,100404,100,99933,100,100553,100,99927,100,100586,100,99921,200
2019-06-28 09:44:50.000000000,100036,186,100030,286,100070,183,100024,183,100072,183,100009,183,100081,100,100008,100,100140,100,100007,100,100157,200,99989,100,100299,100,99982,100,100404,100,99933,100,100553,100,99927,100,100586,100,99921,200
2019-06-28 09:44:54.589715900,100036,186,100030,286,100070,183,100024,183,100072,183,100009,183,100081,100,100008,100,100140,100,99989,100,100157,200,99982,100,100299,100,99933,100,100404,100,99927,100,100553,100,99921,200,100586,100,99917,100
2019-06-28 09:45:00.000000000,100036,226,100030,326,100070,226,100024,226,100072,100,100009,100,100081,100,100008,100,100140,100,99989,100,100157,200,99982,100,100299,100,99933,100,100404,100,99927,100,100553,100,99921,200,100586,100,99917,100
2019-06-28 09:45:10.000000000,100036,163,100030,263,100070,163,100024,163,100072,163,100009,163,100081,163,100008,163,100140,100,99989,100,100157,200,99982,100,100299,100,99933,100,100404,100,99927,100,100553,100,99921,200,100586,100,99917,100
2019-06-28 09:45:19.049636396,100036,63,100030,263,100070,163,100024,163,100072,163,100009,163,100081,163,100008,163,100140,100,99989,100,100157,200,99982,100,100299,100,99933,100,100404,100,99927,100,100553,100,99921,200,100586,100,99917,100
2019-06-28 09:45:20.000000000,100070,186,100030,286,100072,183,100024,183,100081,183,100009,183,100140,100,100008,100,100157,200,99989,100,100299,100,99982,100,100404,100,99933,100,100553,100,99927,100,100586,100,99921,200,100771,100,99917,100
2019-06-28 09:45:28.737450070,100070,186,100030,286,100072,183,100024,183,100081,183,100009,183,100140,100,100008,100,100157,200,99989,100,100299,100,99982,100,100404,100,99933,100,100553,100,99927,100,100586,200,99921,200,100783,100,99917,100
2019-06-28 09:45:30.000000000,100070,163,100030,263,100072,163,100024,163,100081,163,100009,163,100140,163,100008,163,100157,200,99989,100,100299,100,99982,100,100404,100,99933,100,100553,100,99927,100,100586,200,99921,200,100783,100,99917,100
2019-06-28 09:45:30.380814063,100070,163,100030,263,100072,163,100024,163,100081,163,100009,163,100140,163,100008,163,100157,200,99989,100,100299,100,99982,100,100404,100,99933,100,100553,100,99927,100,100586,200,99921,200,100783,100,99917,100
2019-06-28 09:45:40.000000000,100070,186,100030,286,100072,183,100024,183,100081,183,100009,183,100140,100,100008,100,100157,200,99989,100,100299,100,99982,100,100404,100,99933,100,100553,100,99927,100,100586,200,99921,200,100783,100,99917,100
2019-06-28 09:45:40.175137574,100070,86,100030,286,100072,183,100024,183,100081,183,100009,183,100140,100,100008,100,100157,200,99989,100,100299,100,99982,100,100404,100,99933,100,100553,100,99927,100,100586,200,99921,200,100783,100,99917,100
2019-06-28 09:45:49.943956128,100072,83,100070,14,100081,183,100030,286,100140,100,100024,183,100157,200,100009,183,100299,100,100008,100,100404,100,99989,100,100553,100,99982,100,100586,200,99933,100,100783,100,99927,100,100819,100,99921,200
2019-06-28 09:45:50.000000000,100081,186,100070,100,100140,183,100030,283,100157,283,100024,183,100299,100,100009,100,100404,100,100008,100,100553,100,99989,100,100586,200,99982,100,100783,100,99933,100,100819,100,99927,100,100935,100,99921,200
2019-06-28 09:45:52.093089847,100081,186,100070,100,100140,183,100036,100,100157,283,100030,283,100299,100,100024,183,100404,100,100009,100,100553,100,99989,100,100586,200,99982,100,100783,100,99933,100,100819,100,99927,100,100935,100,99921,200
2019-06-28 09:45:54.714957230,100081,186,100070,100,100140,183,100036,100,100157,283,100030,283,100299,100,100024,183,100320,100,100009,100,100404,100,99989,100,100553,100,99982,100,100586,200,99933,100,100783,100,99927,100,100819,100,99921,200
2019-06-28 09:45:59.973284668,100081,186,100070,100,100140,183,100036,200,100157,283,100030,283,100299,100,100024,183,100320,100,100009,100,100404,100,99989,100,100553,100,99982,100,100586,200,99933,100,100783,100,99927,100,100819,100,99921,200
2019-06-28 09:46:00.000000000,100081,150,100070,64,100140,150,100036,250,100157,250,100030,250,100299,150,100024,150,100320,150,100009,150,100404,100,99989,100,100553,100,99982,100,100586,200,99933,100,100783,100,99927,100,100819,100,99921,200
2019-06-28 09:46:00.076349204,100081,150,100070,64,100140,150,100036,350,100157,250,100030,250,100299,150,100024,150,100320,150,100009,150,100404,100,99989,100,100553,100,99982,100,100586,200,99933,100,100783,100,99927,100,100819,100,99921,200
2019-06-28 09:46:10.000000000,100081,150,100070,64,100140,150,100036,350,100157,250,100030,250,100299,150,100024,150,100320,150,100009,150,100404,100,99989,100,100553,100,99982,100,100586,200,99933,100,100783,100,99927,100,100819,100,99921,200
2019-06-28 09:46:16.989373958,100081,150,100070,64,100140,150,100036,350,100157,250,100030,250,100299,50,100024,150,100320,150,100009,150,100342,100,99989,100,100404,100,99982,100,100553,100,99933,100,100586,200,99927,100,100783,100,99921,200
2019-06-28 09:46:20.000000000,100081,226,100070,140,100140,226,100036,426,100157,200,100030,200,100320,100,100024,100,100342,100,100009,100,100404,100,99989,100,100553,100,99982,100,100586,200,99933,100,100783,100,99927,100,100819,100,99921,200
2019-06-28 09:46:20.487399184,100081,226,100070,140,100140,226,100036,526,100157,200,100030,200,100320,100,100024,100,100342,100,100009,100,100404,100,99989,100,100553,100,99982,100,100586,200,99933,100,100783,100,99927,100,100819,100,99921,200
2019-06-28 09:46:30.000000000,100081,150,100070,64,100140,150,100036,450,100157,250,100030,250,100320,150,100024,150,100342,150,100009,150,100404,100,99989,100,100553,100,99982,100,100586,200,99933,100,100783,100,99927,100,100819,100,99921,200
2019-06-28 09:46:36.468810200,100081,50,100070,64,100140,150,100036,450,100157,250,100030,250,100320,150,100024,150,100342,150,100009,150,100404,100,99989,100,100553,100,99982,100,100586,200,99933,100,100783,100,99927,100,100819,100,99921,200
2019-06-28 09:46:40.000000000,100140,150,100070,64,100157,250,100036,450,100320,150,100030,250,100342,150,100024,150,100404,150,100009,150,100553,100,99989,100,100586,200,99982,100,100783,100,99933,100,100819,100,99927,100,100935,100,99921,200
2019-06-28 09:46:42.398935288,100140,50,100070,64,100157,250,100036,450,100320,150,100030,250,100342,150,100024,150,100404,150,100009,150,100553,100,99989,100,100586,200,99982,100,100783,100,99933,100,100819,100,99927,100,100935,100,99921,200
2019-06-28 09:46:50.000000000,100157,250,100070,64,100320,150,100036,450,100342,150,100030,250,100404,150,100024,150,100553,150,100009,150,100586,200,99989,100,100783,100,99982,100,100819,100,99933,100,100935,100,99927,100,,,99921,200
2019-06-28 09:46:50.250857957,100157,250,100070,64,100320,150,100036,450,100332,100,100030,250,100342,150,100024,150,100404,150,100009,150,100553,150,99989,100,100586,200,99982,100,100783,100,99933,100,100819,100,99927,100,100935,100,99921,200
2019-06-28 09:47:00.000000000,100157,286,100070,100,100320,183,100036,483,100332,183,100030,283,100342,100,100024,100,100404,100,100009,100,100553,100,99989,100,100586,200,99982,100,100783,100,99933,100,100819,100,99927,100,100935,100,99921,200
2019-06-28 09:47:00.242648690,100157,286,100081,100,100320,183,100070,100,100332,183,100036,483,100342,100,100030,283,100404,100,100024,100,100553,100,100009,100,100586,200,99989,100,100783,100,99982,100,100819,100,99933,100,100935,100,99927,100
2019-06-28 09:47:07.810956263,100157,286,100081,100,100320,183,100070,100,100332,183,100058,100,100342,100,100036,483,100404,100,100030,283,100553,100,100024,100,100586,200,100009,100,100783,100,99989,100,100819,100,99982,100,100935,100,99933,100
2019-06-28 09:47:10.000000000,100157,263,100081,163,100320,163,100070,77,100332,163,100058,163,100342,163,100036,463,100404,100,100030,200,100553,100,100024,100,100586,200,100009,100,100783,100,99989,100,100819,100,99982,100,100935,100,99933,100
2019-06-28 09:47:20.000000000,100157,250,100081,150,100320,150,100070,64,100332,150,100058,150,100342,150,100036,450,100404,150,100030,250,100553,100,100024,100,100586,200,100009,100,100783,100,99989,100,100819,100,99982,100,100935,100,99933,100
2019-06-28 09:47:30.000000000,100157,326,100081,226,100320,226,100070,140,100332,100,100058,100,100342,100,100036,400,100404,100,100030,200,100553,100,100024,100,100586,200,100009,100,100783,100,99989,100,100819,100,99982,100,100935,100,99933,100
2019-06-28 09:47:40.000000000,100157,326,100081,226,100320,226,100070,140,100332,100,100058,100,100342,100,100036,400,100404,100,100030,200,100553,100,100024,100,100586,200,100009,100,100783,100,99989,100,100819,100,99982,100,100935,100,99933,100
2019-06-28 09:47:50.000000000,100157,326,100081,226,100320,226,100070,140,100332,100,100058,100,100342,100,100036,400,100404,100,100030,200,100553,100,100024,100,100586,200,100009,100,100783,100,99989,100,100819,100,99982,100,100935,100,99933,100
2019-06-28 09:47:51.443621231,100157,326,100081,26,100320,226,100070,140,100332,100,100058,100,100342,100,100036,400,100404,100,100030,200,100553,100,100024,100,100586,200,100009,100,100783,100,99989,100,100819,100,99982,100,100935,100,99933,100
2019-06-28 09:47:55.961933978,100081,74,100070,140,100157,326,100058,100,100320,226,100036,400,100332,100,100030,200,100342,100,100024,100,100404,100,100009,100,100553,100,99989,100,100586,200,99982,100,100783,100,99933,100,100819,100,99927,100
2019-06-28 09:48:00.000000000,100081,160,100070,100,100157,283,100058,183,100320,183,100036,483,100332,100,100030,200,100342,100,100024,100,100404,100,100009,100,100553,100,99989,100,100586,200,99982,100,100783,100,99933,100,100819,100,99927,100
2019-06-28 09:48:10.000000000,100081,137,100070,77,100157,263,100058,163,100320,163,100036,463,100332,163,100030,263,100342,100,100024,100,100404,100,100009,100,100553,100,99989,100,100586,200,99982,100,100783,100,99933,100,100819,100,99927,100
2019-06-28 09:48:20.000000000,100081,200,100070,140,100157,326,100058,226,100320,100,100036,400,100332,100,100030,200,100342,100,100024,100,100404,100,100009,100,100553,100,99989,100,100586,200,99982,100,100783,100,99933,100,100819,100,99927,100
2019-06-28 09:48:21.923823292,100081,300,100070,140,100157,326,100058,226,100320,100,100036,400,100332,100,100030,200,100342,100,100024,100,100404,100,100009,100,100553,100,99989,100,100586,200,99982,100,100783,100,99933,100,100819,100,99927,100
2019-06-28 09:48:29.020124970,100081,300,100070,140,100157,326,100058,226,100198,100,100036,400,100320,100,100030,200,100332,100,100024,100,100404,100,100009,100,100553,100,99989,100,100586,200,99982,100,100783,100,99933,100,100819,100,99927,100
2019-06-28 09:48:30.000000000,100081,260,100070,100,100157,283,100058,183,100198,183,100036,483,100320,100,100030,200,100332,100,100024,100,100404,100,100009,100,100553,100,99989,100,100586,200,99982,100,100783,100,99933,100,100819,100,99927,100
2019-06-28 09:48:38.810158747,100081,260,100058,183,100157,283,100036,483,100198,183,100030,200,100320,100,100024,100,100332,100,100009,100,100404,100,99989,100,100553,100,99982,100,100586,200,99933,100,100783,100,99927,100,100819,100,99921,200
2019-06-28 09:48:39.685031890,100081,260,100058,183,100128,100,100036,483,100157,283,100030,200,100198,183,100024,100,100320,100,100009,100,100332,100,99989,100,100404,100,99982,100,100553,100,99933,100,100586,200,99927,100,100783,100,99921,200
2019-06-28 09:48:40.000000000,100081,426,100058,352,100128,100,100036,400,100157,200,100030,200,100198,100,100024,100,100320,100,100009,100,100332,100,99989,100,100404,100,99982,100,100553,100,99933,100,100586,200,99927,100,100783,100,99921,200
2019-06-28 09:48:45.381130646,100081,426,100058,252,100128,100,100036,400,100157,200,100030,200,100198,100,100024,100,100320,100,100009,100,100332,100,99989,100,100404,100,99982,100,100553,100,99933,100,100586,200,99927,100,100783,100,99921,200
2019-06-28 09:48:50.000000000,100081,224,100036,450,100128,150,100030,250,100157,250,100024,150,100198,150,100009,150,100320,150,99989,150,100332,100,99982,100,100404,100,99933,100,100553,100,99927,100,100586,200,99921,200,100783,100,99917,100
2019-06-28 09:48:57.576448477,100081,224,100036,350,100128,150,100030,250,100157,250,100024,150,100198,150,100009,150,100320,150,99989,150,100332,100,99982,100,100404,100,99933,100,100553,100,99927,100,100586,200,99921,200,100783,100,99917,100
2019-06-28 09:49:00.000000000,100081,300,100036,426,100128,226,100030,326,100157,200,100024,100,100198,100,100009,100,100320,100,99989,100,100332,100,99982,100,100404,100,99933,100,100553,100,99927,100,100586,200,99921,200,100783,100,99917,100
2019-06-28 09:49:10.000000000,100081,300,100036,426,100128,226,100030,326,100157,200,100024,100,100198,100,100009,100,100320,100,99989,100,100332,100,99982,100,100404,100,99933,100,100553,100,99927,100,100586,200,99921,200,100783,100,99917,100
2019-06-28 09:49:20.000000000,100081,224,100036,350,100128,150,100030,250,100157,250,100024,150,100198,150,100009,150,100320,150,99989,150,100332,100,99982,100,100404,100,99933,100,100553,100,99927,100,100586,200,99921,200,100783,100,99917,100
2019-06-28 09:49:22.468086198,100081,224,100036,350,100128,150,100030,250,100157,250,100024,150,100198,150,100009,150,100320,150,99989,150,100332,100,99982,100,100404,100,99933,100,100553,100,99927,100,100586,200,99921,200,100783,100,99917,100
2019-06-28 09:49:30.000000000,100081,426,100036,552,100128,100,100030,200,100157,200,100024,100,100198,100,100009,100,100320,100,99989,100,100332,100,99982,100,100404,100,99933,100,100553,100,99927,100,100586,200,99921,200,100783,100,99917,100
2019-06-28 09:49:40.000000000,100081,426,100036,552,100128,100,100030,200,100157,200,100024,100,100198,100,100009,100,100320,100,99989,100,100332,100,99982,100,100404,100,99933,100,100553,100,99927,100,100586,200,99921,200,100783,100,99917,100
2019-06-28 09:49:50.000000000,100081,426,100036,552,100128,100,100030,200,100157,200,100024,100,100198,100,100009,100,100320,100,99989,100,100332,100,99982,100,100404,100,99933,100,100553,100,99927,100,100586,200,99921,200,100783,100,99917,100
2019-06-28 09:50:00.000000000,100081,300,100036,426,100128,226,100030,326,100157,200,100024,100,100198,100,100009,100,100320,100,99989,100,100332,100,99982,100,100404,100,99933,100,100553,100,99927,100,100586,200,99921,200,100783,100,99917,100
2019-06-28 09:50:02.810659337,100081,300,100036,326,100128,226,100030,326,100157,200,100009,100,100198,100,99989,100,100320,100,99982,100,100332,100,99933,100,100404,100,99927,100,100553,100,99921,200,100586,200,99917,100,100783,100,99908,100
2019-06-28 09:50:10.000000000,100081,224,100036,250,100128,150,100030,250,100157,250,100009,150,100198,150,99989,150,100320,150,99982,150,100332,100,99933,100,100404,100,99927,100,100553,100,99921,200,100586,200,99917,100,100783,100,99908,100
2019-06-28 09:50:19.088287022,100081,124,100037,100,100128,150,100036,250,100157,250,100030,250,100198,150,100009,150,100320,150,99989,150,100332,100,99982,150,100404,100,99933,100,100553,100,99927,100,100586,200,99921,200,100783,100,99917,100
2019-06-28 09:50:20.000000000,100081,326,100037,352,100128,100,100036,200,100157,200,100030,200,100198,100,100009,100,100320,100,99989,100,100332,100,99982,100,100404,100,99933,100,100553,100,99927,100,100586,200,99921,200,100783,100,99917,100
2019-06-28 09:50:22.324545355,100081,326,100037,252,100128,100,100036,200,100157,200,100030,200,100198,100,100009,100,100320,100,99989,100,100332,100,99982,100,100404,100,99933,100,100553,100,99927,100,100586,200,99921,100,100783,100,99917,100
2019-06-28 09:50:25.063102348,100081,326,100037,152,100157,200,100036,200,100198,100,100030,200,100320,100,100009,100,100332,100,99989,100,100404,100,99982,100,100553,100,99933,100,100586,200,99927,100,100783,100,99921,100,100819,100,99917,100
2019-06-28 09:50:30.000000000,100081,326,100036,452,100157,200,100030,200,100198,100,100009,100,100320,100,99989,100,100332,100,99982,100,100404,100,99933,100,100553,100,99927,100,100586,200,99921,100,100783,100,99917,100,100819,100,99908,100
2019-06-28 09:50:40.000000000,100081,160,100036,286,100157,283,100030,283,100198,183,100009,183,100320,100,99989,100,100332,100,99982,100,100404,100,99933,100,100553,100,99927,100,100586,200,99921,100,100783,100,99917,100,100819,100,99908,100
2019-06-28 09:50:41.930857005,100081,160,100036,286,100157,283,100030,283,100198,183,100009,183,100320,100,99989,100,100332,100,99982,100,100404,100,99933,100,100553,100,99927,100,100586,200,99921,100,100783,100,99917,100,100819,100,99908,100
2019-06-28 09:50:50.000000000,100081,200,100036,326,100157,326,100030,326,100198,100,100009,100,100320,100,99989,100,100332,100,99982,100,100404,100,99933,100,100553,100,99927,100,100586,200,99921,100,100783,100,99917,100,100819,100,99908,100
2019-06-28 09:50:54.956504308,100037,100,100036,326,100081,200,100030,326,100157,326,100009,100,100198,100,99989,100,100320,100,99982,100,100332,100,99933,100,100404,100,99927,100,100553,100,99921,100,100586,200,99917,100,100783,100,99908,100
2019-06-28 09:50:57.631307616,100037,100,100036,326,100081,200,100030,326,100157,326,100009,100,100198,100,99989,100,100320,100,99982,100,100332,100,99933,100,100404,100,99927,100,100553,100,99921,100,100586,200,99917,100,100783,100,99903,100
2019-06-28 09:51:00.000000000,100037,150,100036,250,100081,124,100030,250,100157,250,100009,150,100198,150,99989,150,100320,150,99982,150,100332,100,99933,100,100404,100,99927,100,100553,100,99921,100,100586,200,99917,100,100783,100,99903,100
2019-06-28 09:51:00.729940927,100037,150,100036,250,100081,124,100030,250,100157,250,100009,150,100198,150,99989,150,100320,150,99982,150,100332,100,99933,100,100404,100,99927,100,100553,100,99921,100,100586,200,99917,100,100783,100,99903,100
2019-06-28 09:51:10.000000000,100037,150,100036,250,100081,124,100030,250,100157,250,100009,150,100198,150,99989,150,100320,150,99982,150,100332,100,99933,100,100404,100,99927,100,100553,100,99921,100,100586,200,99917,100,100783,100,99903,100
2019-06-28 09:51:12.265739374,100037,150,100036,150,100081,124,100030,250,100157,250,100009,150,100198,150,99989,150,100320,150,99982,150,100332,100,99933,100,100404,100,99927,100,100553,100,99921,100,100586,200,99917,100,100783,100,99903,100
2019-06-28 09:51:14.754651023,100037,150,100036,50,100081,124,100030,250,100157,250,100009,150,100198,150,99989,150,100320,150,99982,150,100404,100,99933,100,100553,100,99927,100,100586,200,99921,100,100783,100,99917,100,100819,100,99903,100
2019-06-28 09:51:20.000000000,100037,150,100030,250,100081,124,100009,150,100157,250,99989,150,100198,150,99982,150,100320,150,99933,150,100404,100,99927,100,100553,100,99921,100,100586,200,99917,100,100783,100,99903,100,100819,100,99875,100
2019-06-28 09:51:30.000000000,100037,186,100030,286,100081,157,100009,183,100157,283,99989,183,100198,100,99982,100,100320,100,99933,100,100404,100,99927,100,100553,100,99921,100,100586,200,99917,100,100783,100,99903,100,100819,100,99875,100
2019-06-28 09:51:40.000000000,100037,163,100030,263,100081,137,100009,163,100157,263,99989,163,100198,163,99982,163,100320,100,99933,100,100404,100,99927,100,100553,100,99921,100,100586,200,99917,100,100783,100,99903,100,100819,100,99875,100
2019-06-28 09:51:50.000000000,100037,352,100030,452,100081,74,100009,100,100157,200,99989,100,100198,100,99982,100,100320,100,99933,100,100404,100,99927,100,100553,100,99921,100,100586,200,99917,100,100783,100,99903,100,100819,100,99875,100
2019-06-28 09:51:55.970155803,100036,100,100030,452,100037,352,100009,100,100081,74,99989,100,100157,200,99982,100,100198,100,99933,100,100320,100,99927,100,100404,100,99921,100,100553,100,99917,100,100586,200,99903,100,100783,100,99875,100
2019-06-28 09:52:00.000000000,100036,352,100030,452,100037,100,100009,100,100081,74,99989,100,100157,200,99982,100,100198,100,99933,100,100320,100,99927,100,100404,100,99921,100,100553,100,99917,100,100586,200,99903,100,100783,100,99875,100
2019-06-28 09:52:10.000000000,100036,352,100030,452,100037,100,100009,100,100081,74,99989,100,100157,200,99982,100,100198,100,99933,100,100320,100,99927,100,100404,100,99921,100,100553,100,99917,100,100586,200,99903,100,100783,100,99875,100
2019-06-28 09:52:20.000000000,100036,150,100030,250,100037,150,100009,150,100081,124,99989,150,100157,250,99982,150,100198,150,99933,150,100320,100,99927,100,100404,100,99921,100,100553,100,99917,100,100586,200,99903,100,100783,100,99875,100
2019-06-28 09:52:27.554187381,100036,250,100030,250,100037,150,100009,150,100081,124,99989,150,100157,250,99982,150,100198,150,99933,150,100320,100,99927,100,100404,100,99921,100,100553,100,99917,100,100586,200,99903,100,100783,100,99875,100
2019-06-28 09:52:30.000000000,100036,263,100030,263,100037,163,100009,163,100081,137,99989,163,100157,263,99982,163,100198,100,99933,100,100320,100,99927,100,100404,100,99921,100,100553,100,99917,100,100586,200,99903,100,100783,100,99875,100
2019-06-28 09:52:38.946666396,100036,263,100030,263,100037,63,100009,163,100081,137,99989,163,100157,263,99982,163,100198,100,99933,100,100320,100,99927,100,100404,100,99921,100,100553,100,99917,100,100586,200,99903,100,100783,100,99875,100
2019-06-28 09:52:40.000000000,100036,250,100030,250,100081,124,100009,150,100157,250,99989,150,100198,150,99982,150,100320,150,99933,150,100404,100,99927,100,100553,100,99921,100,100586,200,99917,100,100783,100,99903,100,100819,100,99875,100
2019-06-28 09:52:50.000000000,100036,250,100030,250,100081,124,100009,150,100157,250,99989,150,100198,150,99982,150,100320,150,99933,150,100404,100,99927,100,100553,100,99921,100,100586,200,99917,100,100783,100,99903,100,100819,100,99875,100
2019-06-28 09:53:00.000000000,100036,263,100030,263,100081,137,100009,163,100157,263,99989,163,100198,163,99982,163,100320,100,99933,100,100404,100,99927,100,100553,100,99921,100,100586,200,99917,100,100783,100,99903,100,100819,100,99875,100
2019-06-28 09:53:00.441714121,100036,363,100030,263,100081,137,100009,163,100157,263,99989,163,100198,163,99982,163,100320,100,99933,100,100404,100,99927,100,100553,100,99921,100,100586,200,99917,100,100783,100,99903,100,100819,100,99875,100
2019-06-28 09:53:10.000000000,100036,552,100030,452,100081,74,100009,100,100157,200,99989,100,100198,100,99982,100,100320,100,99933,100,100404,100,99927,100,100553,100,99921,100,100586,200,99917,100,100783,100,99903,100,100819,100,99875,100
2019-06-28 09:53:20.000000000,100036,363,100030,263,100081,137,100009,163,100157,263,99989,163,100198,163,99982,163,100320,100,99933,100,100404,100,99927,100,100553,100,99921,100,100586,200,99917,100,100783,100,99903,100,100819,100,99875,100
2019-06-28 09:53:30.000000000,100036,350,100030,250,100081,124,100009,150,100157,250,99989,150,100198,150,99982,150,100320,150,99933,150,100404,100,99927,100,100553,100,99921,100,100586,200,99917,100,100783,100,99903,100,100819,100,99875,100
2019-06-28 09:53:31.934472651,100036,350,100030,150,100081,124,100009,150,100157,250,99989,150,100198,150,99982,150,100320,150,99933,150,100404,100,99927,100,100553,100,99921,100,100586,200,99917,100,100783,100,99903,100,100819,100,99875,100
2019-06-28 09:53:40.000000000,100036,350,100030,150,100081,124,100009,150,100157,250,99989,150,100198,150,99982,150,100320,150,99933,150,100404,100,99927,100,100553,100,99921,100,100586,200,99917,100,100783,100,99903,100,100819,100,99875,100
2019-06-28 09:53:50.000000000,100036,386,100030,186,100081,157,100009,183,100157,283,99989,183,100198,100,99982,100,100320,100,99933,100,100404,100,99927,100,100553,100,99921,100,100586,200,99917,100,100783,100,99903,100,100819,100,99875,100
2019-06-28 09:54:00.000000000,100036,426,100030,226,100081,200,100009,226,100157,200,99989,100,100198,100,99982,100,100320,100,99933,100,100404,100,99927,100,100553,100,99921,100,100586,200,99917,100,100783,100,99903,100,100819,100,99875,100
2019-06-28 09:54:10.000000000,100036,426,100030,226,100081,200,100009,226,100157,200,99989,100,100198,100,99982,100,100320,100,99933,100,100404,100,99927,100,100553,100,99921,100,100586,200,99917,100,100783,100,99903,100,100819,100,99875,100
2019-06-28 09:54:20.000000000,100036,363,100030,163,100081,137,100009,163,100157,263,99989,163,100198,163,99982,163,100320,100,99933,100,100404,100,99927,100,100553,100,99921,100,100586,200,99917,100,100783,100,99903,100,100819,100,99875,100
2019-06-28 09:54:29.552666085,100035,100,100030,163,100036,263,100009,163,100081,137,99989,163,100157,263,99982,163,100198,163,99933,100,100320,100,99927,100,100404,100,99921,100,100553,100,99917,100,100586,200,99903,100,100783,100,99875,100
2019-06-28 09:54:30.000000000,100035,226,100030,226,100036,326,100009,226,100081,74,99989,100,100157,200,99982,100,100198,100,99933,100,100320,100,99927,100,100404,100,99921,100,100553,100,99917,100,100586,200,99903,100,100783,100,99875,100
2019-06-28 09:54:33.016862962,100035,226,100030,126,100036,326,100009,226,100081,74,99989,100,100157,200,99982,100,100198,100,99933,100,100320,100,99927,100,100404,100,99921,100,100553,100,99917,100,100586,200,99903,100,100783,100,99875,100
2019-06-28 09:54:40.000000000,100035,186,100009,186,100036,283,99989,183,100081,157,99982,183,100157,200,99933,100,100198,100,99927,100,100320,100,99921,100,100404,100,99917,100,100553,100,99903,100,100586,200,99875,100,100783,100,99869,100
2019-06-28 09:54:50.000000000,100035,226,100009,226,100036,326,99989,226,100081,74,99982,100,100157,200,99933,100,100198,100,99927,100,100320,100,99921,100,100404,100,99917,100,100553,100,99903,100,100586,200,99875,100,100783,100,99869,100
2019-06-28 09:55:00.000000000,100035,226,100009,226,100036,326,99989,226,100081,74,99982,100,100157,200,99933,100,100198,100,99927,100,100320,100,99921,100,100404,100,99917,100,100553,100,99903,100,100586,200,99875,100,100783,100,99869,100
2019-06-28 09:55:10.000000000,100035,352,100009,352,100036,200,99989,100,100081,74,99982,100,100157,200,99933,100,100198,100,99927,100,100320,100,99921,100,100404,100,99917,100,100553,100,99903,100,100586,200,99875,100,100783,100,99869,100
2019-06-28 09:55:10.527497400,100035,352,100009,252,100036,200,99989,100,100081,74,99933,100,100157,200,99927,100,100198,100,99921,100,100320,100,99917,100,100404,100,99903,100,100553,100,99875,100,100586,200,99869,100,100783,100,99852,100
2019-06-28 09:55:18.111284102,100035,352,100009,252,100036,200,99989,100,100081,74,99933,100,100157,200,99927,100,100198,100,99921,100,100320,100,99917,100,100404,100,99903,100,100553,100,99875,100,100586,200,99869,100,100783,100,99852,100
2019-06-28 09:55:20.000000000,100035,150,99989,150,100036,250,99933,150,100081,124,99927,150,100157,250,99921,150,100198,150,99917,150,100320,100,99903,100,100404,100,99875,100,100553,100,99869,100,100586,200,99852,100,100783,100,99812,100
2019-06-28 09:55:25.460543793,100035,150,99989,50,100036,250,99933,150,100081,124,99927,150,100157,250,99921,150,100198,50,99917,150,100320,100,99903,100,100404,100,99875,100,100553,100,99869,100,100586,200,99852,100,100783,100,99812,100
2019-06-28 09:55:30.000000000,100035,150,99933,150,100036,250,99927,150,100081,124,99921,150,100157,250,99917,150,100320,150,99903,150,100404,100,99875,100,100553,100,99869,100,100586,200,99852,100,100783,100,99812,100,100819,100,99810,100
2019-06-28 09:55:40.000000000,100035,352,99933,352,100036,200,99927,100,100081,74,99921,100,100157,200,99917,100,100320,100,99903,100,100404,100,99875,100,100553,100,99869,100,100586,200,99852,100,100783,100,99812,100,100819,100,99810,100
2019-06-28 09:55:50.000000000,100035,226,99933,226,100036,326,99927,226,100081,74,99921,100,100157,200,99917,100,100320,100,99903,100,100404,100,99875,100,100553,100,99869,100,100586,200,99852,100,100783,100,99812,100,100819,100,99810,100
2019-06-28 09:56:00.000000000,100035,186,99933,186,100036,283,99927,183,100081,157,99921,183,100157,200,99917,100,100320,100,99903,100,100404,100,99875,100,100553,100,99869,100,100586,200,99852,100,100783,100,99812,100,100819,100,99810,100
2019-06-28 09:56:10.000000000,100035,150,99933,150,100036,250,99927,150,100081,124,99921,150,100157,250,99917,150,100320,150,99903,150,100404,100,99875,100,100553,100,99869,100,100586,200,99852,100,100783,100,99812,100,100819,100,99810,100
2019-06-28 09:56:15.535692372,100035,150,99933,150,100036,250,99927,50,100081,124,99921,150,100157,250,99917,150,100320,150,99903,150,100404,100,99875,100,100553,100,99869,100,100586,200,99852,100,100783,100,99812,100,100819,100,99810,100
2019-06-28 09:56:20.000000000,100035,186,99933,186,100036,283,99921,183,100081,157,99917,183,100157,200,99903,100,100320,100,99875,100,100404,100,99869,100,100553,100,99852,100,100586,200,99812,100,100783,100,99810,100,100819,100,99794,100
2019-06-28 09:56:30.000000000,100035,186,99933,186,100036,283,99921,183,100081,157,99917,183,100157,200,99903,100,100320,100,99875,100,100404,100,99869,100,100553,100,99852,100,100586,200,99812,100,100783,100,99810,100,100819,100,99794,100
2019-06-28 09:56:37.032815594,100009,100,99933,186,100035,186,99921,183,100036,283,99917,183,100081,157,99903,100,100157,200,99875,100,100320,100,99869,100,100404,100,99852,100,100553,100,99812,100,100586,200,99810,100,100783,100,99794,100
2019-06-28 09:56:37.210679915,100009,100,99933,186,100035,186,99921,183,100036,283,99917,183,100081,157,99903,100,100157,200,99875,100,100320,100,99869,100,100404,100,99852,100,100553,100,99812,100,100586,200,99810,100,100783,100,99794,100
2019-06-28 09:56:39.658125262,100009,200,99933,186,100035,186,99921,183,100036,283,99917,183,100081,157,99903,100,100157,200,99875,100,100320,100,99869,100,100404,100,99852,100,100553,100,99812,100,100586,200,99810,100,100783,100,99794,100
2019-06-28 09:56:40.000000000,100009,452,99933,352,100035,100,99921,100,100036,200,99917,100,100081,74,99903,100,100157,200,99875,100,100320,100,99869,100,100404,100,99852,100,100553,100,99812,100,100586,200,99810,100,100783,100,99794,100
2019-06-28 09:56:50.000000000,100009,250,99933,150,100035,150,99921,150,100036,250,99917,150,100081,124,99903,150,100157,250,99875,150,100320,100,99869,100,100404,100,99852,100,100553,100,99812,100,100586,200,99810,100,100783,100,99794,100
2019-06-28 09:57:00.000000000,100009,263,99933,163,100035,163,99921,163,100036,263,99917,163,100081,137,99903,163,100157,200,99875,100,100320,100,99869,100,100404,100,99852,100,100553,100,99812,100,100586,200,99810,100,100783,100,99794,100
2019-06-28 09:57:03.380730811,100009,263,99933,63,100035,163,99921,163,100036,263,99917,163,100081,137,99903,163,100157,200,99875,100,100320,100,99869,100,100404,100,99852,100,100553,100,99812,100,100586,200,99810,100,100819,100,99794,100
2019-06-28 09:57:10.000000000,100009,263,99921,163,100035,163,99917,163,100036,263,99903,163,100081,137,99875,163,100157,200,99869,100,100320,100,99852,100,100404,100,99812,100,100553,100,99810,100,100586,200,99794,100,100819,100,99786,100
2019-06-28 09:57:14.790205106,99989,100,99921,163,100009,263,99917,163,100035,163,99903,163,100036,263,99875,163,100081,137,99869,100,100157,200,99852,100,100320,100,99812,100,100404,100,99810,100,100553,100,99794,100,100586,200,99786,100
2019-06-28 09:57:20.000000000,99989,226,99921,226,100009,326,99917,226,100035,100,99903,100,100036,200,99875,100,100081,74,99869,100,100157,200,99852,100,100320,100,99812,100,100404,100,99810,100,100553,100,99794,100,100586,200,99786,100
2019-06-28 09:57:30.000000000,99989,352,99921,352,100009,200,99917,100,100035,100,99903,100,100036,200,99875,100,100081,74,99869,100,100157,200,99852,100,100320,100,99812,100,100404,100,99810,100,100553,100,99794,100,100586,200,99786,100
2019-06-28 09:57:40.000000000,99989,226,99921,226,100009,326,99917,226,100035,100,99903,100,100036,200,99875,100,100081,74,99869,100,100157,200,99852,100,100320,100,99812,100,100404,100,99810,100,100553,100,99794,100,100586,200,99786,100
2019-06-28 09:57:50.000000000,99989,186,99921,186,100009,283,99917,183,100035,183,99903,183,100036,200,99875,100,100081,74,99869,100,100157,200,99852,100,100320,100,99812,100,100404,100,99810,100,100553,100,99794,100,100586,200,99786,100
2019-06-28 09:58:00.000000000,99989,186,99921,186,100009,283,99917,183,100035,183,99903,183,100036,200,99875,100,100081,74,99869,100,100157,200,99852,100,100320,100,99812,100,100404,100,99810,100,100553,100,99794,100,100586,200,99786,100
2019-06-28 09:58:01.749173108,99989,186,99921,86,100009,283,99917,183,100035,183,99903,183,100036,200,99875,100,100081,74,99869,100,100157,200,99852,100,100320,100,99812,100,100404,100,99810,100,100553,100,99794,100,100586,200,99786,100
2019-06-28 09:58:02.488673427,99989,186,99921,86,100009,283,99917,183,100035,183,99903,183,100036,200,99875,100,100081,74,99869,100,100157,200,99852,100,100320,100,99812,100,100404,100,99810,100,100553,100,99794,100,100586,200,99786,100
2019-06-28 09:58:09.053258912,99989,186,99921,86,100009,283,99917,183,100035,183,99903,183,100036,200,99875,100,100081,74,99869,100,100157,200,99852,100,100320,100,99812,100,100404,100,99810,100,100553,100,99794,100,100586,200,99786,100
2019-06-28 09:58:10.000000000,99989,186,99917,186,100009,283,99903,183,100035,183,99875,183,100036,200,99869,100,100081,74,99852,100,100157,200,99812,100,100320,100,99810,100,100404,100,99794,100,100553,100,99786,100,100586,200,99763,100
2019-06-28 09:58:20.000000000,99989,186,99917,186,100009,283,99903,183,100035,183,99875,183,100036,200,99869,100,100081,74,99852,100,100157,200,99812,100,100320,100,99810,100,100404,100,99794,100,100553,100,99786,100,100586,200,99763,100
2019-06-28 09:58:29.889709101,99989,186,99917,86,100009,283,99903,183,100035,183,99875,183,100036,200,99869,100,100081,74,99852,100,100157,200,99812,100,100320,100,99810,100,100404,100,99794,100,100553,100,99786,100,100586,200,99763,100
2019-06-28 09:58:30.000000000,99989,163,99903,163,100009,263,99875,163,100035,163,99869,163,100036,263,99852,163,100081,74,99812,100,100157,200,99810,100,100320,100,99794,100,100404,100,99786,100,100553,100,99763,100,100586,200,99726,100
2019-06-28 09:58:36.664456854,99921,100,99903,163,99989,163,99875,163,100009,263,99869,163,100035,163,99852,163,100036,263,99812,100,100081,74,99810,100,100157,200,99794,100,100320,100,99786,100,100404,100,99763,100,100553,100,99726,100
2019-06-28 09:58:40.000000000,99921,150,99903,150,99989,150,99875,150,100009,250,99869,150,100035,150,99852,150,100036,250,99812,150,100081,74,99810,100,100157,200,99794,100,100320,100,99786,100,100404,100,99763,100,100553,100,99726,100
2019-06-28 09:58:50.000000000,99921,150,99903,150,99989,150,99875,150,100009,250,99869,150,100035,150,99852,150,100036,250,99812,150,100081,74,99810,100,100157,200,99794,100,100320,100,99786,100,100404,100,99763,100,100553,100,99726,100
2019-06-28 09:58:52.398462672,99921,150,99903,150,99989,150,99892,100,100009,250,99875,150,100035,150,99869,150,100036,250,99852,150,100081,74,99812,150,100157,200,99810,100,100320,100,99794,100,100404,100,99786,100,100553,100,99763,100
2019-06-28 09:58:54.259975027,99921,150,99903,150,99989,150,99892,100,100009,250,99875,150,100035,150,99869,150,100036,150,99852,150,100081,74,99812,150,100157,200,99810,100,100320,100,99794,100,100404,100,99786,100,100553,100,99763,100
2019-06-28 09:59:00.000000000,99921,163,99903,163,99989,163,99892,163,100009,263,99875,163,100035,163,99869,163,100036,100,99852,100,100081,74,99812,100,100157,200,99810,100,100320,100,99794,100,100404,100,99786,100,100553,100,99763,100
2019-06-28 09:59:10.000000000,99921,150,99903,150,99989,150,99892,150,100009,250,99875,150,100035,150,99869,150,100036,150,99852,150,100081,74,99812,100,100157,200,99810,100,100320,100,99794,100,100404,100,99786,100,100553,100,99763,100
2019-06-28 09:59:20.000000000,99921,226,99903,226,99989,226,99892,226,100009,200,99875,100,100035,100,99869,100,100036,100,99852,100,100081,74,99812,100,100157,200,99810,100,100320,100,99794,100,100404,100,99786,100,100553,100,99763,100
2019-06-28 09:59:30.000000000,99921,186,99903,186,99989,183,99892,183,100009,283,99875,183,100035,100,99869,100,100036,100,99852,100,100081,74,99812,100,100157,200,99810,100,100320,100,99794,100,100404,100,99786,100,100553,100,99763,100
2019-06-28 09:59:40.000000000,99921,163,99903,163,99989,163,99892,163,100009,263,99875,163,100035,163,99869,163,100036,100,99852,100,100081,74,99812,100,100157,200,99810,100,100320,100,99794,100,100404,100,99786,100,100553,100,99763,100
2019-06-28 09:59:50.000000000,99921,352,99903,352,99989,100,99892,100,100009,200,99875,100,100035,100,99869,100,100036,100,99852,100,100081,74,99812,100,100157,200,99810,100,100320,100,99794,100,100404,100,99786,100,100553,100,99763,100
2019-06-28 09:59:50.030115948,99921,352,99903,252,99989,100,99892,100,100009,200,99875,100,100035,100,99869,100,100036,100,99852,100,100081,74,99812,100,100157,200,99810,100,100320,100,99794,100,100404,100,99786,100,100553,100,99763,100
2019-06-28 10:00:00.000000000,99921,150,99892,150,99989,150,99875,150,100009,250,99869,150,100035,150,99852,150,100036,150,99812,150,100081,74,99810,100,100157,200,99794,100,100320,100,99786,100,100404,100,99763,100,100553,100,99726,100
2019-06-28 10:00:10.000000000,99921,352,99892,352,99989,100,99875,100,100009,200,99869,100,100035,100,99852,100,100036,100,99812,100,100081,74,99810,100,100157,200,99794,100,100320,100,99786,100,100404,100,99763,100,100553,100,99726,100
2019-06-28 10:00:13.662574940,99921,352,99892,252,99989,100,99875,100,100009,200,99869,100,100035,100,99852,100,100036,100,99812,100,100081,74,99810,100,100157,200,99794,100,100320,100,99786,100,100404,100,99763,100,100553,100,99726,100
2019-06-28 10:00:19.352747673,99921,352,99892,152,99989,100,99875,100,100009,200,99869,100,100035,100,99852,100,100036,100,99812,100,100081,74,99810,100,100157,200,99794,100,100320,100,99786,100,100404,100,99763,100,100553,100,99726,100
2019-06-28 10:00:20.000000000,99921,163,99875,163,99989,163,99869,163,100009,263,99852,163,100035,163,99812,163,100036,100,99810,100,100081,74,99794,100,100157,200,99786,100,100320,100,99763,100,100404,100,99726,100,100553,100,99720,100
2019-06-28 10:00:25.168867682,99921,163,99875,63,99989,163,99869,163,100009,263,99852,163,100035,163,99812,163,100036,100,99810,100,100081,74,99794,100,100157,200,99786,100,100320,100,99763,100,100404,100,99726,100,100553,100,99720,100
2019-06-28 10:00:26.802930506,99921,163,99875,63,99965,100,99869,163,99989,163,99852,163,100009,263,99812,163,100035,163,99810,100,100036,100,99794,100,100081,74,99786,100,100157,200,99763,100,100320,100,99726,100,100404,100,99720,100
2019-06-28 10:00:30.000000000,99921,226,99869,226,99965,226,99852,226,99989,100,99812,100,100009,200,99810,100,100035,100,99794,100,100036,100,99786,100,100081,74,99763,100,100157,200,99726,100,100320,100,99720,100,100404,100,99694,100
2019-06-28 10:00:33.861902966,99921,226,99869,226,99965,226,99852,226,99989,100,99812,100,100009,200,99810,100,100035,100,99794,100,100036,100,99786,100,100081,74,99763,100,100157,200,99726,100,100320,100,99720,100,100404,100,99694,100
2019-06-28 10:00:40.000000000,99921,226,99869,226,99965,226,99852,226,99989,100,99812,100,100009,200,99810,100,100035,100,99794,100,100036,100,99786,100,100081,74,99763,100,100157,200,99726,100,100320,100,99720,100,100404,100,99694,100
2019-06-28 10:00:44.432986883,99921,226,99869,226,99947,100,99852,226,99965,226,99812,100,99989,100,99810,100,100009,200,99794,100,100035,100,99786,100,100036,100,99763,100,100081,74,99726,100,100157,200,99720,100,100320,100,99694,100
2019-06-28 10:00:49.193802250,99921,226,99869,126,99947,100,99852,226,99965,226,99812,100,99989,100,99810,100,100009,200,99794,100,100035,100,99786,100,100036,100,99763,100,100081,74,99726,100,100157,200,99720,100,100320,100,99694,100
2019-06-28 10:00:50.000000000,99921,163,99852,163,99947,163,99812,163,99965,163,99810,163,99989,163,99794,163,100009,200,99786,100,100035,100,99763,100,100036,100,99726,100,100081,74,99720,100,100157,200,99694,100,100320,100,99632,100
2019-06-28 10:01:00.000000000,99921,352,99852,352,99947,100,99812,100,99965,100,99810,100,99989,100,99794,100,100009,200,99786,100,100035,100,99763,100,100036,100,99726,100,100081,74,99720,100,100157,200,99694,100,100320,100,99632,100
2019-06-28 10:01:02.916227702,99921,352,99852,352,99947,100,99812,100,99965,100,99810,100,99989,100,99794,100,99995,100,99786,100,100009,200,99763,100,100035,100,99726,100,100036,100,99720,100,100157,200,99694,100,100320,100,99632,100
2019-06-28 10:01:10.000000000,99921,352,99852,352,99947,100,99812,100,99965,100,99810,100,99989,100,99794,100,99995,100,99786,100,100009,200,99763,100,100035,100,99726,100,100036,100,99720,100,100157,200,99694,100,100320,100,99632,100
2019-06-28 10:01:20.000000000,99921,186,99852,186,99947,183,99812,183,99965,183,99810,183,99989,100,99794,100,99995,100,99786,100,100009,200,99763,100,100035,100,99726,100,100036,100,99720,100,100157,200,99694,100,100320,100,99632,100
2019-06-28 10:01:26.423723815,99921,86,99852,186,99947,183,99812,183,99965,183,99810,183,99989,100,99794,100,99995,100,99786,100,100009,200,99763,100,100035,100,99726,100,100036,100,99720,100,100157,200,99694,100,100404,100,99632,100
2019-06-28 10:01:30.000000000,99947,186,99852,186,99965,183,99812,183,99989,183,99810,183,99995,100,99794,100,100009,200,99786,100,100035,100,99763,100,100036,100,99726,100,100157,200,99720,100,100404,100,99694,100,100553,100,99632,100
2019-06-28 10:01:40.000000000,99947,186,99852,186,99965,183,99812,183,99989,183,99810,183,99995,100,99794,100,100009,200,99786,100,100035,100,99763,100,100036,100,99726,100,100157,200,99720,100,100404,100,99694,100,100553,100,99632,100
2019-06-28 10:01:50.000000000,99947,352,99852,352,99965,100,99812,100,99989,100,99810,100,99995,100,99794,100,100009,200,99786,100,100035,100,99763,100,100036,100,99726,100,100157,200,99720,100,100404,100,99694,100,100553,100,99632,100
2019-06-28 10:01:58.098480890,99947,352,99852,252,99965,100,99810,100,99989,100,99794,100,99995,100,99786,100,100009,200,99763,100,100035,100,99726,100,100036,100,99720,100,100157,200,99694,100,100404,100,99632,100,100553,100,99360,100
2019-06-28 10:02:00.000000000,99947,186,99810,186,99965,183,99794,183,99989,183,99786,183,99995,100,99763,100,100009,200,99726,100,100035,100,99720,100,100036,100,99694,100,100157,200,99632,100,100404,100,99360,100,100553,100,99212,100
2019-06-28 10:02:09.749506711,99836,100,99810,186,99947,186,99794,183,99965,183,99786,183,99989,183,99763,100,99995,100,99726,100,100009,200,99720,100,100035,100,99694,100,100036,100,99632,100,100157,200,99212,100,100404,100,98244,100
2019-06-28 10:02:10.000000000,99836,226,99810,226,99947,226,99794,226,99965,100,99786,100,99989,100,99763,100,99995,100,99726,100,100009,200,99720,100,100035,100,99694,100,100036,100,99632,100,100157,200,99212,100,100404,100,98244,100
2019-06-28 10:02:20.000000000,99836,352,99810,352,99947,100,99794,100,99965,100,99786,100,99989,100,99763,100,99995,100,99726,100,100009,200,99720,100,100035,100,99694,100,100036,100,99632,100,100157,200,99212,100,100404,100,98244,100
2019-06-28 10:02:25.149598435,99836,352,99810,252,99947,100,99794,100,99965,100,99786,100,99989,100,99726,100,99995,100,99720,100,100009,200,99694,100,100035,100,99632,100,100036,100,99212,100,100157,200,98244,100,100404,100,97836,100
2019-06-28 10:02:30.000000000,99836,186,99794,186,99947,183,99786,183,99965,183,99726,183,99989,100,99720,100,99995,100,99694,100,100009,200,99632,100,100035,100,99212,100,100036,100,98244,100,100157,200,97836,100,100404,100,,
2019-06-28 10:02:31.841319582,99836,186,99794,186,99947,183,99786,183,99965,183,99726,183,99989,100,99720,100,99995,100,99694,100,100009,200,99632,100,100035,100,99212,100,100036,100,99078,100,100157,200,98244,100,100404,100,97836,100
2019-06-28 10:02:32.199380024,99836,186,99794,186,99947,183,99786,183,99965,183,99726,183,99989,100,99720,100,99995,100,99694,100,100009,200,99632,100,100035,100,99212,100,100036,100,99181,100,100157,200,99078,100,100404,100,98244,100
2019-06-28 10:02:40.000000000,99836,163,99794,163,99947,163,99786,163,99965,163,99726,163,99989,163,99720,163,99995,100,99694,100,100009,200,99632,100,100035,100,99212,100,100036,100,99181,100,100157,200,99078,100,100404,100,98244,100
2019-06-28 10:02:50.000000000,99836,186,99794,186,99947,183,99786,183,99965,183,99726,183,99989,100,99720,100,99995,100,99694,100,100009,200,99632,100,100035,100,99212,100,100036,100,99181,100,100157,200,99078,100,100404,100,98244,100
2019-06-28 10:03:00.000000000,99836,352,99794,352,99947,100,99786,100,99965,100,99726,100,99989,100,99720,100,99995,100,99694,100,100009,200,99632,100,100035,100,99212,100,100036,100,99181,100,100157,200,99078,100,100404,100,98244,100
2019-06-28 10:03:08.139690648,99835,100,99794,352,99836,352,99786,100,99947,100,99726,100,99965,100,99720,100,99989,100,99694,100,99995,100,99632,100,100009,200,99212,100,100036,100,99181,100,100157,200,99078,100,100404,100,98244,100
2019-06-28 10:03:10.000000000,99835,352,99794,352,99836,100,99786,100,99947,100,99726,100,99965,100,99720,100,99989,100,99694,100,99995,100,99632,100,100009,200,99212,100,100036,100,99181,100,100157,200,99078,100,100404,100,98244,100
2019-06-28 10:03:11.368927570,99835,352,99794,352,99836,100,99786,100,99868,100,99726,100,99947,100,99720,100,99965,100,99694,100,99989,100,99632,100,99995,100,99212,100,100009,200,99181,100,100036,100,99078,100,100157,200,98244,100
2019-06-28 10:03:13.184524497,99835,352,99794,252,99836,100,99786,100,99868,100,99726,100,99947,100,99720,100,99965,100,99694,100,99989,100,99632,100,99995,100,99212,100,100009,200,99181,100,100036,100,99078,100,100157,200,98244,100
2019-06-28 10:03:18.274440280,99835,352,99794,152,99836,100,99726,100,99868,100,99720,100,99947,100,99694,100,99965,100,99632,100,99989,100,99212,100,99995,100,99181,100,100009,200,99078,100,100036,100,98244,100,100157,200,97836,100
2019-06-28 10:03:20.000000000,99835,186,99726,186,99836,183,99720,183,99868,183,99694,183,99947,100,99632,100,99965,100,99212,100,99989,100,99181,100,99995,100,99078,100,100009,200,98244,100,100036,100,97836,100,100157,200,,
2019-06-28 10:03:30.000000000,99835,150,99726,150,99836,150,99720,150,99868,150,99694,150,99947,150,99632,150,99965,150,99212,150,99989,100,99181,100,99995,100,99078,100,100009,200,98244,100,100036,100,97836,100,100157,200,,
2019-06-28 10:03:40.000000000,99835,150,99726,150,99836,150,99720,150,99868,150,99694,150,99947,150,99632,150,99965,150,99212,150,99989,100,99181,100,99995,100,99078,100,100009,200,98244,100,100036,100,97836,100,100157,200,,
2019-06-28 10:03:50.000000000,99835,186,99726,186,99836,183,99720,183,99868,183,99694,183,99947,100,99632,100,99965,100,99212,100,99989,100,99181,100,99995,100,99078,100,100009,200,98244,100,100036,100,97836,100,100157,200,,
2019-06-28 10:03:59.861748769,99835,186,99726,186,99836,183,99720,183,99868,183,99694,83,99947,100,99632,100,99965,100,99255,100,99989,100,99212,100,99995,100,99181,100,100009,200,99078,100,100036,100,98244,100,100157,200,97836,100
2019-06-28 10:04:00.000000000,99835,352,99726,352,99836,100,99720,100,99868,100,99632,100,99947,100,99255,100,99965,100,99212,100,99989,100,99181,100,99995,100,99078,100,100009,200,98244,100,100036,100,97836,100,100157,200,,
2019-06-28 10:04:10.000000000,99835,150,99726,150,99836,150,99720,150,99868,150,99632,150,99947,150,99255,150,99965,150,99212,150,99989,100,99181,100,99995,100,99078,100,100009,200,98244,100,100036,100,97836,100,100157,200,,
2019-06-28 10:04:10.296842679,99726,50,99720,150,99835,150,99632,150,99836,150,99255,150,99868,150,99212,150,99947,150,99181,100,99965,150,99078,100,99989,100,98244,100,99995,100,97836,100,100009,200,,,100036,100,,
2019-06-28 10:04:11.494745288,99726,50,99720,150,99835,50,99632,150,99836,150,99255,150,99868,150,99212,150,99947,150,99181,100,99965,150,99078,100,99989,100,98244,100,99995,100,97836,100,100009,200,,,100036,100,,
2019-06-28 10:04:12.567116218,99726,50,99720,150,99835,50,99632,150,99836,150,99255,150,99868,150,99212,150,99947,150,99181,100,99965,150,99092,100,99989,100,99078,100,99995,100,98244,100,100009,200,97836,100,100036,100,,
2019-06-28 10:04:20.000000000,99726,100,99720,150,99836,150,99632,150,99868,150,99255,150,99947,150,99212,150,99965,150,99181,150,99989,100,99092,100,99995,100,99078,100,100009,200,98244,100,100036,100,97836,100,100157,200,,
2019-06-28 10:04:30.000000000,99726,302,99720,352,99836,100,99632,100,99868,100,99255,100,99947,100,99212,100,99965,100,99181,100,99989,100,99092,100,99995,100,99078,100,100009,200,98244,100,100036,100,97836,100,100157,200,,
2019-06-28 10:04:32.340778213,99726,302,99720,352,99836,100,99632,100,99868,100,99255,100,99947,100,99212,100,99965,100,99107,100,99989,100,99092,100,99995,100,99078,100,100009,200,98244,100,100036,100,97836,100,100157,200,,
2019-06-28 10:04:40.000000000,99726,136,99720,186,99836,183,99632,183,99868,183,99255,183,99947,100,99212,100,99965,100,99107,100,99989,100,99092,100,99995,100,99078,100,100009,200,98244,100,100036,100,97836,100,100157,200,,
2019-06-28 10:04:50.000000000,99726,113,99720,163,99836,163,99632,163,99868,163,99255,163,99947,163,99212,163,99965,100,99107,100,99989,100,99092,100,99995,100,99078,100,100009,200,98244,100,100036,100,97836,100,100157,200,,
2019-06-28 10:05:00.000000000,99726,176,99720,226,99836,226,99632,226,99868,100,99255,100,99947,100,99212,100,99965,100,99107,100,99989,100,99092,100,99995,100,99078,100,100009,200,98244,100,100036,100,97836,100,100157,200,,
2019-06-28 10:05:10.000000000,99726,176,99720,226,99836,226,99632,226,99868,100,99255,100,99947,100,99212,100,99965,100,99107,100,99989,100,99092,100,99995,100,99078,100,100009,200,98244,100,100036,100,97836,100,100157,200,,
2019-06-28 10:05:11.787952962,99726,176,99720,126,99836,226,99632,226,99868,100,99212,100,99947,100,99107,100,99965,100,99092,100,99989,100,99078,100,99995,100,98244,100,100009,200,97836,100,100036,100,,,100157,200,,
2019-06-28 10:05:17.415679980,99726,176,99720,26,99836,226,99632,226,99868,100,99212,100,99947,100,99107,100,99965,100,99092,100,99989,100,99078,100,99995,100,98244,100,100009,200,97836,100,100036,100,,,100157,200,,
2019-06-28 10:05:20.000000000,99726,136,99632,186,99836,183,99212,183,99868,183,99107,183,99947,100,99092,100,99965,100,99078,100,99989,100,98244,100,99995,100,97836,100,100009,200,,,100036,100,,,100157,200,,
2019-06-28 10:05:30.000000000,99726,302,99632,352,99836,100,99212,100,99868,100,99107,100,99947,100,99092,100,99965,100,99078,100,99989,100,98244,100,99995,100,97836,100,100009,200,,,100036,100,,,100157,200,,
2019-06-28 10:05:35.078404286,99726,302,99632,352,99836,100,99212,100,99868,100,99107,100,99947,100,99092,100,99965,100,99078,100,99989,100,98903,100,99995,100,98244,100,100009,200,97836,100,100036,100,,,100157,200,,
2019-06-28 10:05:35.246797006,99720,100,99632,352,99726,302,99212,100,99836,100,99107,100,99868,100,99092,100,99947,100,99078,100,99965,100,98903,100,99989,100,98244,100,99995,100,97836,100,100009,100,,,100036,100,,
2019-06-28 10:05:40.000000000,99720,150,99632,150,99726,100,99212,150,99836,150,99107,150,99868,150,99092,150,99947,150,99078,150,99965,100,98903,100,99989,100,98244,100,99995,100,97836,100,100009,100,,,100036,100,,
2019-06-28 10:05:50.000000000,99720,163,99632,163,99726,113,99212,163,99836,163,99107,163,99868,163,99092,163,99947,100,99078,100,99965,100,98903,100,99989,100,98244,100,99995,100,97836,100,100009,100,,,100036,100,,
2019-06-28 10:06:00.000000000,99720,163,99632,163,99726,113,99212,163,99836,163,99107,163,99868,163,99092,163,99947,100,99078,100,99965,100,98903,100,99989,100,98244,100,99995,100,97836,100,100009,100,,,100036,100,,
2019-06-28 10:06:10.000000000,99720,226,99632,226,99726,176,99212,226,99836,100,99107,100,99868,100,99092,100,99947,100,99078,100,99965,100,98903,100,99989,100,98244,100,99995,100,97836,100,100009,100,,,100036,100,,
2019-06-28 10:06:20.000000000,99720,226,99632,226,99726,176,99212,226,99836,100,99107,100,99868,100,99092,100,99947,100,99078,100,99965,100,98903,100,99989,100,98244,100,99995,100,97836,100,100009,100,,,100036,100,,
2019-06-28 10:06:30.000000000,99720,186,99632,186,99726,133,99212,183,99836,183,99107,183,99868,100,99092,100,99947,100,99078,100,99965,100,98903,100,99989,100,98244,100,99995,100,97836,100,100009,100,,,100036,100,,
2019-06-28 10:06:40.000000000,99720,150,99632,150,99726,100,99212,150,99836,150,99107,150,99868,150,99092,150,99947,150,99078,150,99965,100,98903,100,99989,100,98244,100,99995,100,97836,100,100009,100,,,100036,100,,
2019-06-28 10:06:50.000000000,99720,150,99632,150,99726,100,99212,150,99836,150,99107,150,99868,150,99092,150,99947,150,99078,150,99965,100,98903,100,99989,100,98244,100,99995,100,97836,100,100009,100,,,100036,100,,
2019-06-28 10:06:54.271648291,99720,150,99632,50,99726,100,99212,150,99836,150,99107,150,99868,150,99092,150,99947,150,99078,150,99965,100,98903,100,99989,100,98244,100,99995,100,97836,100,100009,100,,,100036,100,,
2019-06-28 10:06:58.284632363,99720,150,99632,50,99726,100,99212,150,99836,150,99107,150,99868,150,99092,150,99947,150,99078,150,99965,100,98903,100,99989,100,98244,100,99995,100,98233,100,100009,100,97836,100,100036,100,,
2019-06-28 10:07:00.000000000,99720,186,99212,186,99726,133,99107,183,99836,183,99092,183,99868,100,99078,100,99947,100,98903,100,99965,100,98244,100,99989,100,98233,100,99995,100,97836,100,100009,100,,,100036,100,,
2019-06-28 10:07:10.000000000,99720,352,99212,352,99726,50,99107,100,99836,100,99092,100,99868,100,99078,100,99947,100,98903,100,99965,100,98244,100,99989,100,98233,100,99995,100,97836,100,100009,100,,,100036,100,,
2019-06-28 10:07:20.000000000,99720,226,99212,226,99726,176,99107,226,99836,100,99092,100,99868,100,99078,100,99947,100,98903,100,99965,100,98244,100,99989,100,98233,100,99995,100,97836,100,100009,100,,,100036,100,,
2019-06-28 10:07:26.175811899,99720,226,99212,226,99726,176,99107,226,99836,100,99092,100,99868,100,99078,100,99947,100,98903,100,99965,100,98827,100,99989,100,98244,100,99995,100,98233,100,100009,100,97836,100,100036,100,,
2019-06-28 10:07:30.000000000,99720,150,99212,150,99726,100,99107,150,99836,150,99092,150,99868,150,99078,150,99947,150,98903,150,99965,100,98827,100,99989,100,98244,100,99995,100,98233,100,100009,100,97836,100,100036,100,,
2019-06-28 10:07:40.000000000,99720,163,99212,163,99726,113,99107,163,99836,163,99092,163,99868,163,99078,163,99947,100,98903,100,99965,100,98827,100,99989,100,98244,100,99995,100,98233,100,100009,100,97836,100,100036,100,,
2019-06-28 10:07:50.000000000,99720,352,99212,352,99726,50,99107,100,99836,100,99092,100,99868,100,99078,100,99947,100,98903,100,99965,100,98827,100,99989,100,98244,100,99995,100,98233,100,100009,100,97836,100,100036,100,,
2019-06-28 10:08:00.000000000,99720,226,99212,226,99726,176,99107,226,99836,100,99092,100,99868,100,99078,100,99947,100,98903,100,99965,100,98827,100,99989,100,98244,100,99995,100,98233,100,100009,100,97836,100,100036,100,,
2019-06-28 10:08:01.936259429,99720,226,99212,126,99726,176,99107,226,99836,100,99092,100,99868,100,99078,100,99947,100,98903,100,99965,100,98827,100,99989,100,98244,100,99995,100,98233,100,100009,100,97836,100,100036,100,,
2019-06-28 10:08:10.000000000,99720,150,99107,150,99726,100,99092,150,99836,150,99078,150,99868,150,98903,150,99947,150,98827,150,99965,100,98244,100,99989,100,98233,100,99995,100,97836,100,100009,100,,,100036,100,,
2019-06-28 10:08:17.064219148,99632,100,99107,150,99720,150,99092,150,99726,100,99078,150,99836,150,98903,150,99868,150,98827,150,99947,150,98244,100,99965,100,98233,100,99989,100,97836,100,99995,100,,,100009,100,,
2019-06-28 10:08:17.747354988,99632,100,99213,100,99720,150,99107,150,99726,100,99092,150,99836,150,99078,150,99868,150,98903,150,99947,150,98827,150,99965,100,98244,100,99995,100,98233,100,100009,100,97836,100,100036,100,,
2019-06-28 10:08:20.000000000,99632,352,99213,352,99720,100,99107,100,99726,50,99092,100,99836,100,99078,100,99868,100,98903,100,99947,100,98827,100,99965,100,98244,100,99995,100,98233,100,100009,100,97836,100,100036,100,,
2019-06-28 10:08:30.000000000,99632,186,99213,186,99720,183,99107,183,99726,133,99092,183,99836,100,99078,100,99868,100,98903,100,99947,100,98827,100,99965,100,98244,100,99995,100,98233,100,100009,100,97836,100,100036,100,,
2019-06-28 10:08:40.000000000,99632,226,99213,226,99720,226,99107,226,99726,50,99092,100,99836,100,99078,100,99868,100,98903,100,99947,100,98827,100,99965,100,98244,100,99995,100,98233,100,100009,100,97836,100,100036,100,,
2019-06-28 10:08:42.244198651,99632,226,99213,326,99720,226,99107,226,99726,50,99092,100,99836,100,99078,100,99868,100,98903,100,99947,100,98827,100,99965,100,98244,100,99995,100,98233,100,100009,100,97836,100,100036,100,,
2019-06-28 10:08:50.000000000,99632,163,99213,263,99720,163,99107,163,99726,113,99092,163,99836,163,99078,163,99868,100,98903,100,99947,100,98827,100,99965,100,98244,100,99995,100,98233,100,100009,100,97836,100,100036,100,,
