,ask_price_1,ask_size_1,bid_price_1,bid_size_1,ask_price_2,ask_size_2,bid_price_2,bid_size_2,ask_price_3,ask_size_3,bid_price_3,bid_size_3,ask_price_4,ask_size_4,bid_price_4,bid_size_4,ask_price_5,ask_size_5,bid_price_5,bid_size_5,ask_price_6,ask_size_6,bid_price_6,bid_size_6,ask_price_7,ask_size_7,bid_price_7,bid_size_7,ask_price_8,ask_size_8,bid_price_8,bid_size_8,ask_price_9,ask_size_9,bid_price_9,bid_size_9,ask_price_10,ask_size_10,bid_price_10,bid_size_10
2019-06-28 09:30:00.000000005,100118,100,,,,,,,,,,,,,,,,,,,,,,,,,,,,,,,,,,,,,,
2019-06-28 09:30:00.000000006,100118,100,,,100141,100,,,,,,,,,,,,,,,,,,,,,,,,,,,,,,,,,,
2019-06-28 09:30:00.000000007,100118,100,99948,100,100141,100,,,,,,,,,,,,,,,,,,,,,,,,,,,,,,,,,,
2019-06-28 09:30:00.000000009,100118,100,99948,100,100141,100,99865,100,,,,,,,,,,,,,,,,,,,,,,,,,,,,,,,,
2019-06-28 09:30:00.000000012,100118,100,99948,100,100141,100,99932,100,,,99865,100,,,,,,,,,,,,,,,,,,,,,,,,,,,,
2019-06-28 09:30:00.000000013,100002,100,99948,100,100118,100,99932,100,100137,100,99865,100,100141,100,,,,,,,,,,,,,,,,,,,,,,,,,,
2019-06-28 09:30:00.000000015,100002,100,99948,100,100036,100,99932,100,100072,100,99865,100,100118,100,,,100137,100,,,100141,100,,,,,,,,,,,,,,,,,,
2019-06-28 09:30:00.000000017,99991,100,99972,100,100036,100,99948,100,100072,100,99932,100,100118,100,99865,100,100137,100,,,100141,100,,,,,,,,,,,,,,,,,,
2019-06-28 09:30:00.000000019,99991,100,99972,100,100036,100,99948,100,100072,100,99932,100,100114,100,99865,100,100118,100,,,100137,100,,,100141,100,,,,,,,,,,,,,,
2019-06-28 09:30:00.000000020,99991,100,99948,100,100036,100,99932,100,100072,100,99865,100,100114,100,,,100118,100,,,100137,100,,,100141,100,,,,,,,,,,,,,,
2019-06-28 09:30:00.000000021,99991,100,99972,100,100036,100,99948,100,100072,100,99932,100,100114,100,99865,100,100118,100,,,100137,100,,,100141,100,,,,,,,,,,,,,,
2019-06-28 09:30:00.000000023,99991,100,99972,100,100036,100,99948,100,100072,100,99932,100,100114,100,99865,100,100118,100,99797,100,100137,100,,,100141,100,,,,,,,,,,,,,,
2019-06-28 09:30:00.000000024,99990,100,99972,100,99991,100,99948,100,100036,100,99932,100,100072,100,99865,100,100114,100,99843,100,100118,100,99797,100,100137,100,,,100141,100,,,,,,,,,,
2019-06-28 09:30:00.000000025,99990,100,99982,100,99991,100,99948,100,100036,100,99932,100,100072,100,99865,100,100114,100,99843,100,100118,100,99797,100,100137,100,,,100141,100,,,,,,,,,,
2019-06-28 09:30:00.000000026,99990,100,99982,100,99991,100,99948,100,100036,100,99932,100,100072,100,99872,100,100114,100,99865,100,100118,100,99843,100,100137,100,99797,100,100141,100,,,,,,,,,,
2019-06-28 09:30:00.000000029,99990,100,99982,100,99991,100,99972,100,100036,100,99948,100,100072,100,99932,100,100093,100,99926,100,100114,100,99872,100,100118,100,99865,100,100137,100,99843,100,100141,100,99797,100,,,,
2019-06-28 09:30:00.000000032,99990,100,99982,100,99991,100,99972,100,100036,100,99948,100,100072,100,99932,100,100093,100,99926,100,100114,100,99918,100,100118,100,99872,100,100137,100,99865,100,100141,100,99843,100,,,99797,100
2019-06-28 09:30:00.000000034,99990,100,99982,100,99991,100,99972,100,100035,100,99948,100,100036,100,99932,100,100072,100,99926,100,100093,100,99918,100,100110,100,99872,100,100114,100,99865,100,100118,100,99843,100,100137,100,99797,100
2019-06-28 09:30:00.000000035,99990,100,99982,100,99991,100,99972,100,100035,100,99948,100,100036,100,99932,100,100072,100,99926,100,100093,100,99918,100,100110,100,99872,100,100114,100,99865,100,100115,100,99843,100,100118,100,99797,100
2019-06-28 09:30:00.000000037,99990,100,99982,100,99991,100,99972,100,100035,100,99948,100,100036,100,99932,100,100048,100,99926,100,100072,100,99918,100,100093,100,99872,100,100110,100,99865,100,100114,100,99843,100,100115,100,99797,100
2019-06-28 09:30:00.000000046,99990,100,99982,100,99991,100,99972,100,100034,100,99948,100,100035,100,99932,100,100036,100,99926,100,100048,100,99918,100,100072,100,99872,100,100093,100,99865,100,100110,100,99843,100,100114,100,99827,100
2019-06-28 09:30:00.000000048,99990,100,99982,100,99991,100,99972,100,100034,100,99948,100,100035,100,99932,100,100036,100,99926,100,100048,100,99918,100,100072,100,99917,100,100093,100,99872,100,100110,100,99865,100,100114,100,99843,100
2019-06-28 09:30:00.000000054,99990,100,99982,100,99991,100,99972,200,99998,100,99948,100,100034,100,99932,100,100035,100,99926,100,100036,100,99918,100,100048,100,99917,100,100072,100,99872,100,100093,100,99865,100,100110,100,99843,100
2019-06-28 09:30:00.000000057,99990,100,99972,200,99991,100,99948,100,99998,100,99932,100,100034,100,99926,100,100035,100,99919,100,100036,100,99918,100,100048,100,99917,100,100072,100,99872,100,100093,100,99865,100,100110,100,99843,100
2019-06-28 09:30:00.000000064,99990,100,99973,100,99991,100,99972,200,99998,100,99948,100,100034,100,99932,100,100035,100,99926,100,100036,100,99921,100,100048,100,99919,100,100072,100,99918,100,100093,100,99917,100,100110,100,99897,100
2019-06-28 09:30:00.000000065,99990,100,99973,100,99991,100,99972,200,99998,100,99948,100,100034,100,99932,100,100035,100,99926,100,100036,100,99921,100,100048,100,99919,100,100072,100,99918,100,100093,100,99917,100,100110,100,99905,100
2019-06-28 09:30:00.000000066,99990,100,99973,100,99991,100,99972,200,99998,100,99948,100,100034,100,99932,100,100035,100,99926,100,100036,100,99921,100,100048,100,99919,100,100072,100,99918,100,100093,100,99917,100,100110,100,99905,100
2019-06-28 09:30:00.000000067,99991,100,99973,100,99998,100,99972,200,100034,100,99948,100,100035,100,99932,100,100036,100,99926,100,100048,100,99921,100,100072,100,99919,100,100093,100,99918,100,100110,100,99917,100,100114,100,99905,100
2019-06-28 09:30:00.000000068,99980,100,99973,100,99991,100,99972,200,99998,100,99948,100,100034,100,99932,100,100035,100,99926,100,100036,100,99921,100,100048,100,99919,100,100072,100,99918,100,100093,100,99917,100,100110,100,99905,100
2019-06-28 09:30:00.000000071,99980,100,99973,100,99990,100,99972,200,99991,100,99948,100,99998,100,99932,100,100034,100,99926,100,100035,100,99921,100,100036,100,99919,100,100048,100,99918,100,100072,100,99917,100,100093,100,99905,100
2019-06-28 09:30:00.000000077,99990,100,99973,100,99991,100,99972,200,99998,100,99948,100,100034,100,99932,100,100035,100,99926,100,100036,100,99921,100,100048,100,99919,100,100072,100,99918,100,100093,100,99917,100,100110,100,99905,100
2019-06-28 09:30:00.000000078,99990,100,99973,100,99991,100,99972,200,99998,100,99948,100,100034,100,99932,100,100035,100,99926,100,100036,100,99924,100,100048,100,99921,100,100072,100,99919,100,100093,100,99918,100,100110,100,99917,100
2019-06-28 09:30:00.000000080,99990,100,99973,100,99991,100,99972,200,99998,100,99948,100,100034,100,99932,100,100035,100,99926,100,100036,100,99924,100,100048,100,99921,100,100072,100,99919,100,100093,100,99918,100,100110,100,99917,100
2019-06-28 09:30:00.000000082,99990,100,99972,200,99991,100,99948,100,99998,100,99932,100,100024,100,99926,100,100034,100,99924,100,100035,100,99921,100,100036,100,99919,100,100048,100,99918,100,100072,100,99917,100,100093,100,99905,100
2019-06-28 09:30:00.000000083,99990,100,99972,200,99991,100,99948,100,99998,100,99932,100,100024,100,99926,100,100034,100,99924,100,100035,100,99921,100,100036,100,99919,100,100048,100,99918,100,100072,100,99917,100,100093,100,99905,100
2019-06-28 09:30:00.000000084,99990,100,99972,100,99991,100,99948,200,99998,100,99932,100,100024,100,99926,100,100034,100,99924,100,100035,100,99921,100,100036,100,99919,100,100048,100,99918,100,100072,100,99917,100,100093,100,99905,100
2019-06-28 09:30:00.000000086,99990,100,99948,200,99991,100,99932,100,99998,100,99926,100,100024,100,99924,100,100034,100,99921,100,100035,100,99919,100,100036,100,99918,100,100048,100,99917,100,100072,100,99905,100,100093,100,99897,100
2019-06-28 09:30:00.000000088,99990,100,99948,200,99991,100,99932,100,99998,100,99926,100,100024,100,99924,100,100034,100,99921,100,100035,100,99919,100,100036,100,99918,100,100048,100,99917,100,100072,100,99905,100,100093,100,99897,100
2019-06-28 09:30:00.000000089,99991,100,99948,200,99998,100,99932,100,100002,100,99926,100,100024,100,99924,100,100034,100,99921,100,100035,100,99919,100,100036,100,99918,100,100048,100,99917,100,100072,100,99905,100,100093,100,99897,100
2019-06-28 09:30:00.000000093,99991,100,99948,200,99998,100,99946,100,100002,100,99932,100,100024,100,99926,100,100034,100,99924,100,100035,100,99921,100,100036,100,99919,100,100048,100,99918,100,100072,100,99917,100,100093,100,99905,100
2019-06-28 09:30:00.000000096,99991,100,99948,200,99998,100,99946,100,100002,100,99932,100,100024,100,99926,100,100034,100,99924,100,100035,100,99921,100,100036,100,99919,100,100048,100,99918,100,100072,100,99917,100,100093,100,99905,100
2019-06-28 09:30:00.000000097,99991,100,99948,200,99998,100,99946,100,100002,100,99932,100,100024,100,99926,100,100027,100,99924,100,100034,100,99921,100,100035,100,99919,100,100036,100,99918,100,100048,100,99917,100,100072,100,99905,100
2019-06-28 09:30:10.000000000,99991,297,99948,397,99998,297,99946,297,100002,100,99932,100,100024,100,99926,100,100027,100,99924,100,100034,100,99921,100,100035,100,99919,100,100036,100,99918,100,100048,100,99917,100,100072,100,99905,100
2019-06-28 09:30:16.042378114,99991,297,99948,397,99998,297,99946,297,100002,100,99932,100,100024,100,99926,100,100027,100,99924,100,100034,100,99921,100,100035,100,99919,100,100036,100,99918,100,100048,100,99917,100,100072,100,99905,100
2019-06-28 09:30:20.000000000,99991,494,99948,594,99998,100,99946,100,100002,100,99932,100,100024,100,99926,100,100027,100,99924,100,100034,100,99921,100,100035,100,99919,100,100036,100,99918,100,100048,100,99917,100,100072,100,99905,100
2019-06-28 09:30:30.000000000,99991,179,99948,279,99998,179,99946,179,100002,179,99932,179,100024,179,99926,179,100027,179,99924,179,100034,100,99921,100,100035,100,99919,100,100036,100,99918,100,100048,100,99917,100,100072,100,99905,100
2019-06-28 09:30:40.000000000,99991,297,99948,397,99998,297,99946,297,100002,100,99932,100,100024,100,99926,100,100027,100,99924,100,100034,100,99921,100,100035,100,99919,100,100036,100,99918,100,100048,100,99917,100,100072,100,99905,100
2019-06-28 09:30:50.000000000,99991,494,99948,594,99998,100,99946,100,100002,100,99932,100,100024,100,99926,100,100027,100,99924,100,100034,100,99921,100,100035,100,99919,100,100036,100,99918,100,100048,100,99917,100,100072,100,99905,100
2019-06-28 09:30:56.545402537,99991,394,99948,594,99998,100,99946,100,100002,100,99932,100,100024,100,99926,100,100027,100,99921,100,100034,100,99919,100,100035,100,99918,100,100036,100,99917,100,100048,100,99905,100,100072,100,99897,100
2019-06-28 09:30:59.666181188,99991,294,99948,594,99998,100,99946,100,100002,100,99932,100,100024,100,99926,100,100027,100,99921,100,100034,100,99919,100,100035,100,99918,100,100036,100,99917,100,100048,100,99905,100,100072,100,99890,100
2019-06-28 09:31:00.000000000,99998,297,99948,397,100002,297,99946,297,100024,100,99932,100,100027,100,99926,100,100034,100,99921,100,100035,100,99919,100,100036,100,99918,100,100048,100,99917,100,100072,100,99905,100,100093,100,99890,100
2019-06-28 09:31:10.000000000,99998,494,99948,594,100002,100,99946,100,100024,100,99932,100,100027,100,99926,100,100034,100,99921,100,100035,100,99919,100,100036,100,99918,100,100048,100,99917,100,100072,100,99905,100,100093,100,99890,100
2019-06-28 09:31:20.000000000,99998,297,99948,397,100002,297,99946,297,100024,100,99932,100,100027,100,99926,100,100034,100,99921,100,100035,100,99919,100,100036,100,99918,100,100048,100,99917,100,100072,100,99905,100,100093,100,99890,100
2019-06-28 09:31:30.000000000,99998,198,99948,298,100002,198,99946,198,100024,198,99932,198,100027,198,99926,198,100034,100,99921,100,100035,100,99919,100,100036,100,99918,100,100048,100,99917,100,100072,100,99905,100,100093,100,99890,100
2019-06-28 09:31:32.812569588,99998,198,99991,100,100002,198,99948,298,100024,198,99946,198,100027,198,99932,198,100034,100,99926,198,100035,100,99921,100,100036,100,99919,100,100048,100,99918,100,100072,100,99917,100,100093,100,99905,100
2019-06-28 09:31:40.000000000,99998,297,99991,297,100002,297,99948,397,100024,100,99946,100,100027,100,99932,100,100034,100,99926,100,100035,100,99921,100,100036,100,99919,100,100048,100,99918,100,100072,100,99917,100,100093,100,99905,100
2019-06-28 09:31:45.629101632,99998,197,99991,297,100002,297,99948,397,100024,100,99946,100,100027,100,99932,100,100035,100,99926,100,100036,100,99921,100,100048,100,99919,100,100072,100,99918,100,100093,100,99917,100,100105,100,99905,100
2019-06-28 09:31:50.000000000,100002,179,99991,179,100024,179,99948,279,100027,179,99946,179,100035,179,99932,179,100036,179,99926,179,100048,100,99921,100,100072,100,99919,100,100093,100,99918,100,100105,100,99917,100,100110,100,99905,100
2019-06-28 09:32:00.000000000,100002,179,99991,179,100024,179,99948,279,100027,179,99946,179,100035,179,99932,179,100036,179,99926,179,100048,100,99921,100,100072,100,99919,100,100093,100,99918,100,100105,100,99917,100,100110,100,99905,100
2019-06-28 09:32:05.239464256,100002,179,99991,179,100024,179,99948,279,100027,179,99946,179,100035,179,99932,179,100036,179,99926,179,100072,100,99921,100,100093,100,99919,100,100105,100,99918,100,100110,100,99917,100,100114,100,99905,100
2019-06-28 09:32:10.000000000,100002,234,99991,234,100024,230,99948,330,100027,230,99946,230,100035,100,99932,100,100036,100,99926,100,100072,100,99921,100,100093,100,99919,100,100105,100,99918,100,100110,100,99917,100,100114,100,99905,100
2019-06-28 09:32:11.928907638,100002,134,99991,234,100024,230,99948,330,100027,230,99946,230,100035,100,99932,100,100036,100,99926,100,100072,100,99921,100,100093,100,99919,100,100105,100,99918,100,100110,100,99917,100,100114,100,99905,100
2019-06-28 09:32:12.850845351,100002,34,99991,234,100024,230,99948,330,100027,230,99946,230,100035,100,99932,100,100036,100,99926,100,100072,100,99921,100,100093,100,99919,100,100105,100,99918,100,100110,100,99917,100,100114,100,99905,100
2019-06-28 09:32:20.000000000,100024,494,99991,494,100027,100,99948,200,100035,100,99946,100,100036,100,99932,100,100072,100,99926,100,100093,100,99921,100,100105,100,99919,100,100110,100,99918,100,100114,100,99917,100,100115,100,99905,100
2019-06-28 09:32:30.000000000,100024,297,99991,297,100027,297,99948,397,100035,100,99946,100,100036,100,99932,100,100072,100,99926,100,100093,100,99921,100,100105,100,99919,100,100110,100,99918,100,100114,100,99917,100,100115,100,99905,100
2019-06-28 09:32:37.588917637,100024,197,99991,297,100027,297,99948,397,100035,100,99946,100,100036,100,99932,100,100072,100,99926,100,100093,100,99921,100,100105,100,99919,100,100110,100,99918,100,100114,100,99917,100,100115,100,99905,100
2019-06-28 09:32:40.000000000,100027,198,99991,198,100035,198,99948,298,100036,198,99946,198,100072,198,99932,198,100093,100,99926,100,100105,100,99921,100,100110,100,99919,100,100114,100,99918,100,100115,100,99917,100,100156,100,99905,100
2019-06-28 09:32:41.646020153,100027,98,99991,198,100035,198,99948,298,100036,198,99946,198,100072,198,99932,198,100093,100,99926,100,100105,100,99921,100,100110,100,99919,100,100114,100,99918,100,100115,100,99917,100,100156,100,99905,100
2019-06-28 09:32:50.000000000,100035,494,99991,494,100036,100,99948,200,100072,100,99946,100,100093,100,99932,100,100105,100,99926,100,100110,100,99921,100,100114,100,99919,100,100115,100,99918,100,100156,100,99917,100,100172,100,99905,100
2019-06-28 09:33:00.000000000,100035,198,99991,198,100036,198,99948,298,100072,198,99946,198,100093,198,99932,198,100105,100,99926,100,100110,100,99921,100,100114,100,99919,100,100115,100,99918,100,100156,100,99917,100,100172,100,99905,100
2019-06-28 09:33:01.995128796,100035,98,99991,198,100036,198,99948,298,100072,198,99946,198,100093,198,99932,198,100105,100,99926,100,100110,100,99921,100,100114,100,99919,100,100115,100,99918,100,100156,100,99917,100,100172,100,99905,100
2019-06-28 09:33:10.000000000,100036,234,99991,234,100072,230,99948,330,100093,230,99946,230,100105,100,99932,100,100110,100,99926,100,100114,100,99921,100,100115,100,99919,100,100156,100,99918,100,100172,100,99917,100,100249,100,99905,100
2019-06-28 09:33:20.000000000,100036,234,99991,234,100072,230,99948,330,100093,230,99946,230,100105,100,99932,100,100110,100,99926,100,100114,100,99921,100,100115,100,99919,100,100156,100,99918,100,100172,100,99917,100,100249,100,99905,100
2019-06-28 09:33:21.572762210,100036,234,99991,234,100072,230,99948,330,100093,230,99946,230,100105,100,99932,100,100110,100,99926,100,100114,100,99921,100,100115,100,99919,100,100156,100,99918,100,100172,100,99917,100,100249,100,99905,100
2019-06-28 09:33:29.699084875,100036,134,99991,234,100072,230,99948,330,100093,230,99946,230,100105,100,99932,100,100110,100,99926,100,100114,100,99921,100,100115,100,99919,100,100156,100,99918,100,100172,100,99905,100,100249,100,99890,100
2019-06-28 09:33:30.000000000,100072,234,99991,234,100093,230,99948,330,100105,230,99946,230,100110,100,99932,100,100114,100,99926,100,100115,100,99921,100,100156,100,99919,100,100172,100,99918,100,100249,100,99905,100,100383,100,99890,100
2019-06-28 09:33:32.384827228,100072,234,99991,234,100093,230,99948,330,100105,230,99946,230,100110,100,99932,100,100114,100,99926,100,100115,100,99921,100,100156,100,99919,100,100172,100,99918,100,100249,100,99905,100,100362,100,99890,100
2019-06-28 09:33:36.437490437,100072,234,99991,234,100093,230,99948,330,100105,230,99946,230,100110,100,99932,100,100114,100,99926,100,100115,100,99921,100,100156,100,99919,100,100172,100,99918,100,100249,100,99905,100,100362,100,99890,100
2019-06-28 09:33:40.000000000,100072,234,99991,234,100093,230,99948,330,100105,230,99946,230,100110,100,99932,100,100114,100,99926,100,100115,100,99921,100,100156,100,99919,100,100172,100,99918,100,100249,100,99905,100,100362,100,99890,100
2019-06-28 09:33:41.655765551,100072,134,99991,234,100093,230,99948,230,100105,230,99946,230,100110,100,99932,100,100114,100,99926,100,100115,100,99921,100,100156,100,99919,100,100172,100,99918,100,100249,100,99905,100,100362,100,99890,100
2019-06-28 09:33:41.658347912,100072,34,99991,234,100093,230,99948,230,100105,230,99946,230,100110,100,99932,100,100114,100,99926,100,100115,100,99921,100,100156,100,99919,100,100172,100,99918,100,100249,100,99905,100,100362,100,99890,100
2019-06-28 09:33:48.526357796,100093,230,100072,66,100105,230,99991,234,100110,100,99948,230,100114,100,99946,230,100115,100,99932,100,100156,100,99921,100,100172,100,99919,100,100249,100,99918,100,100362,100,99905,100,100383,100,99890,100
2019-06-28 09:33:50.000000000,100093,234,100072,200,100105,230,99991,230,100110,230,99948,230,100114,100,99946,100,100115,100,99932,100,100156,100,99921,100,100172,100,99919,100,100249,100,99918,100,100362,100,99905,100,100383,100,99890,100
2019-06-28 09:34:00.000000000,100093,234,100072,200,100105,230,99991,230,100110,230,99948,230,100114,100,99946,100,100115,100,99932,100,100156,100,99921,100,100172,100,99919,100,100249,100,99918,100,100362,100,99905,100,100383,100,99890,100
2019-06-28 09:34:10.000000000,100093,297,100072,263,100105,297,99991,297,100110,100,99948,100,100114,100,99946,100,100115,100,99932,100,100156,100,99921,100,100172,100,99919,100,100249,100,99918,100,100362,100,99905,100,100383,100,99890,100
2019-06-28 09:34:12.079123433,100093,297,100072,163,100105,297,99991,297,100110,100,99948,100,100114,100,99946,100,100115,100,99932,100,100156,100,99921,100,100172,100,99919,100,100249,100,99918,100,100362,100,99905,100,100383,100,99890,100
2019-06-28 09:34:20.000000000,100093,297,99991,297,100105,297,99948,297,100110,100,99946,100,100114,100,99932,100,100115,100,99921,100,100156,100,99919,100,100172,100,99918,100,100249,100,99905,100,100362,100,99890,100,100383,100,99843,100
2019-06-28 09:34:30.000000000,100093,297,99991,297,100105,297,99948,297,100110,100,99946,100,100114,100,99932,100,100115,100,99921,100,100156,100,99919,100,100172,100,99918,100,100249,100,99905,100,100362,100,99890,100,100383,100,99843,100
2019-06-28 09:34:35.819606214,100093,197,99991,297,100105,297,99948,297,100110,100,99946,100,100114,100,99932,100,100115,100,99921,100,100156,100,99919,100,100172,100,99918,100,100362,100,99905,100,100383,100,99890,100,100435,100,99843,100
2019-06-28 09:34:40.000000000,100105,198,99991,198,100110,198,99948,198,100114,198,99946,198,100115,198,99932,198,100156,100,99921,100,100172,100,99919,100,100362,100,99918,100,100383,100,99905,100,100435,100,99890,100,100457,100,99843,100
2019-06-28 09:34:50.000000000,100105,234,99991,234,100110,230,99948,230,100114,230,99946,230,100115,100,99932,100,100156,100,99921,100,100172,100,99919,100,100362,100,99918,100,100383,100,99905,100,100435,100,99890,100,100457,100,99843,100
2019-06-28 09:34:51.361596576,100105,234,99991,234,100110,230,99948,230,100114,230,99946,230,100115,100,99932,100,100156,100,99921,100,100172,100,99919,100,100362,100,99918,100,100383,100,99905,100,100435,100,99890,100,100457,100,99843,100
2019-06-28 09:35:00.000000000,100105,198,99991,198,100110,198,99948,198,100114,198,99946,198,100115,198,99932,198,100156,100,99921,100,100172,100,99919,100,100362,100,99918,100,100383,100,99905,100,100435,100,99890,100,100457,100,99843,100
2019-06-28 09:35:09.112598738,100105,198,100073,100,100110,198,99991,198,100114,198,99948,198,100115,198,99946,198,100156,100,99932,198,100172,100,99921,100,100362,100,99919,100,100383,100,99918,100,100435,100,99905,100,100457,100,99890,100
2019-06-28 09:35:10.000000000,100105,198,100073,198,100110,198,99991,198,100114,198,99948,198,100115,198,99946,198,100156,100,99932,100,100172,100,99921,100,100362,100,99919,100,100383,100,99918,100,100435,100,99905,100,100457,100,99890,100
2019-06-28 09:35:12.032235914,100105,98,100073,198,100110,198,99991,198,100114,198,99948,198,100115,198,99946,198,100156,100,99932,100,100172,100,99921,100,100383,100,99919,100,100435,100,99918,100,100457,100,99905,100,100531,100,99890,100
2019-06-28 09:35:20.000000000,100110,179,100073,179,100114,179,99991,179,100115,179,99948,179,100156,179,99946,179,100172,179,99932,179,100383,100,99921,100,100435,100,99919,100,100457,100,99918,100,100531,100,99905,100,,,99890,100
2019-06-28 09:35:27.466981521,100110,179,100073,179,100114,179,99991,179,100115,179,99948,179,100156,179,99946,179,100172,179,99932,179,100195,100,99921,100,100383,100,99919,100,100435,100,99918,100,100457,100,99890,100,100531,100,99843,100
2019-06-28 09:35:30.000000000,100110,198,100073,198,100114,198,99991,198,100115,198,99948,198,100156,198,99946,198,100172,100,99932,100,100195,100,99921,100,100383,100,99919,100,100435,100,99918,100,100457,100,99890,100,100531,100,99843,100
2019-06-28 09:35:36.439001222,100110,98,100073,198,100114,198,99991,198,100115,198,99948,198,100156,198,99946,198,100172,100,99932,100,100195,100,99921,100,100383,100,99919,100,100435,100,99918,100,100457,100,99890,100,100531,100,99843,100
2019-06-28 09:35:40.000000000,100114,179,100073,179,100115,179,99991,179,100156,179,99948,179,100172,179,99946,179,100195,179,99932,179,100383,100,99921,100,100435,100,99919,100,100457,100,99918,100,100531,100,99890,100,,,99843,100
2019-06-28 09:35:41.483800801,100114,179,100105,100,100115,179,100073,179,100156,179,99991,179,100172,179,99948,179,100195,179,99946,179,100383,100,99932,179,100435,100,99921,100,100457,100,99919,100,100531,100,99918,100,,,99890,100
2019-06-28 09:35:50.000000000,100114,297,100105,297,100115,297,100073,297,100156,100,99991,100,100172,100,99948,100,100195,100,99946,100,100383,100,99932,100,100435,100,99921,100,100457,100,99919,100,100531,100,99918,100,,,99890,100
2019-06-28 09:35:55.625085941,100114,197,100105,297,100115,297,100073,297,100156,100,99991,100,100172,100,99948,100,100383,100,99946,100,100435,100,99932,100,100457,100,99921,100,100531,100,99919,100,,,99918,100,,,99890,100
2019-06-28 09:36:00.000000000,100115,494,100105,494,100156,100,100073,100,100172,100,99991,100,100383,100,99948,100,100435,100,99946,100,100457,100,99932,100,100531,100,99921,100,,,99919,100,,,99918,100,,,99890,100
2019-06-28 09:36:09.619830607,100115,294,100105,494,100156,100,100073,100,100172,100,99991,100,100383,100,99948,100,100435,100,99946,100,100457,100,99932,100,100531,100,99921,100,,,99919,100,,,99918,100,,,99890,100
2019-06-28 09:36:10.000000000,100156,234,100105,234,100172,230,100073,230,100383,230,99991,230,100435,100,99948,100,100457,100,99946,100,100531,100,99932,100,,,99921,100,,,99919,100,,,99918,100,,,99890,100
2019-06-28 09:36:20.000000000,100156,297,100105,297,100172,297,100073,297,100383,100,99991,100,100435,100,99948,100,100457,100,99946,100,100531,100,99932,100,,,99921,100,,,99919,100,,,99918,100,,,99890,100
2019-06-28 09:36:22.522975592,100156,197,100105,297,100172,297,100073,297,100383,100,99991,100,100435,100,99948,100,100457,100,99946,100,100531,100,99932,100,,,99921,100,,,99919,100,,,99918,100,,,99890,100
2019-06-28 09:36:30.000000000,100172,198,100105,198,100383,198,100073,198,100435,198,99991,198,100457,198,99948,198,100531,100,99946,100,,,99932,100,,,99921,100,,,99919,100,,,99918,100,,,99890,100
2019-06-28 09:36:40.000000000,100172,494,100105,494,100383,100,100073,100,100435,100,99991,100,100457,100,99948,100,100531,100,99946,100,,,99932,100,,,99921,100,,,99919,100,,,99918,100,,,99890,100
2019-06-28 09:36:50.000000000,100172,494,100105,494,100383,100,100073,100,100435,100,99991,100,100457,100,99948,100,100531,100,99946,100,,,99932,100,,,99921,100,,,99919,100,,,99918,100,,,99890,100
2019-06-28 09:37:00.000000000,100172,234,100105,234,100383,230,100073,230,100435,230,99991,230,100457,100,99948,100,100531,100,99946,100,,,99932,100,,,99921,100,,,99919,100,,,99918,100,,,99890,100
2019-06-28 09:37:08.013404276,100172,134,100105,234,100383,230,100073,230,100435,130,99991,230,100457,100,99948,100,100531,100,99946,100,,,99932,100,,,99921,100,,,99919,100,,,99918,100,,,99890,100
2019-06-28 09:37:10.000000000,100383,494,100105,494,100457,100,100073,100,100531,100,99991,100,,,99948,100,,,99946,100,,,99932,100,,,99921,100,,,99919,100,,,99918,100,,,99890,100
2019-06-28 09:37:20.000000000,100383,179,100105,179,100457,179,100073,179,100531,179,99991,179,100532,79,99948,179,,,99946,179,,,99932,100,,,99921,100,,,99919,100,,,99918,100,,,99890,100
2019-06-28 09:37:30.000000000,100383,179,100105,179,100457,179,100073,179,100531,179,99991,179,100532,79,99948,179,,,99946,179,,,99932,100,,,99921,100,,,99919,100,,,99918,100,,,99890,100
2019-06-28 09:37:40.000000000,100383,198,100105,198,100457,198,100073,198,100531,198,99991,198,100532,98,99948,198,,,99946,100,,,99932,100,,,99921,100,,,99919,100,,,99918,100,,,99890,100
2019-06-28 09:37:49.401630765,100383,198,100105,198,100417,100,100073,198,100457,198,99991,198,100531,198,99948,198,100532,98,99946,100,,,99932,100,,,99921,100,,,99919,100,,,99918,100,,,99890,100
2019-06-28 09:37:50.000000000,100383,234,100105,234,100417,230,100073,230,100457,230,99991,230,100531,100,99948,100,,,99946,100,,,99932,100,,,99921,100,,,99919,100,,,99918,100,,,99890,100
2019-06-28 09:37:52.729899210,100383,234,100354,100,100417,230,100105,234,100457,230,100073,230,100531,100,99991,230,,,99948,100,,,99946,100,,,99932,100,,,99921,100,,,99919,100,,,99918,100
2019-06-28 09:38:00.000000000,100383,179,100354,179,100417,179,100105,179,100457,179,100073,179,100531,179,99991,179,100532,79,99948,179,,,99946,100,,,99932,100,,,99921,100,,,99919,100,,,99918,100
2019-06-28 09:38:10.000000000,100383,198,100354,198,100417,198,100105,198,100457,198,100073,198,100531,198,99991,198,,,99948,100,,,99946,100,,,99932,100,,,99921,100,,,99919,100,,,99918,100
2019-06-28 09:38:12.596315220,100383,198,100354,198,100417,198,100156,100,100457,198,100105,198,100531,198,100073,198,,,99991,198,,,99948,100,,,99946,100,,,99932,100,,,99921,100,,,99919,100
2019-06-28 09:38:20.000000000,100383,297,100354,297,100417,297,100156,297,100457,100,100105,100,100531,100,100073,100,,,99991,100,,,99948,100,,,99946,100,,,99932,100,,,99921,100,,,99919,100
2019-06-28 09:38:22.463509636,100383,197,100354,297,100417,297,100156,297,100457,100,100105,100,100531,100,100073,100,,,99991,100,,,99948,100,,,99946,100,,,99932,100,,,99921,100,,,99919,100
2019-06-28 09:38:30.000000000,100417,494,100354,494,100457,100,100156,100,100531,100,100105,100,,,100073,100,,,99991,100,,,99948,100,,,99946,100,,,99932,100,,,99921,100,,,99919,100
2019-06-28 09:38:40.000000000,100417,494,100354,494,100457,100,100156,100,100531,100,100105,100,,,100073,100,,,99991,100,,,99948,100,,,99946,100,,,99932,100,,,99921,100,,,99919,100
2019-06-28 09:38:45.089870144,100417,494,100354,494,100457,100,100156,100,100531,100,100105,100,100897,100,100073,100,,,99991,100,,,99948,100,,,99946,100,,,99932,100,,,99921,100,,,99919,100
2019-06-28 09:38:50.000000000,100417,494,100354,494,100457,100,100156,100,100531,100,100105,100,100897,100,100073,100,,,99991,100,,,99948,100,,,99946,100,,,99932,100,,,99921,100,,,99919,100
2019-06-28 09:39:00.000000000,100417,297,100354,297,100457,297,100156,297,100531,100,100105,100,100897,100,100073,100,,,99991,100,,,99948,100,,,99946,100,,,99932,100,,,99921,100,,,99919,100
2019-06-28 09:39:01.783344837,100417,297,100354,297,100457,297,100156,297,100531,100,100105,100,100574,100,100073,100,100897,100,99991,100,,,99948,100,,,99946,100,,,99932,100,,,99921,100,,,99919,100
2019-06-28 09:39:03.062828506,100417,297,100354,297,100457,297,100156,297,100531,100,100105,100,100574,100,100073,100,100675,100,99991,100,100897,100,99948,100,,,99946,100,,,99932,100,,,99921,100,,,99919,100
2019-06-28 09:39:07.388929838,100417,297,100398,100,100457,297,100354,297,100531,100,100156,297,100574,100,100105,100,100675,100,100073,100,100897,100,99991,100,,,99948,100,,,99946,100,,,99932,100,,,99921,100
2019-06-28 09:39:10.000000000,100417,198,100398,198,100457,198,100354,198,100531,198,100156,198,100574,198,100105,198,100675,100,100073,100,100897,100,99991,100,,,99948,100,,,99946,100,,,99932,100,,,99921,100
2019-06-28 09:39:20.000000000,100417,234,100398,234,100457,230,100354,230,100531,230,100156,230,100574,100,100105,100,100675,100,100073,100,100897,100,99991,100,,,99948,100,,,99946,100,,,99932,100,,,99921,100
2019-06-28 09:39:30.000000000,100417,198,100398,198,100457,198,100354,198,100531,198,100156,198,100574,198,100105,198,100675,100,100073,100,100897,100,99991,100,,,99948,100,,,99946,100,,,99932,100,,,99921,100
2019-06-28 09:39:32.423475298,100417,198,100398,98,100457,198,100354,198,100531,198,100156,198,100574,198,100105,198,100675,100,100073,100,100787,100,99991,100,100897,100,99948,100,,,99946,100,,,99932,100,,,99921,100
2019-06-28 09:39:35.608848066,100417,98,100398,98,100457,198,100354,98,100531,198,100156,198,100574,198,100105,198,100675,100,100073,100,100787,100,99991,100,100897,100,99948,100,,,99946,100,,,99932,100,,,99921,100
2019-06-28 09:39:40.000000000,100457,198,100156,198,100531,198,100105,198,100574,198,100073,198,100675,198,99991,198,100787,100,99948,100,100897,100,99946,100,,,99932,100,,,99921,100,,,99919,100,,,99918,100
2019-06-28 09:39:50.000000000,100457,297,100156,297,100531,297,100105,297,100574,100,100073,100,100675,100,99991,100,100787,100,99948,100,100897,100,99946,100,,,99932,100,,,99921,100,,,99919,100,,,99918,100
2019-06-28 09:40:00.000000000,100457,179,100156,179,100531,179,100105,179,100574,179,100073,179,100675,179,99991,179,100787,179,99948,179,100897,100,99946,100,,,99932,100,,,99921,100,,,99919,100,,,99918,100
2019-06-28 09:40:10.000000000,100457,179,100156,179,100531,179,100105,179,100574,179,100073,179,100675,179,99991,179,100787,179,99948,179,100897,100,99946,100,,,99932,100,,,99921,100,,,99919,100,,,99918,100
2019-06-28 09:40:10.102772292,100457,179,100156,279,100531,179,100105,179,100574,179,100073,179,100675,179,99991,179,100787,179,99948,179,100897,100,99946,100,,,99932,100,,,99921,100,,,99919,100,,,99918,100
2019-06-28 09:40:20.000000000,100457,494,100156,594,100531,100,100105,100,100574,100,100073,100,100675,100,99991,100,100787,100,99948,100,100897,100,99946,100,,,99932,100,,,99921,100,,,99919,100,,,99918,100
2019-06-28 09:40:30.000000000,100457,198,100156,298,100531,198,100105,198,100574,198,100073,198,100675,198,99991,198,100787,100,99948,100,100897,100,99946,100,,,99932,100,,,99921,100,,,99919,100,,,99918,100
2019-06-28 09:40:40.000000000,100457,234,100156,334,100531,230,100105,230,100574,230,100073,230,100675,100,99991,100,100787,100,99948,100,100897,100,99946,100,,,99932,100,,,99921,100,,,99919,100,,,99918,100
2019-06-28 09:40:43.411823790,100457,134,100156,334,100531,230,100105,230,100574,230,100073,230,100675,100,99991,100,100787,100,99948,100,100897,100,99946,100,,,99932,100,,,99921,100,,,99919,100,,,99918,100
2019-06-28 09:40:50.000000000,100531,234,100156,334,100574,230,100105,230,100675,230,100073,230,100787,100,99991,100,100897,100,99948,100,,,99946,100,,,99932,100,,,99921,100,,,99919,100,,,99918,100
2019-06-28 09:40:50.548106410,100531,234,100156,334,100574,230,100105,230,100603,100,100073,230,100675,230,99991,100,100787,100,99948,100,100897,100,99946,100,,,99932,100,,,99921,100,,,99919,100,,,99890,100
2019-06-28 09:41:00.000000000,100531,234,100156,334,100574,230,100105,230,100603,230,100073,230,100675,100,99991,100,100787,100,99948,100,100897,100,99946,100,,,99932,100,,,99921,100,,,99919,100,,,99890,100
2019-06-28 09:41:10.000000000,100531,494,100156,594,100574,100,100105,100,100603,100,100073,100,100675,100,99991,100,100787,100,99948,100,100897,100,99946,100,,,99932,100,,,99921,100,,,99919,100,,,99890,100
2019-06-28 09:41:20.000000000,100531,198,100156,298,100574,198,100105,198,100603,198,100073,198,100675,198,99991,198,100787,100,99948,100,100897,100,99946,100,,,99932,100,,,99921,100,,,99919,100,,,99890,100
2019-06-28 09:41:22.844961766,100531,98,100156,298,100574,198,100105,198,100603,198,100073,198,100675,198,99991,198,100787,100,99948,100,100897,100,99932,100,,,99921,100,,,99919,100,,,99890,100,,,99843,100
2019-06-28 09:41:23.530726605,100531,98,100156,298,100574,198,100105,198,100603,198,100073,198,100675,198,99991,198,100787,100,99948,100,100897,100,99932,100,101186,100,99921,100,,,99919,100,,,99890,100,,,99843,100
2019-06-28 09:41:27.956612263,100574,198,100531,2,100603,198,100156,298,100675,198,100105,198,100787,100,100073,198,100897,100,99991,198,101186,100,99948,100,,,99932,100,,,99921,100,,,99919,100,,,99890,100
2019-06-28 09:41:30.000000000,100574,198,100531,100,100603,198,100156,298,100675,198,100105,198,100787,198,100073,198,100897,100,99991,100,101186,100,99948,100,,,99932,100,,,99921,100,,,99919,100,,,99890,100
2019-06-28 09:41:40.000000000,100574,198,100531,100,100603,198,100156,298,100675,198,100105,198,100787,198,100073,198,100897,100,99991,100,101186,100,99948,100,,,99932,100,,,99921,100,,,99919,100,,,99890,100
2019-06-28 09:41:45.291388572,100574,198,100531,100,100603,98,100156,298,100675,198,100105,198,100787,198,100073,198,100897,100,99991,100,101186,100,99948,100,101210,100,99932,100,,,99921,100,,,99919,100,,,99890,100
2019-06-28 09:41:50.000000000,100574,198,100531,100,100675,198,100156,298,100787,198,100105,198,100897,198,100073,198,101186,100,99991,100,101210,100,99948,100,,,99932,100,,,99921,100,,,99919,100,,,99890,100
2019-06-28 09:41:54.109456552,100574,198,100531,100,100675,198,100156,298,100787,198,100105,198,100897,198,100073,198,101186,100,99991,100,101210,100,99948,100,101371,100,99932,100,,,99921,100,,,99919,100,,,99890,100
2019-06-28 09:42:00.000000000,100574,179,100531,81,100675,179,100156,279,100787,179,100105,179,100897,179,100073,179,101186,179,99991,179,101210,100,99948,100,101371,100,99932,100,,,99921,100,,,99919,100,,,99890,100
2019-06-28 09:42:01.937769098,100574,179,100531,181,100675,179,100156,279,100787,179,100105,79,100897,179,100073,179,101186,179,99991,179,101210,100,99948,100,101371,100,99932,100,,,99921,100,,,99919,100,,,99890,100
2019-06-28 09:42:10.000000000,100574,198,100531,200,100675,198,100156,298,100787,198,100073,198,100897,198,99991,198,101186,100,99948,100,101210,100,99932,100,101371,100,99921,100,,,99919,100,,,99890,100,,,99843,100
2019-06-28 09:42:12.232488758,100574,98,100531,200,100675,198,100156,298,100787,198,100073,198,100897,198,99991,198,101186,100,99948,100,101210,100,99932,100,101371,100,99921,100,,,99919,100,,,99890,100,,,99843,100
2019-06-28 09:42:20.000000000,100675,297,100531,299,100787,297,100156,397,100897,100,100073,100,101186,100,99991,100,101210,100,99948,100,101371,100,99932,100,,,99921,100,,,99919,100,,,99890,100,,,99843,100
2019-06-28 09:42:26.496233873,100675,297,100531,299,100787,297,100156,397,100897,100,100073,100,101186,100,99991,100,101210,100,99948,100,101371,100,99932,100,101440,100,99921,100,,,99919,100,,,99843,100,,,99833,100
2019-06-28 09:42:30.000000000,100675,234,100531,236,100787,230,100156,330,100897,230,100073,230,101186,100,99991,100,101210,100,99948,100,101371,100,99932,100,101440,100,99921,100,,,99919,100,,,99843,100,,,99833,100
2019-06-28 09:42:32.984729976,100675,234,100531,236,100787,230,100156,330,100897,230,100073,230,101186,100,99991,100,101210,100,99948,100,101371,100,99932,100,101440,100,99921,100,101488,100,99919,100,,,99843,100,,,99833,100
2019-06-28 09:42:40.000000000,100675,494,100531,496,100787,100,100156,200,100897,100,100073,100,101186,100,99991,100,101210,100,99948,100,101371,100,99932,100,101440,100,99921,100,101488,100,99919,100,,,99843,100,,,99833,100
2019-06-28 09:42:50.000000000,100675,179,100531,181,100787,179,100156,279,100897,179,100073,179,101186,179,99991,179,101210,179,99948,179,101371,100,99932,100,101440,100,99921,100,101488,100,99919,100,,,99843,100,,,99833,100
2019-06-28 09:43:00.000000000,100675,297,100531,299,100787,297,100156,397,100897,100,100073,100,101186,100,99991,100,101210,100,99948,100,101371,100,99932,100,101440,100,99921,100,101488,100,99919,100,,,99843,100,,,99833,100
2019-06-28 09:43:06.642808575,100675,197,100531,299,100787,297,100156,397,100897,100,100073,100,101186,100,99991,100,101210,100,99948,100,101371,100,99932,100,101440,100,99921,100,101488,100,99919,100,,,99843,100,,,99833,100
2019-06-28 09:43:10.000000000,100787,198,100531,200,100897,198,100156,298,101186,198,100073,198,101210,198,99991,198,101371,100,99948,100,101440,100,99932,100,101488,100,99921,100,,,99919,100,,,99843,100,,,99833,100
2019-06-28 09:43:19.928594445,100787,198,100531,200,100897,198,100156,298,101065,100,100073,198,101186,198,99991,198,101210,198,99948,100,101371,100,99932,100,101440,100,99921,100,101488,100,99919,100,,,99843,100,,,99833,100
2019-06-28 09:43:20.000000000,100787,297,100531,299,100897,297,100156,397,101065,100,100073,100,101186,100,99991,100,101210,100,99948,100,101371,100,99932,100,101440,100,99921,100,101488,100,99919,100,,,99843,100,,,99833,100
2019-06-28 09:43:25.917219833,100787,197,100531,299,100897,297,100156,397,101065,100,100073,100,101186,100,99991,100,101210,100,99948,100,101371,100,99932,100,101440,100,99921,100,101488,100,99919,100,,,99843,100,,,99833,100
2019-06-28 09:43:30.000000000,100897,297,100531,299,101065,297,100156,397,101186,100,100073,100,101210,100,99991,100,101371,100,99948,100,101440,100,99932,100,101488,100,99921,100,,,99919,100,,,99843,100,,,99833,100
2019-06-28 09:43:37.139256633,100897,297,100675,100,101065,297,100531,299,101186,100,100156,297,101210,100,100073,100,101371,100,99991,100,101440,100,99948,100,101488,100,99932,100,,,99921,100,,,99919,100,,,99843,100
2019-06-28 09:43:40.000000000,100897,494,100675,494,101065,100,100531,102,101186,100,100156,100,101210,100,100073,100,101371,100,99991,100,101440,100,99948,100,101488,100,99932,100,,,99921,100,,,99919,100,,,99843,100
2019-06-28 09:43:50.000000000,100897,494,100675,494,101065,100,100531,102,101186,100,100156,100,101210,100,100073,100,101371,100,99991,100,101440,100,99948,100,101488,100,99932,100,,,99921,100,,,99919,100,,,99843,100
2019-06-28 09:43:56.060470299,100897,494,100675,494,101163,100,100531,102,101186,100,100156,100,101210,100,100073,100,101371,100,99991,100,101440,100,99948,100,101488,100,99932,100,,,99921,100,,,99919,100,,,99843,100
2019-06-28 09:43:57.347339745,100897,494,100675,494,101150,100,100531,102,101163,100,100156,100,101186,100,100073,100,101210,100,99991,100,101371,100,99948,100,101440,100,99932,100,101488,100,99921,100,,,99919,100,,,99843,100
2019-06-28 09:43:59.014890439,100897,394,100675,494,101150,100,100531,102,101186,100,100156,100,101210,100,100073,100,101371,100,99991,100,101440,100,99948,100,101488,100,99932,100,,,99921,100,,,99919,100,,,99843,100
2019-06-28 09:44:00.000000000,101150,179,100675,179,101186,179,100531,181,101210,179,100156,179,101371,179,100073,179,101440,179,99991,179,101488,100,99948,100,,,99932,100,,,99921,100,,,99919,100,,,99843,100
2019-06-28 09:44:10.000000000,101150,179,100675,179,101186,179,100531,181,101210,179,100156,179,101371,179,100073,179,101440,179,99991,179,101488,100,99948,100,,,99932,100,,,99921,100,,,99919,100,,,99843,100
2019-06-28 09:44:18.881283931,101105,100,100675,179,101150,179,100531,181,101186,179,100156,179,101210,179,100073,179,101371,179,99991,179,101440,179,99948,100,101488,100,99932,100,,,99921,100,,,99919,100,,,99843,100
2019-06-28 09:44:20.000000000,101105,234,100675,234,101150,230,100531,232,101186,230,100156,230,101210,100,100073,100,101371,100,99991,100,101440,100,99948,100,101488,100,99932,100,,,99921,100,,,99919,100,,,99843,100
2019-06-28 09:44:26.003763244,101105,234,100739,100,101150,230,100675,234,101186,230,100531,232,101210,100,100156,230,101371,100,100073,100,101440,100,99991,100,101488,100,99948,100,,,99932,100,,,99921,100,,,99919,100
2019-06-28 09:44:30.000000000,101105,494,100739,494,101150,100,100675,100,101186,100,100531,102,101210,100,100156,100,101371,100,100073,100,101440,100,99991,100,101488,100,99948,100,,,99932,100,,,99921,100,,,99919,100
2019-06-28 09:44:32.246899477,100802,100,100739,494,101105,494,100675,100,101150,100,100531,102,101186,100,100156,100,101210,100,100073,100,101371,100,99991,100,101440,100,99948,100,101488,100,99932,100,,,99921,100,,,99919,100
2019-06-28 09:44:38.926388874,100802,100,100739,494,100974,100,100675,100,101105,494,100531,102,101150,100,100156,100,101186,100,100073,100,101210,100,99991,100,101371,100,99948,100,101440,100,99932,100,101488,100,99921,100,,,99843,100
2019-06-28 09:44:40.000000000,100802,234,100739,234,100974,230,100675,230,101105,230,100531,232,101150,100,100156,100,101186,100,100073,100,101210,100,99991,100,101371,100,99948,100,101440,100,99932,100,101488,100,99921,100,,,99843,100
2019-06-28 09:44:50.000000000,100802,234,100739,234,100974,230,100675,230,101105,230,100531,232,101150,100,100156,100,101186,100,100073,100,101210,100,99991,100,101371,100,99948,100,101440,100,99932,100,101488,100,99921,100,,,99843,100
2019-06-28 09:44:54.045590776,100802,134,100739,234,100974,230,100675,230,101105,230,100531,232,101150,100,100156,100,101186,100,100073,100,101210,100,99991,100,101371,100,99948,100,101440,100,99932,100,101488,100,99921,100,,,99843,100
2019-06-28 09:45:00.000000000,100974,494,100739,494,101105,100,100675,100,101150,100,100531,102,101186,100,100156,100,101210,100,100073,100,101371,100,99991,100,101440,100,99948,100,101488,100,99932,100,,,99921,100,,,99843,100
2019-06-28 09:45:00.218045135,100974,494,100739,494,101105,100,100675,100,101150,100,100531,102,101186,100,100156,100,101210,100,100073,100,101259,100,99991,100,101371,100,99948,100,101440,100,99932,100,101488,100,99921,100,,,99843,100
2019-06-28 09:45:10.000000000,100974,234,100739,234,101105,230,100675,230,101150,230,100531,232,101186,100,100156,100,101210,100,100073,100,101259,100,99991,100,101371,100,99948,100,101440,100,99932,100,101488,100,99921,100,,,99843,100
2019-06-28 09:45:20.000000000,100974,494,100739,494,101105,100,100675,100,101150,100,100531,102,101186,100,100156,100,101210,100,100073,100,101259,100,99991,100,101371,100,99948,100,101440,100,99932,100,101488,100,99921,100,,,99843,100
2019-06-28 09:45:20.251718111,100974,494,100739,494,101105,100,100675,100,101150,100,100531,2,101186,100,100156,100,101210,100,100073,100,101259,100,99991,100,101371,100,99948,100,101440,100,99932,100,101488,100,99921,100,,,99843,100
2019-06-28 09:45:29.411215105,100974,494,100802,100,101105,100,100739,494,101150,100,100675,100,101186,100,100531,2,101210,100,100156,100,101259,100,100073,100,101371,100,99948,100,101440,100,99932,100,101488,100,99921,100,,,99843,100
2019-06-28 09:45:30.000000000,100974,234,100802,234,101105,230,100739,230,101150,230,100675,230,101186,100,100531,2,101210,100,100156,100,101259,100,100073,100,101371,100,99948,100,101440,100,99932,100,101488,100,99921,100,,,99843,100
2019-06-28 09:45:30.436689021,100974,234,100802,334,101105,230,100739,230,101150,230,100675,230,101186,100,100531,2,101210,100,100156,100,101259,100,100073,100,101371,100,99932,100,101440,100,99921,100,101488,100,99843,100,,,99833,100
2019-06-28 09:45:40.000000000,100974,234,100802,334,101105,230,100739,230,101150,230,100675,230,101186,100,100531,2,101210,100,100156,100,101259,100,100073,100,101371,100,99932,100,101440,100,99921,100,101488,100,99843,100,,,99833,100
2019-06-28 09:45:49.908875901,100974,234,100833,100,101105,230,100802,334,101150,230,100739,230,101186,100,100675,230,101210,100,100531,2,101259,100,100156,100,101371,100,100073,100,101488,100,99932,100,,,99921,100,,,99843,100
2019-06-28 09:45:50.000000000,100974,494,100833,494,101105,100,100802,200,101150,100,100739,100,101186,100,100675,100,101210,100,100531,2,101259,100,100156,100,101371,100,100073,100,101488,100,99932,100,,,99921,100,,,99843,100
2019-06-28 09:45:55.573538352,100974,494,100833,494,101105,100,100802,200,101150,100,100739,100,101186,100,100531,2,101210,100,100156,100,101259,100,100073,100,101371,100,99932,100,101488,100,99921,100,,,99843,100,,,99833,100
2019-06-28 09:46:00.000000000,100974,494,100833,494,101105,100,100802,200,101150,100,100739,100,101186,100,100531,2,101210,100,100156,100,101259,100,100073,100,101371,100,99932,100,101488,100,99921,100,,,99843,100,,,99833,100
2019-06-28 09:46:10.000000000,100974,198,100833,198,101105,198,100802,298,101150,198,100739,198,101186,198,100531,100,101210,100,100156,100,101259,100,100073,100,101371,100,99932,100,101488,100,99921,100,,,99843,100,,,99833,100
2019-06-28 09:46:20.000000000,100974,494,100833,494,101105,100,100802,200,101150,100,100739,100,101186,100,100531,2,101210,100,100156,100,101259,100,100073,100,101371,100,99932,100,101488,100,99921,100,,,99843,100,,,99833,100
2019-06-28 09:46:30.000000000,100974,179,100833,179,101105,179,100802,279,101150,179,100739,179,101186,179,100531,81,101210,179,100156,179,101259,100,100073,100,101371,100,99932,100,101488,100,99921,100,,,99843,100,,,99833,100
2019-06-28 09:46:40.000000000,100974,179,100833,179,101105,179,100802,279,101150,179,100739,179,101186,179,100531,81,101210,179,100156,179,101259,100,100073,100,101371,100,99932,100,101488,100,99921,100,,,99843,100,,,99833,100
2019-06-28 09:46:50.000000000,100974,234,100833,234,101105,230,100802,330,101150,230,100739,230,101186,100,100531,2,101210,100,100156,100,101259,100,100073,100,101371,100,99932,100,101488,100,99921,100,,,99843,100,,,99833,100
2019-06-28 09:47:00.000000000,100974,494,100833,494,101105,100,100802,200,101150,100,100739,100,101186,100,100531,2,101210,100,100156,100,101259,100,100073,100,101371,100,99932,100,101488,100,99921,100,,,99843,100,,,99833,100
2019-06-28 09:47:06.449686949,100974,494,100833,494,101105,100,100802,300,101150,100,100739,100,101186,100,100531,2,101210,100,100156,100,101259,100,100073,100,101371,100,99932,100,101488,100,99921,100,,,99843,100,,,99833,100
2019-06-28 09:47:10.000000000,100974,198,100833,198,101105,198,100802,398,101150,198,100739,198,101186,198,100531,100,101210,100,100156,100,101259,100,100073,100,101371,100,99932,100,101488,100,99921,100,,,99843,100,,,99833,100
2019-06-28 09:47:20.000000000,100974,179,100833,179,101105,179,100802,379,101150,179,100739,179,101186,179,100531,81,101210,179,100156,179,101259,100,100073,100,101371,100,99932,100,101488,100,99921,100,,,99843,100,,,99833,100
2019-06-28 09:47:25.695288251,100838,100,100833,179,100974,179,100802,379,101105,179,100739,179,101150,179,100531,81,101186,179,100156,179,101210,179,100073,100,101259,100,99932,100,101371,100,99921,100,101488,100,99843,100,,,99833,100
2019-06-28 09:47:30.000000000,100838,297,100833,297,100974,297,100802,497,101105,100,100739,100,101150,100,100531,2,101186,100,100156,100,101210,100,100073,100,101259,100,99932,100,101371,100,99921,100,101488,100,99843,100,,,99833,100
2019-06-28 09:47:40.000000000,100838,494,100833,494,100974,100,100802,300,101105,100,100739,100,101150,100,100531,2,101186,100,100156,100,101210,100,100073,100,101259,100,99932,100,101371,100,99921,100,101488,100,99843,100,,,99833,100
2019-06-28 09:47:47.387641143,100838,394,100833,494,100974,100,100802,300,101105,100,100739,100,101150,100,100531,2,101186,100,100156,100,101210,100,100073,100,101259,100,99932,100,101371,100,99921,100,,,99843,100,,,99833,100
2019-06-28 09:47:50.000000000,100974,179,100833,179,101105,179,100802,379,101150,179,100739,179,101186,179,100531,81,101210,179,100156,179,101259,100,100073,100,101371,100,99932,100,,,99921,100,,,99843,100,,,99833,100
2019-06-28 09:48:00.000000000,100974,198,100833,198,101105,198,100802,398,101150,198,100739,198,101186,198,100531,100,101210,100,100156,100,101259,100,100073,100,101371,100,99932,100,,,99921,100,,,99843,100,,,99833,100
2019-06-28 09:48:00.935464242,100974,198,100834,100,101105,198,100833,198,101150,198,100802,298,101186,198,100739,198,101210,100,100531,100,101259,100,100156,100,101371,100,100073,100,,,99932,100,,,99921,100,,,99843,100
2019-06-28 09:48:10.000000000,100974,494,100834,494,101105,100,100833,100,101150,100,100802,200,101186,100,100739,100,101210,100,100531,2,101259,100,100156,100,101371,100,100073,100,,,99932,100,,,99921,100,,,99843,100
2019-06-28 09:48:20.000000000,100974,234,100834,234,101105,230,100833,230,101150,230,100802,330,101186,100,100739,100,101210,100,100531,2,101259,100,100156,100,101371,100,100073,100,,,99932,100,,,99921,100,,,99843,100
2019-06-28 09:48:30.000000000,100974,297,100834,297,101105,297,100833,297,101150,100,100802,200,101186,100,100739,100,101210,100,100531,2,101259,100,100156,100,101371,100,100073,100,,,99932,100,,,99921,100,,,99843,100
2019-06-28 09:48:40.000000000,100974,297,100834,297,101105,297,100833,297,101150,100,100802,200,101186,100,100739,100,101210,100,100531,2,101259,100,100156,100,101371,100,100073,100,,,99932,100,,,99921,100,,,99843,100
2019-06-28 09:48:50.000000000,100974,297,100834,297,101105,297,100833,297,101150,100,100802,200,101186,100,100739,100,101210,100,100531,2,101259,100,100156,100,101371,100,100073,100,,,99932,100,,,99921,100,,,99843,100
2019-06-28 09:49:00.000000000,100974,297,100834,297,101105,297,100833,297,101150,100,100802,200,101186,100,100739,100,101210,100,100531,2,101259,100,100156,100,101371,100,100073,100,,,99932,100,,,99921,100,,,99843,100
2019-06-28 09:49:01.067077207,100974,197,100834,297,101105,297,100833,297,101150,100,100802,200,101186,100,100739,100,101210,100,100531,2,101259,100,100156,100,101371,100,100073,100,,,99932,100,,,99921,100,,,99843,100
2019-06-28 09:49:10.000000000,101105,234,100834,234,101150,230,100833,230,101186,230,100802,330,101210,100,100739,100,101259,100,100531,2,101371,100,100156,100,,,100073,100,,,99932,100,,,99921,100,,,99843,100
2019-06-28 09:49:18.201038136,101105,234,100834,234,101150,230,100833,230,101186,130,100802,330,101210,100,100739,100,101259,100,100531,2,101371,100,100156,100,101614,100,100073,100,,,99932,100,,,99921,100,,,99843,100
2019-06-28 09:49:20.000000000,101105,494,100834,494,101150,100,100833,100,101210,100,100802,200,101259,100,100739,100,101371,100,100531,2,101614,100,100156,100,,,100073,100,,,99932,100,,,99921,100,,,99843,100
2019-06-28 09:49:30.000000000,101105,179,100834,179,101150,179,100833,179,101210,179,100802,279,101259,179,100739,179,101371,179,100531,81,101614,100,100156,100,,,100073,100,,,99932,100,,,99921,100,,,99843,100
2019-06-28 09:49:40.000000000,101105,494,100834,494,101150,100,100833,100,101210,100,100802,200,101259,100,100739,100,101371,100,100531,2,101614,100,100156,100,,,100073,100,,,99932,100,,,99921,100,,,99843,100
2019-06-28 09:49:50.000000000,101105,179,100834,179,101150,179,100833,179,101210,179,100802,279,101259,179,100739,179,101371,179,100531,81,101614,100,100156,100,,,100073,100,,,99932,100,,,99921,100,,,99843,100
2019-06-28 09:50:00.000000000,101105,179,100834,179,101150,179,100833,179,101210,179,100802,279,101259,179,100739,179,101371,179,100531,81,101614,100,100156,100,,,100073,100,,,99932,100,,,99921,100,,,99843,100
2019-06-28 09:50:10.000000000,101105,234,100834,234,101150,230,100833,230,101210,230,100802,330,101259,100,100739,100,101371,100,100531,2,101614,100,100156,100,,,100073,100,,,99932,100,,,99921,100,,,99843,100
2019-06-28 09:50:20.000000000,101105,234,100834,234,101150,230,100833,230,101210,230,100802,330,101259,100,100739,100,101371,100,100531,2,101614,100,100156,100,,,100073,100,,,99932,100,,,99921,100,,,99843,100
2019-06-28 09:50:30.000000000,101105,179,100834,179,101150,179,100833,179,101210,179,100802,279,101259,179,100739,179,101371,179,100531,81,101614,100,100156,100,,,100073,100,,,99932,100,,,99921,100,,,99843,100
2019-06-28 09:50:30.112774583,101105,79,100834,179,101150,179,100833,179,101210,179,100802,279,101259,179,100739,179,101371,179,100531,81,101614,100,100156,100,,,100073,100,,,99932,100,,,99921,100,,,99843,100
2019-06-28 09:50:40.000000000,101150,494,100834,494,101210,100,100833,100,101259,100,100802,200,101371,100,100739,100,101614,100,100531,2,,,100156,100,,,100073,100,,,99932,100,,,99921,100,,,99843,100
2019-06-28 09:50:47.165834538,101150,494,100834,494,101210,100,100833,100,101371,100,100802,200,101614,100,100739,100,101966,100,100531,2,,,100156,100,,,100073,100,,,99932,100,,,99921,100,,,99843,100
2019-06-28 09:50:50.000000000,101150,297,100834,297,101210,297,100833,297,101371,100,100802,200,101614,100,100739,100,101966,100,100531,2,,,100156,100,,,100073,100,,,99932,100,,,99921,100,,,99843,100
2019-06-28 09:51:00.000000000,101150,234,100834,234,101210,230,100833,230,101371,230,100802,330,101614,100,100739,100,101966,100,100531,2,,,100156,100,,,100073,100,,,99932,100,,,99921,100,,,99843,100
2019-06-28 09:51:06.250872224,101150,234,100834,234,101210,230,100833,230,101371,230,100802,330,101614,100,100739,100,101910,100,100531,2,101966,100,100156,100,,,100073,100,,,99932,100,,,99921,100,,,99843,100
2019-06-28 09:51:10.000000000,101150,179,100834,179,101210,179,100833,179,101371,179,100802,279,101614,179,100739,179,101910,179,100531,81,101966,100,100156,100,,,100073,100,,,99932,100,,,99921,100,,,99843,100
2019-06-28 09:51:20.000000000,101150,494,100834,494,101210,100,100833,100,101371,100,100802,200,101614,100,100739,100,101910,100,100531,2,101966,100,100156,100,,,100073,100,,,99932,100,,,99921,100,,,99843,100
2019-06-28 09:51:23.261214758,101150,494,100834,494,101210,100,100833,100,101371,100,100802,200,101614,100,100739,100,101910,100,100531,2,101966,100,100156,100,101974,100,100073,100,,,99932,100,,,99843,100,,,99833,100
2019-06-28 09:51:24.040411232,101150,494,100834,494,101210,100,100833,100,101371,100,100802,200,101614,100,100739,100,101910,100,100531,2,101966,100,100156,100,101974,100,100073,100,102018,100,99932,100,,,99843,100,,,99833,100
2019-06-28 09:51:24.760775356,101150,394,100834,494,101210,100,100833,100,101371,100,100802,200,101614,100,100739,100,101910,100,100531,2,101966,100,100156,100,101974,100,100073,100,102018,100,99932,100,,,99843,100,,,99833,100
2019-06-28 09:51:30.000000000,101210,198,100834,198,101371,198,100833,198,101614,198,100802,298,101910,198,100739,198,101966,100,100531,2,101974,100,100156,100,102018,100,100073,100,,,99932,100,,,99843,100,,,99833,100
2019-06-28 09:51:34.822702624,101210,198,100834,198,101371,198,100833,198,101614,198,100802,298,101910,198,100739,198,101966,100,100531,2,101974,100,100156,100,102018,100,100073,100,102138,100,99932,100,,,99843,100,,,99833,100
2019-06-28 09:51:40.000000000,101210,198,100834,198,101371,198,100833,198,101614,198,100802,298,101910,198,100739,198,101966,100,100531,2,101974,100,100156,100,102018,100,100073,100,102138,100,99932,100,,,99843,100,,,99833,100
2019-06-28 09:51:49.266551037,101210,198,101105,100,101371,198,100834,198,101614,198,100833,198,101910,198,100802,298,101966,100,100739,198,101974,100,100531,2,102018,100,100156,100,102138,100,100073,100,,,99932,100,,,99843,100
2019-06-28 09:51:50.000000000,101210,494,101105,494,101371,100,100834,100,101614,100,100833,100,101910,100,100802,200,101966,100,100739,100,101974,100,100531,2,102018,100,100156,100,102138,100,100073,100,,,99932,100,,,99843,100
2019-06-28 09:51:50.373538656,101210,394,101105,494,101371,100,100834,100,101614,100,100833,100,101910,100,100802,200,101966,100,100739,100,101974,100,100531,2,102018,100,100156,100,102138,100,100073,100,,,99932,100,,,99843,100
2019-06-28 09:51:52.742743974,101210,294,101105,494,101371,100,100834,100,101614,100,100833,100,101910,100,100802,200,101966,100,100739,100,101974,100,100531,2,102018,100,100156,100,102138,100,100073,100,,,99932,100,,,99843,100
2019-06-28 09:52:00.000000000,101371,234,101105,234,101614,230,100834,230,101910,230,100833,230,101966,100,100802,200,101974,100,100739,100,102018,100,100531,2,102138,100,100156,100,,,100073,100,,,99932,100,,,99843,100
2019-06-28 09:52:02.399521188,101371,134,101105,234,101614,230,100834,230,101910,230,100833,230,101966,100,100802,200,101974,100,100739,100,102018,100,100531,2,102138,100,100156,100,,,100073,100,,,99932,100,,,99843,100
2019-06-28 09:52:10.000000000,101614,179,101105,179,101910,179,100834,179,101966,179,100833,179,101974,179,100802,279,102018,179,100739,179,102138,100,100531,2,,,100156,100,,,100073,100,,,99932,100,,,99843,100
2019-06-28 09:52:20.000000000,101614,494,101105,494,101910,100,100834,100,101966,100,100833,100,101974,100,100802,200,102018,100,100739,100,102138,100,100531,2,,,100156,100,,,100073,100,,,99932,100,,,99843,100
2019-06-28 09:52:21.248539519,101614,494,101452,100,101910,100,101105,494,101966,100,100834,100,101974,100,100833,100,102018,100,100802,200,102138,100,100739,100,,,100531,2,,,100156,100,,,100073,100,,,99932,100
2019-06-28 09:52:30.000000000,101614,297,101452,297,101910,297,101105,297,101966,100,100834,100,101974,100,100833,100,102018,100,100802,200,102138,100,100739,100,,,100531,2,,,100156,100,,,100073,100,,,99932,100
2019-06-28 09:52:37.905053999,101614,297,101452,297,101910,297,101249,100,101966,100,101105,297,101974,100,100834,100,102018,100,100833,100,102138,100,100802,200,,,100739,100,,,100531,2,,,100156,100,,,100073,100
2019-06-28 09:52:40.000000000,101614,234,101452,234,101910,230,101249,230,101966,230,101105,230,101974,100,100834,100,102018,100,100833,100,102138,100,100802,200,,,100739,100,,,100531,2,,,100156,100,,,100073,100
2019-06-28 09:52:50.000000000,101614,198,101452,198,101910,198,101249,198,101966,198,101105,198,101974,198,100834,198,102018,100,100833,100,102138,100,100802,200,,,100739,100,,,100531,2,,,100156,100,,,100073,100
2019-06-28 09:53:00.000000000,101614,494,101452,494,101910,100,101249,100,101966,100,101105,100,101974,100,100834,100,102018,100,100833,100,102138,100,100802,200,,,100739,100,,,100531,2,,,100156,100,,,100073,100
2019-06-28 09:53:10.000000000,101614,198,101452,198,101910,198,101249,198,101966,198,101105,198,101974,198,100834,198,102018,100,100833,100,102138,100,100802,200,,,100739,100,,,100531,2,,,100156,100,,,100073,100
2019-06-28 09:53:18.652542405,101614,198,101505,100,101910,198,101452,198,101966,198,101249,198,101974,198,101105,198,102018,100,100834,198,102138,100,100833,100,,,100802,200,,,100739,100,,,100531,2,,,100156,100
2019-06-28 09:53:19.848468622,101614,198,101505,100,101910,198,101452,198,101966,198,101249,198,101974,198,101210,100,102018,100,101105,198,102138,100,100834,198,,,100833,100,,,100802,200,,,100739,100,,,100531,2
2019-06-28 09:53:20.000000000,101614,297,101505,297,101910,297,101452,297,101966,100,101249,100,101974,100,101210,100,102018,100,101105,100,102138,100,100834,100,,,100833,100,,,100802,200,,,100739,100,,,100531,2
2019-06-28 09:53:27.048363228,101614,197,101505,297,101910,297,101452,297,101966,100,101249,100,101974,100,101210,100,102018,100,101105,100,102138,100,100834,100,,,100833,100,,,100802,200,,,100739,100,,,100531,2
2019-06-28 09:53:30.000000000,101910,297,101505,297,101966,297,101452,297,101974,100,101249,100,102018,100,101210,100,102138,100,101105,100,,,100834,100,,,100833,100,,,100802,200,,,100739,100,,,100531,2
2019-06-28 09:53:30.791917048,101910,297,101505,197,101966,297,101452,297,101974,100,101249,100,102018,100,101210,100,102138,100,101105,100,,,100834,100,,,100833,100,,,100802,200,,,100739,100,,,100531,2
2019-06-28 09:53:38.361866051,101613,100,101505,197,101910,297,101452,297,101966,297,101249,100,101974,100,101210,100,102018,100,101105,100,102138,100,100834,100,,,100833,100,,,100802,200,,,100739,100,,,100531,2
2019-06-28 09:53:39.033378152,101613,100,101505,197,101910,297,101452,297,101966,297,101420,100,101974,100,101249,100,102018,100,101210,100,102138,100,101105,100,,,100834,100,,,100833,100,,,100802,200,,,100739,100
2019-06-28 09:53:40.000000000,101613,179,101452,179,101910,179,101420,179,101966,179,101249,179,101974,179,101210,179,102018,179,101105,179,102138,100,100834,100,,,100833,100,,,100802,200,,,100739,100,,,100531,2
2019-06-28 09:53:50.000000000,101613,198,101452,198,101910,198,101420,198,101966,198,101249,198,101974,198,101210,198,102018,100,101105,100,102138,100,100834,100,,,100833,100,,,100802,200,,,100739,100,,,100531,2
2019-06-28 09:53:57.953316824,101613,298,101452,198,101910,198,101420,198,101966,198,101249,198,101974,198,101210,198,102018,100,101105,100,102138,100,100834,100,,,100833,100,,,100802,200,,,100739,100,,,100531,2
2019-06-28 09:54:00.000000000,101613,594,101452,494,101910,100,101420,100,101966,100,101249,100,101974,100,101210,100,102018,100,101105,100,102138,100,100834,100,,,100833,100,,,100802,200,,,100739,100,,,100531,2
2019-06-28 09:54:10.000000000,101613,279,101452,179,101910,179,101420,179,101966,179,101249,179,101974,179,101210,179,102018,179,101105,179,102138,100,100834,100,,,100833,100,,,100802,200,,,100739,100,,,100531,2
2019-06-28 09:54:20.000000000,101613,594,101452,494,101910,100,101420,100,101966,100,101249,100,101974,100,101210,100,102018,100,101105,100,102138,100,100834,100,,,100833,100,,,100802,200,,,100739,100,,,100531,2
2019-06-28 09:54:26.500712324,101613,594,101452,494,101910,100,101420,100,101974,100,101249,200,102018,100,101210,100,102138,100,101105,100,,,100834,100,,,100833,100,,,100802,200,,,100739,100,,,100531,2
2019-06-28 09:54:30.000000000,101613,594,101452,494,101910,100,101420,100,101974,100,101249,200,102018,100,101210,100,102138,100,101105,100,,,100834,100,,,100833,100,,,100802,200,,,100739,100,,,100531,2
2019-06-28 09:54:37.005799676,101613,594,101452,394,101910,100,101420,100,101974,100,101249,200,102018,100,101210,100,102138,100,101105,100,,,100834,100,,,100833,100,,,100802,200,,,100739,100,,,100531,2
2019-06-28 09:54:40.000000000,101613,594,101420,494,101910,100,101249,200,101974,100,101210,100,102018,100,101105,100,102138,100,100834,100,,,100833,100,,,100802,200,,,100739,100,,,100531,2,,,100156,100
2019-06-28 09:54:50.000000000,101613,298,101420,198,101910,198,101249,298,101974,198,101210,198,102018,198,101105,198,102138,100,100834,100,,,100833,100,,,100802,200,,,100739,100,,,100531,2,,,100156,100
2019-06-28 09:55:00.000000000,101613,397,101420,297,101910,297,101249,397,101974,100,101210,100,102018,100,101105,100,102138,100,100834,100,,,100833,100,,,100802,200,,,100739,100,,,100531,2,,,100156,100
2019-06-28 09:55:06.060481305,101613,397,101420,297,101910,297,101249,397,101974,100,101210,100,102018,100,101105,100,102138,100,101028,100,,,100834,100,,,100833,100,,,100802,200,,,100739,100,,,100531,2
2019-06-28 09:55:10.000000000,101613,279,101420,179,101910,179,101249,279,101974,179,101210,179,102018,179,101105,179,102138,179,101028,179,,,100834,100,,,100833,100,,,100802,200,,,100739,100,,,100531,2
2019-06-28 09:55:20.000000000,101613,298,101420,198,101910,198,101249,298,101974,198,101210,198,102018,198,101105,198,102138,100,101028,100,,,100834,100,,,100833,100,,,100802,200,,,100739,100,,,100531,2
2019-06-28 09:55:20.655140506,101505,100,101420,198,101613,298,101249,298,101910,198,101210,198,101974,198,101105,198,102018,198,101028,100,102138,100,100834,100,,,100833,100,,,100802,200,,,100739,100,,,100531,2
2019-06-28 09:55:25.255583627,101505,100,101420,98,101613,298,101249,298,101910,198,101210,198,101974,198,101105,198,102018,198,101028,100,102138,100,100834,100,,,100833,100,,,100802,200,,,100739,100,,,100531,2
2019-06-28 09:55:30.000000000,101505,179,101249,279,101613,279,101210,179,101910,179,101105,179,101974,179,101028,179,102018,179,100834,179,102138,100,100833,100,,,100802,200,,,100739,100,,,100531,2,,,100156,100
2019-06-28 09:55:40.000000000,101505,179,101249,279,101613,279,101210,179,101910,179,101105,179,101974,179,101028,179,102018,179,100834,179,102138,100,100833,100,,,100802,200,,,100739,100,,,100531,2,,,100156,100
2019-06-28 09:55:50.000000000,101505,297,101249,397,101613,397,101210,297,101910,100,101105,100,101974,100,101028,100,102018,100,100834,100,102138,100,100833,100,,,100802,200,,,100739,100,,,100531,2,,,100156,100
2019-06-28 09:55:53.800645467,101505,297,101249,397,101613,397,101210,297,101728,100,101105,100,101910,100,101028,100,101974,100,100834,100,102018,100,100833,100,102138,100,100802,200,,,100739,100,,,100531,2,,,100156,100
2019-06-28 09:56:00.000000000,101505,234,101249,334,101613,330,101210,230,101728,230,101105,230,101910,100,101028,100,101974,100,100834,100,102018,100,100833,100,102138,100,100802,200,,,100739,100,,,100531,2,,,100156,100
2019-06-28 09:56:06.319060580,101505,234,101426,100,101613,330,101249,334,101728,230,101210,230,101910,100,101105,230,101974,100,101028,100,102018,100,100834,100,102138,100,100833,100,,,100802,200,,,100739,100,,,100531,2
2019-06-28 09:56:10.000000000,101505,297,101426,297,101613,397,101249,397,101728,100,101210,100,101910,100,101105,100,101974,100,101028,100,102018,100,100834,100,102138,100,100833,100,,,100802,200,,,100739,100,,,100531,2
2019-06-28 09:56:20.000000000,101505,179,101426,179,101613,279,101249,279,101728,179,101210,179,101910,179,101105,179,101974,179,101028,179,102018,100,100834,100,102138,100,100833,100,,,100802,200,,,100739,100,,,100531,2
2019-06-28 09:56:30.000000000,101505,494,101426,494,101613,200,101249,200,101728,100,101210,100,101910,100,101105,100,101974,100,101028,100,102018,100,100834,100,102138,100,100833,100,,,100802,200,,,100739,100,,,100531,2
2019-06-28 09:56:33.613486912,101505,494,101428,100,101613,200,101426,494,101728,100,101249,200,101910,100,101210,100,101974,100,101105,100,102018,100,101028,100,102138,100,100834,100,,,100833,100,,,100802,200,,,100739,100
2019-06-28 09:56:36.192557522,101505,494,101428,100,101613,200,101426,494,101664,100,101249,200,101728,100,101210,100,101910,100,101105,100,101974,100,101028,100,102018,100,100834,100,102138,100,100833,100,,,100802,200,,,100531,2
2019-06-28 09:56:40.000000000,101505,198,101428,198,101613,298,101426,198,101664,198,101249,298,101728,198,101210,198,101910,100,101105,100,101974,100,101028,100,102018,100,100834,100,102138,100,100833,100,,,100802,200,,,100531,2
2019-06-28 09:56:43.608173154,101505,198,101428,198,101613,298,101426,198,101664,198,101249,298,101670,100,101210,198,101728,198,101105,100,101910,100,101028,100,101974,100,100834,100,102018,100,100833,100,102138,100,100802,200,,,100531,2
2019-06-28 09:56:50.000000000,101505,297,101428,297,101613,397,101426,297,101664,100,101249,200,101670,100,101210,100,101728,100,101105,100,101910,100,101028,100,101974,100,100834,100,102018,100,100833,100,102138,100,100802,200,,,100531,2
2019-06-28 09:57:00.000000000,101505,179,101428,179,101613,279,101426,179,101664,179,101249,279,101670,179,101210,179,101728,179,101105,179,101910,100,101028,100,101974,100,100834,100,102018,100,100833,100,102138,100,100802,200,,,100531,2
2019-06-28 09:57:10.000000000,101505,198,101428,198,101613,298,101426,198,101664,198,101249,298,101670,198,101210,198,101728,100,101105,100,101910,100,101028,100,101974,100,100834,100,102018,100,100833,100,102138,100,100802,200,,,100531,2
2019-06-28 09:57:20.000000000,101505,494,101428,494,101613,200,101426,100,101664,100,101249,200,101670,100,101210,100,101728,100,101105,100,101910,100,101028,100,101974,100,100834,100,102018,100,100833,100,102138,100,100802,200,,,100531,2
2019-06-28 09:57:27.805570563,101505,494,101428,494,101613,200,101426,100,101670,100,101249,200,101728,100,101210,100,101910,100,101105,100,101974,100,101028,100,102018,100,100834,100,102138,100,100833,100,102352,100,100802,200,,,100531,2
2019-06-28 09:57:29.683416107,101505,494,101428,494,101613,200,101426,100,101670,100,101249,200,101728,100,101210,100,101910,100,101105,100,101974,100,101028,100,102018,100,100834,100,102138,100,100833,100,102352,100,100802,200,102423,100,100531,2
2019-06-28 09:57:30.000000000,101505,494,101428,494,101613,200,101426,100,101670,100,101249,200,101728,100,101210,100,101910,100,101105,100,101974,100,101028,100,102018,100,100834,100,102138,100,100833,100,102352,100,100802,200,102423,100,100531,2
2019-06-28 09:57:40.000000000,101505,297,101428,297,101613,397,101426,297,101670,100,101249,200,101728,100,101210,100,101910,100,101105,100,101974,100,101028,100,102018,100,100834,100,102138,100,100833,100,102352,100,100802,200,102423,100,100531,2
2019-06-28 09:57:45.019860504,101505,297,101428,297,101613,397,101426,297,101670,100,101249,200,101728,100,101210,100,101974,100,101105,100,102001,100,101028,100,102018,100,100834,100,102138,100,100833,100,102352,100,100802,200,102423,100,100531,2
2019-06-28 09:57:50.000000000,101505,198,101428,198,101613,298,101426,198,101670,198,101249,298,101728,198,101210,198,101974,100,101105,100,102001,100,101028,100,102018,100,100834,100,102138,100,100833,100,102352,100,100802,200,102423,100,100531,2
2019-06-28 09:58:00.000000000,101505,198,101428,198,101613,298,101426,198,101670,198,101249,298,101728,198,101210,198,101974,100,101105,100,102001,100,101028,100,102018,100,100834,100,102138,100,100833,100,102352,100,100802,200,102423,100,100531,2
2019-06-28 09:58:07.244062658,101505,198,101453,100,101613,298,101428,198,101670,198,101426,198,101728,198,101249,298,101974,100,101210,198,102001,100,101105,100,102018,100,101028,100,102138,100,100834,100,102352,100,100833,100,102423,100,100802,200
2019-06-28 09:58:08.672677909,101505,98,101453,100,101613,298,101428,198,101670,198,101426,198,101728,198,101249,298,101974,100,101210,198,102001,100,101105,100,102018,100,101028,100,102138,100,100834,100,102352,100,100833,100,102423,100,100802,200
2019-06-28 09:58:09.408616104,101505,98,101454,100,101613,298,101453,100,101670,198,101428,198,101728,198,101426,198,101974,100,101249,298,102001,100,101210,198,102018,100,101105,100,102138,100,101028,100,102352,100,100834,100,102423,100,100833,100
2019-06-28 09:58:10.000000000,101613,298,101454,198,101670,198,101453,198,101728,198,101428,198,101974,198,101426,198,102001,100,101249,200,102018,100,101210,100,102138,100,101105,100,102352,100,101028,100,102423,100,100834,100,,,100833,100
2019-06-28 09:58:20.000000000,101613,279,101454,179,101670,179,101453,179,101728,179,101428,179,101974,179,101426,179,102001,179,101249,279,102018,100,101210,100,102138,100,101105,100,102352,100,101028,100,102423,100,100834,100,,,100833,100
2019-06-28 09:58:20.875038770,101613,279,101454,279,101670,179,101453,179,101728,179,101428,179,101974,179,101426,179,102001,179,101249,279,102018,100,101210,100,102138,100,101105,100,102352,100,101028,100,102423,100,100834,100,,,100833,100
2019-06-28 09:58:23.199704465,101613,179,101454,279,101670,179,101453,179,101728,179,101428,179,101974,179,101426,179,102001,179,101249,279,102018,100,101210,100,102138,100,101105,100,102352,100,101028,100,102423,100,100834,100,,,100833,100
2019-06-28 09:58:30.000000000,101613,179,101454,279,101670,179,101453,179,101728,179,101428,179,101974,179,101426,179,102001,179,101249,279,102018,100,101210,100,102138,100,101105,100,102352,100,101028,100,102423,100,100834,100,,,100833,100
2019-06-28 09:58:38.897896055,101613,179,101454,179,101670,179,101453,179,101728,179,101428,179,101974,179,101426,179,102001,179,101249,279,102018,100,101210,100,102138,100,101105,100,102352,100,101028,100,102423,100,100834,100,,,100833,100
2019-06-28 09:58:39.917998808,101613,179,101454,179,101670,179,101453,179,101728,179,101428,179,101878,100,101426,179,101974,179,101249,279,102001,179,101210,100,102018,100,101105,100,102138,100,101028,100,102352,100,100834,100,102423,100,100833,100
2019-06-28 09:58:40.000000000,101613,297,101454,297,101670,297,101453,297,101728,100,101428,100,101878,100,101426,100,101974,100,101249,200,102001,100,101210,100,102018,100,101105,100,102138,100,101028,100,102352,100,100834,100,102423,100,100833,100
2019-06-28 09:58:45.527293920,101613,197,101454,297,101670,297,101453,297,101728,100,101428,100,101878,100,101426,100,101974,100,101249,100,102001,100,101210,100,102018,100,101105,100,102138,100,101028,100,102352,100,100834,100,102423,100,100833,100
2019-06-28 09:58:50.000000000,101670,179,101454,179,101728,179,101453,179,101878,179,101428,179,101974,179,101426,179,102001,179,101249,179,102018,100,101210,100,102138,100,101105,100,102352,100,101028,100,102423,100,100834,100,,,100833,100
2019-06-28 09:58:55.152138991,101670,79,101454,179,101728,179,101453,179,101878,179,101428,179,101974,179,101426,179,102001,179,101249,179,102018,100,101210,100,102138,100,101105,100,102352,100,100834,100,102423,100,100833,100,,,100802,200
2019-06-28 09:59:00.000000000,101728,179,101454,179,101878,179,101453,179,101974,179,101428,179,102001,179,101426,179,102018,179,101249,179,102138,100,101210,100,102352,100,101105,100,102423,100,100834,100,,,100833,100,,,100802,200
2019-06-28 09:59:10.000000000,101728,198,101454,198,101878,198,101453,198,101974,198,101428,198,102001,198,101426,198,102018,100,101249,100,102138,100,101210,100,102352,100,101105,100,102423,100,100834,100,,,100833,100,,,100802,200
2019-06-28 09:59:14.093649005,101728,198,101454,198,101878,198,101453,198,101906,100,101428,198,101974,198,101426,198,102001,198,101249,100,102018,100,101210,100,102138,100,101105,100,102352,100,100834,100,102423,100,100833,100,,,100802,200
2019-06-28 09:59:16.004955460,101728,98,101454,198,101878,198,101453,198,101906,100,101428,198,101974,98,101426,198,102001,198,101249,100,102018,100,101210,100,102138,100,101105,100,102352,100,100834,100,102423,100,100833,100,,,100802,200
2019-06-28 09:59:20.000000000,101878,179,101454,179,101906,179,101453,179,102001,179,101428,179,102018,179,101426,179,102138,179,101249,179,102352,100,101210,100,102423,100,101105,100,,,100834,100,,,100833,100,,,100802,200
2019-06-28 09:59:23.474942968,101878,79,101454,179,101906,179,101453,179,102001,179,101428,179,102018,179,101426,179,102138,79,101249,179,102352,100,101210,100,102423,100,101105,100,,,100834,100,,,100833,100,,,100802,200
2019-06-28 09:59:30.000000000,101906,198,101454,198,102001,198,101453,198,102018,198,101428,198,102352,198,101426,198,102423,100,101249,100,,,101210,100,,,101105,100,,,100834,100,,,100833,100,,,100802,200
2019-06-28 09:59:40.000000000,101906,234,101454,234,102001,230,101453,230,102018,230,101428,230,102352,100,101426,100,102423,100,101249,100,,,101210,100,,,101105,100,,,100834,100,,,100833,100,,,100802,200
2019-06-28 09:59:45.910103779,101906,234,101454,234,101994,100,101453,230,102001,230,101428,230,102018,230,101426,100,102352,100,101249,100,102423,100,101210,100,,,101105,100,,,100834,100,,,100833,100,,,100802,200
2019-06-28 09:59:50.000000000,101906,297,101454,297,101994,297,101453,297,102001,100,101428,100,102018,100,101426,100,102352,100,101249,100,102423,100,101210,100,,,101105,100,,,100834,100,,,100833,100,,,100802,200
2019-06-28 10:00:00.000000000,101906,297,101454,297,101994,297,101453,297,102001,100,101428,100,102018,100,101426,100,102352,100,101249,100,102423,100,101210,100,,,101105,100,,,100834,100,,,100833,100,,,100802,200
2019-06-28 10:00:09.214629478,101877,100,101454,297,101906,297,101453,197,101994,297,101428,100,102001,100,101426,100,102018,100,101249,100,102352,100,101210,100,102423,100,101105,100,,,100834,100,,,100833,100,,,100802,200
2019-06-28 10:00:10.000000000,101877,494,101454,494,101906,100,101428,100,101994,100,101426,100,102001,100,101249,100,102018,100,101210,100,102352,100,101105,100,102423,100,100834,100,,,100833,100,,,100802,200,,,100531,2
2019-06-28 10:00:13.813590806,101877,494,101563,100,101906,100,101454,494,101994,100,101428,100,102001,100,101426,100,102018,100,101249,100,102352,100,101210,100,102423,100,101105,100,,,100834,100,,,100833,100,,,100802,200
2019-06-28 10:00:20.000000000,101877,198,101563,198,101906,198,101454,198,101994,198,101428,198,102001,198,101426,198,102018,100,101249,100,102352,100,101210,100,102423,100,101105,100,,,100834,100,,,100833,100,,,100802,200
2019-06-28 10:00:23.044055675,101877,198,101563,198,101906,198,101528,100,101994,198,101454,198,102001,198,101428,198,102018,100,101426,198,102352,100,101249,100,102423,100,101210,100,,,101105,100,,,100834,100,,,100833,100
2019-06-28 10:00:25.320763300,101764,100,101563,198,101877,198,101528,100,101906,198,101454,198,101994,198,101428,198,102001,198,101426,198,102018,100,101249,100,102352,100,101210,100,,,101105,100,,,100834,100,,,100833,100
2019-06-28 10:00:30.000000000,101764,494,101563,494,101877,100,101528,100,101906,100,101454,100,101994,100,101428,100,102001,100,101426,100,102018,100,101249,100,102352,100,101210,100,,,101105,100,,,100834,100,,,100833,100
2019-06-28 10:00:40.000000000,101764,198,101563,198,101877,198,101528,198,101906,198,101454,198,101994,198,101428,198,102001,100,101426,100,102018,100,101249,100,102352,100,101210,100,,,101105,100,,,100834,100,,,100833,100
2019-06-28 10:00:40.277815820,101764,198,101563,198,101877,198,101528,198,101906,198,101454,198,101994,198,101428,198,102001,100,101313,100,102018,100,101249,100,102352,100,101210,100,,,101105,100,,,100834,100,,,100833,100
2019-06-28 10:00:43.887988911,101764,198,101618,100,101877,198,101563,198,101906,198,101528,198,101994,198,101454,198,102001,100,101428,198,102018,100,101313,100,102352,100,101249,100,,,101210,100,,,101105,100,,,100834,100
2019-06-28 10:00:44.821119842,101764,198,101618,100,101877,298,101563,198,101906,198,101528,198,101994,198,101454,198,102001,100,101428,198,102018,100,101313,100,102352,100,101249,100,,,101210,100,,,101105,100,,,100834,100
2019-06-28 10:00:50.000000000,101764,234,101618,234,101877,330,101563,230,101906,230,101528,230,101994,100,101454,100,102001,100,101428,100,102018,100,101313,100,102352,100,101249,100,,,101210,100,,,101105,100,,,100834,100
2019-06-28 10:00:50.339950884,101764,234,101690,100,101877,330,101618,234,101906,230,101563,230,101994,100,101528,230,102001,100,101454,100,102018,100,101428,100,102352,100,101313,100,,,101249,100,,,101210,100,,,101105,100
2019-06-28 10:00:53.493739629,101764,234,101690,100,101877,330,101618,234,101906,230,101592,100,101994,100,101563,230,102001,100,101528,230,102018,100,101454,100,102352,100,101428,100,,,101313,100,,,101249,100,,,101210,100
2019-06-28 10:00:54.637014534,101727,100,101690,100,101764,234,101618,234,101877,330,101592,100,101906,230,101563,230,101994,100,101528,230,102001,100,101454,100,102018,100,101428,100,102352,100,101313,100,,,101249,100,,,101210,100
2019-06-28 10:01:00.000000000,101727,234,101690,234,101764,230,101618,230,101877,330,101592,230,101906,100,101563,100,101994,100,101528,100,102001,100,101454,100,102018,100,101428,100,102352,100,101313,100,,,101249,100,,,101210,100
2019-06-28 10:01:06.395465365,101727,234,101690,234,101764,230,101618,230,101877,430,101592,230,101906,100,101563,100,101994,100,101528,100,102001,100,101454,100,102018,100,101428,100,102352,100,101313,100,,,101249,100,,,101210,100
2019-06-28 10:01:10.000000000,101727,234,101690,234,101764,230,101618,230,101877,430,101592,230,101906,100,101563,100,101994,100,101528,100,102001,100,101454,100,102018,100,101428,100,102352,100,101313,100,,,101249,100,,,101210,100
2019-06-28 10:01:20.000000000,101727,234,101690,234,101764,230,101618,230,101877,430,101592,230,101906,100,101563,100,101994,100,101528,100,102001,100,101454,100,102018,100,101428,100,102352,100,101313,100,,,101249,100,,,101210,100
2019-06-28 10:01:30.000000000,101727,198,101690,198,101764,198,101618,198,101877,398,101592,198,101906,198,101563,198,101994,100,101528,100,102001,100,101454,100,102018,100,101428,100,102352,100,101313,100,,,101249,100,,,101210,100
2019-06-28 10:01:38.053451553,101727,198,101690,98,101764,198,101618,198,101877,398,101592,198,101906,198,101563,198,101994,100,101528,100,102001,100,101454,100,102018,100,101428,100,102352,100,101313,100,,,101249,100,,,101210,100
2019-06-28 10:01:39.930560718,101690,2,101618,198,101727,198,101592,98,101764,198,101563,198,101877,398,101528,100,101906,198,101454,100,101994,100,101428,100,102001,100,101313,100,102018,100,101249,100,102352,100,101210,100,,,101105,100
2019-06-28 10:01:40.000000000,101690,396,101618,494,101727,100,101563,100,101764,100,101528,100,101877,300,101454,100,101906,100,101428,100,101994,100,101313,100,102001,100,101249,100,102018,100,101210,100,102352,100,101105,100,,,100834,100
2019-06-28 10:01:50.000000000,101690,81,101618,179,101727,179,101563,179,101764,179,101528,179,101877,379,101454,179,101906,179,101428,179,101994,100,101313,100,102001,100,101249,100,102018,100,101210,100,102352,100,101105,100,,,100834,100
2019-06-28 10:02:00.000000000,101690,396,101618,494,101727,100,101563,100,101764,100,101528,100,101877,300,101454,100,101906,100,101428,100,101994,100,101313,100,102001,100,101249,100,102018,100,101210,100,102352,100,101105,100,,,100834,100
2019-06-28 10:02:10.000000000,101690,100,101618,198,101727,198,101563,198,101764,198,101528,198,101877,398,101454,198,101906,100,101428,100,101994,100,101313,100,102001,100,101249,100,102018,100,101210,100,102352,100,101105,100,,,100834,100
2019-06-28 10:02:13.304065117,101690,100,101618,198,101727,198,101563,198,101764,198,101528,98,101877,398,101454,198,101906,100,101428,100,101994,100,101313,100,102001,100,101249,100,102018,100,101210,100,102352,100,101163,100,,,101105,100
2019-06-28 10:02:20.000000000,101690,396,101618,494,101727,100,101563,100,101764,100,101454,100,101877,300,101428,100,101906,100,101313,100,101994,100,101249,100,102001,100,101210,100,102018,100,101163,100,102352,100,101105,100,,,100834,100
2019-06-28 10:02:30.000000000,101690,100,101618,198,101727,198,101563,198,101764,198,101454,198,101877,398,101428,198,101906,100,101313,100,101994,100,101249,100,102001,100,101210,100,102018,100,101163,100,102352,100,101105,100,,,100834,100
2019-06-28 10:02:40.000000000,101690,396,101618,494,101727,100,101563,100,101764,100,101454,100,101877,300,101428,100,101906,100,101313,100,101994,100,101249,100,102001,100,101210,100,102018,100,101163,100,102352,100,101105,100,,,100834,100
2019-06-28 10:02:46.240275876,101690,396,101618,394,101727,100,101563,100,101764,100,101454,100,101877,300,101428,100,101906,100,101313,100,101994,100,101249,100,102001,100,101210,100,102018,100,101163,100,102352,100,101105,100,,,100834,100
2019-06-28 10:02:50.000000000,101690,396,101563,494,101727,100,101454,100,101764,100,101428,100,101877,300,101313,100,101906,100,101249,100,101994,100,101210,100,102001,100,101163,100,102018,100,101105,100,102352,100,100834,100,,,100833,100
2019-06-28 10:03:00.000000000,101690,396,101563,494,101727,100,101454,100,101764,100,101428,100,101877,300,101313,100,101906,100,101249,100,101994,100,101210,100,102001,100,101163,100,102018,100,101105,100,102352,100,100834,100,,,100833,100
2019-06-28 10:03:04.325376227,101690,396,101563,494,101727,100,101548,100,101764,100,101454,100,101877,300,101428,100,101906,100,101313,100,101994,100,101249,100,102001,100,101210,100,102018,100,101163,100,102352,100,101105,100,,,100834,100
2019-06-28 10:03:10.000000000,101690,136,101563,234,101727,230,101548,230,101764,230,101454,230,101877,300,101428,100,101906,100,101313,100,101994,100,101249,100,102001,100,101210,100,102018,100,101163,100,102352,100,101105,100,,,100834,100
2019-06-28 10:03:20.000000000,101690,396,101563,494,101727,100,101548,100,101764,100,101454,100,101877,300,101428,100,101906,100,101313,100,101994,100,101249,100,102001,100,101210,100,102018,100,101163,100,102352,100,101105,100,,,100834,100
2019-06-28 10:03:30.000000000,101690,396,101563,494,101727,100,101548,100,101764,100,101454,100,101877,300,101428,100,101906,100,101313,100,101994,100,101249,100,102001,100,101210,100,102018,100,101163,100,102352,100,101105,100,,,100834,100
2019-06-28 10:03:38.122584739,101690,396,101563,494,101727,100,101548,100,101764,100,101454,100,101877,300,101428,100,101906,100,101406,100,101994,100,101313,100,102001,100,101249,100,102018,100,101210,100,102352,100,101163,100,,,101105,100
2019-06-28 10:03:40.000000000,101690,81,101563,179,101727,179,101548,179,101764,179,101454,179,101877,379,101428,179,101906,179,101406,179,101994,100,101313,100,102001,100,101249,100,102018,100,101210,100,102352,100,101163,100,,,101105,100
2019-06-28 10:03:42.503206949,101690,81,101563,79,101727,179,101548,179,101764,179,101454,179,101877,379,101428,179,101906,179,101406,179,102001,100,101313,100,102018,100,101249,100,102352,100,101210,100,,,101163,100,,,101105,100
2019-06-28 10:03:50.000000000,101690,81,101548,179,101727,179,101454,179,101764,179,101428,179,101877,379,101406,179,101906,179,101313,179,102001,100,101249,100,102018,100,101210,100,102352,100,101163,100,,,101105,100,,,100834,100
2019-06-28 10:03:56.971972450,101690,81,101548,79,101727,179,101454,179,101764,179,101428,179,101877,379,101406,179,101906,179,101313,179,102001,100,101249,100,102018,100,101210,100,102352,100,101163,100,,,101105,100,,,100834,100
2019-06-28 10:04:00.000000000,101690,396,101454,494,101727,100,101428,100,101764,100,101406,100,101877,300,101313,100,101906,100,101249,100,102001,100,101210,100,102018,100,101163,100,102352,100,101105,100,,,100834,100,,,100833,100
2019-06-28 10:04:10.000000000,101690,100,101454,198,101727,198,101428,198,101764,198,101406,198,101877,398,101313,198,101906,100,101249,100,102001,100,101210,100,102018,100,101163,100,102352,100,101105,100,,,100834,100,,,100833,100
2019-06-28 10:04:20.000000000,101690,199,101454,297,101727,297,101428,297,101764,100,101406,100,101877,300,101313,100,101906,100,101249,100,102001,100,101210,100,102018,100,101163,100,102352,100,101105,100,,,100834,100,,,100833,100
2019-06-28 10:04:29.657404755,101690,199,101454,297,101727,297,101428,297,101764,100,101406,100,101877,300,101313,100,101906,100,101249,100,102001,100,101210,100,102018,100,101163,100,102352,100,101105,100,,,100834,100,,,100833,100
2019-06-28 10:04:30.000000000,101690,199,101454,297,101727,297,101428,297,101764,100,101406,100,101877,300,101313,100,101906,100,101249,100,102001,100,101210,100,102018,100,101163,100,102352,100,101105,100,,,100834,100,,,100833,100
2019-06-28 10:04:37.154113566,101563,100,101454,297,101690,199,101428,297,101727,297,101406,100,101764,100,101313,100,101877,300,101249,100,101906,100,101210,100,102001,100,101163,100,102018,100,101105,100,102352,100,100834,100,,,100833,100
2019-06-28 10:04:40.000000000,101563,297,101454,297,101690,199,101428,297,101727,100,101406,100,101764,100,101313,100,101877,300,101249,100,101906,100,101210,100,102001,100,101163,100,102018,100,101105,100,102352,100,100834,100,,,100833,100
2019-06-28 10:04:47.344292462,101563,297,101454,297,101690,199,101428,297,101727,100,101406,100,101764,100,101313,100,101877,300,101249,100,101906,100,101210,100,102001,100,101163,100,102018,100,101105,100,102352,100,100834,100,,,100833,100
2019-06-28 10:04:50.000000000,101563,297,101454,297,101690,199,101428,297,101727,100,101406,100,101764,100,101313,100,101877,300,101249,100,101906,100,101210,100,102001,100,101163,100,102018,100,101105,100,102352,100,100834,100,,,100833,100
2019-06-28 10:05:00.000000000,101563,494,101454,494,101690,2,101428,100,101727,100,101406,100,101764,100,101313,100,101877,300,101249,100,101906,100,101210,100,102001,100,101163,100,102018,100,101105,100,102352,100,100834,100,,,100833,100
2019-06-28 10:05:10.000000000,101563,297,101454,297,101690,199,101428,297,101727,100,101406,100,101764,100,101313,100,101877,300,101249,100,101906,100,101210,100,102001,100,101163,100,102018,100,101105,100,102352,100,100834,100,,,100833,100
2019-06-28 10:05:20.000000000,101563,297,101454,297,101690,199,101428,297,101727,100,101406,100,101764,100,101313,100,101877,300,101249,100,101906,100,101210,100,102001,100,101163,100,102018,100,101105,100,102352,100,100834,100,,,100833,100
2019-06-28 10:05:30.000000000,101563,494,101454,494,101690,2,101428,100,101727,100,101406,100,101764,100,101313,100,101877,300,101249,100,101906,100,101210,100,102001,100,101163,100,102018,100,101105,100,102352,100,100834,100,,,100833,100
2019-06-28 10:05:40.000000000,101563,494,101454,494,101690,2,101428,100,101727,100,101406,100,101764,100,101313,100,101877,300,101249,100,101906,100,101210,100,102001,100,101163,100,102018,100,101105,100,102352,100,100834,100,,,100833,100
2019-06-28 10:05:50.000000000,101563,297,101454,297,101690,199,101428,297,101727,100,101406,100,101764,100,101313,100,101877,300,101249,100,101906,100,101210,100,102001,100,101163,100,102018,100,101105,100,102352,100,100834,100,,,100833,100
2019-06-28 10:05:50.660135060,101563,297,101454,297,101690,199,101428,297,101727,100,101406,100,101764,100,101313,100,101877,300,101249,100,101906,100,101210,100,102001,100,101163,100,102018,100,101105,100,102352,100,100834,100,,,100833,100
2019-06-28 10:06:00.000000000,101563,234,101454,234,101690,132,101428,230,101727,230,101406,230,101764,100,101313,100,101877,300,101249,100,101906,100,101210,100,102001,100,101163,100,102018,100,101105,100,102352,100,100834,100,,,100833,100
2019-06-28 10:06:03.470538326,101563,234,101454,134,101690,132,101428,230,101727,230,101406,230,101764,100,101313,100,101877,300,101249,100,101906,100,101210,100,102001,100,101163,100,102018,100,101105,100,102352,100,100834,100,,,100833,100
2019-06-28 10:06:04.828249805,101563,234,101454,134,101690,132,101428,230,101727,230,101406,230,101764,100,101313,100,101877,300,101249,100,101906,100,101210,100,102001,100,101163,100,102352,100,101105,100,,,100834,100,,,100833,100
2019-06-28 10:06:05.609975482,101563,234,101454,134,101690,132,101428,230,101727,230,101406,230,101764,100,101313,100,101877,300,101249,100,101906,100,101210,100,102001,100,101163,100,102352,100,101105,100,,,100834,100,,,100833,100
2019-06-28 10:06:06.550813206,101563,234,101454,34,101690,132,101428,230,101727,230,101406,230,101764,100,101313,100,101877,300,101249,100,101906,100,101210,100,102001,100,101163,100,102352,100,101105,100,,,100834,100,,,100833,100
2019-06-28 10:06:10.000000000,101563,198,101428,198,101690,100,101406,198,101727,198,101313,198,101764,198,101249,198,101877,300,101210,100,101906,100,101163,100,102001,100,101105,100,102352,100,100834,100,,,100833,100,,,100802,100
2019-06-28 10:06:20.000000000,101563,198,101428,198,101690,100,101406,198,101727,198,101313,198,101764,198,101249,198,101877,300,101210,100,101906,100,101163,100,102001,100,101105,100,102352,100,100834,100,,,100833,100,,,100802,100
2019-06-28 10:06:25.419709538,101563,198,101428,98,101690,100,101406,198,101727,198,101313,198,101764,198,101249,198,101877,300,101210,100,101906,100,101163,100,102352,100,101105,100,,,100834,100,,,100833,100,,,100802,100
2019-06-28 10:06:30.000000000,101563,198,101406,198,101690,100,101313,198,101727,198,101249,198,101764,198,101210,198,101877,300,101163,100,101906,100,101105,100,102352,100,100834,100,,,100833,100,,,100802,100,,,100631,100
2019-06-28 10:06:40.000000000,101563,494,101406,494,101690,2,101313,100,101727,100,101249,100,101764,100,101210,100,101877,300,101163,100,101906,100,101105,100,102352,100,100834,100,,,100833,100,,,100802,100,,,100631,100
2019-06-28 10:06:50.000000000,101563,234,101406,234,101690,132,101313,230,101727,230,101249,230,101764,100,101210,100,101877,300,101163,100,101906,100,101105,100,102352,100,100834,100,,,100833,100,,,100802,100,,,100631,100
2019-06-28 10:06:54.808472839,101563,234,101406,134,101690,132,101313,230,101727,230,101249,230,101764,100,101210,100,101877,300,101163,100,101906,100,101105,100,102352,100,100834,100,,,100833,100,,,100802,100,,,100631,100
2019-06-28 10:07:00.000000000,101563,234,101313,234,101690,132,101249,230,101727,230,101210,230,101764,100,101163,100,101877,300,101105,100,101906,100,100834,100,102352,100,100833,100,,,100802,100,,,100631,100,,,100533,100
2019-06-28 10:07:10.000000000,101563,179,101313,179,101690,81,101249,179,101727,179,101210,179,101764,179,101163,179,101877,379,101105,179,101906,100,100834,100,102352,100,100833,100,,,100802,100,,,100631,100,,,100533,100
2019-06-28 10:07:20.000000000,101563,297,101313,297,101690,199,101249,297,101727,100,101210,100,101764,100,101163,100,101877,300,101105,100,101906,100,100834,100,102352,100,100833,100,,,100802,100,,,100631,100,,,100533,100
2019-06-28 10:07:30.000000000,101563,297,101313,297,101690,199,101249,297,101727,100,101210,100,101764,100,101163,100,101877,300,101105,100,101906,100,100834,100,102352,100,100833,100,,,100802,100,,,100631,100,,,100533,100
2019-06-28 10:07:35.793066810,101563,297,101313,197,101690,199,101249,297,101727,100,101210,100,101764,100,101163,100,101877,300,101105,100,101906,100,100834,100,102352,100,100833,100,,,100802,100,,,100631,100,,,100533,100
2019-06-28 10:07:40.000000000,101563,297,101249,297,101690,199,101210,297,101727,100,101163,100,101764,100,101105,100,101877,300,100834,100,101906,100,100833,100,102352,100,100802,100,,,100631,100,,,100533,100,,,100531,2
2019-06-28 10:07:49.260093374,101563,297,101249,197,101690,199,101210,297,101727,100,101163,100,101764,100,101105,100,101877,300,100834,100,101906,100,100833,100,102352,100,100802,100,,,100631,100,,,100531,2,,,100397,100
2019-06-28 10:07:50.000000000,101563,198,101210,198,101690,100,101163,198,101727,198,101105,198,101764,198,100834,198,101877,300,100833,100,101906,100,100802,100,102352,100,100631,100,,,100531,2,,,100397,100,,,100287,100
2019-06-28 10:08:00.000000000,101563,494,101210,494,101690,2,101163,100,101727,100,101105,100,101764,100,100834,100,101877,300,100833,100,101906,100,100802,100,102352,100,100631,100,,,100531,2,,,100397,100,,,100287,100
2019-06-28 10:08:10.000000000,101563,494,101210,494,101690,2,101163,100,101727,100,101105,100,101764,100,100834,100,101877,300,100833,100,101906,100,100802,100,102352,100,100631,100,,,100531,2,,,100397,100,,,100287,100
2019-06-28 10:08:18.856517023,101563,494,101210,394,101690,2,101163,100,101727,100,101105,100,101764,100,100834,100,101877,300,100833,100,101906,100,100802,100,102352,100,100631,100,,,100531,2,,,100397,100,,,100287,100
2019-06-28 10:08:20.000000000,101563,179,101163,179,101690,81,101105,179,101727,179,100834,179,101764,179,100833,179,101877,379,100802,179,101906,100,100631,100,102352,100,100531,2,,,100397,100,,,100287,100,,,99932,100
2019-06-28 10:08:24.379489694,101563,179,101163,179,101690,81,101105,179,101727,179,100834,179,101764,179,100833,179,101877,379,100802,179,101906,100,100631,100,102352,100,100531,2,,,100397,100,,,99932,100,,,99843,100
2019-06-28 10:08:30.000000000,101563,297,101163,297,101690,199,101105,297,101727,100,100834,100,101764,100,100833,100,101877,300,100802,100,101906,100,100631,100,102352,100,100531,2,,,100397,100,,,99932,100,,,99843,100
2019-06-28 10:08:40.000000000,101563,234,101163,234,101690,132,101105,230,101727,230,100834,230,101764,100,100833,100,101877,300,100802,100,101906,100,100631,100,102352,100,100531,2,,,100397,100,,,99932,100,,,99843,100
2019-06-28 10:08:50.000000000,101563,179,101163,179,101690,81,101105,179,101727,179,100834,179,101764,179,100833,179,101877,379,100802,179,101906,100,100631,100,102352,100,100531,2,,,100397,100,,,99932,100,,,99843,100
2019-06-28 10:09:00.000000000,101563,198,101163,198,101690,100,101105,198,101727,198,100834,198,101764,198,100833,198,101877,300,100802,100,101906,100,100631,100,102352,100,100531,2,,,100397,100,,,99932,100,,,99843,100
2019-06-28 10:09:10.000000000,101563,297,101163,297,101690,199,101105,297,101727,100,100834,100,101764,100,100833,100,101877,300,100802,100,101906,100,100631,100,102352,100,100531,2,,,100397,100,,,99932,100,,,99843,100
2019-06-28 10:09:14.586004021,101249,100,101163,297,101563,297,101105,297,101690,199,100834,100,101764,100,100833,100,101877,300,100802,100,101906,100,100631,100,102352,100,100531,2,,,100397,100,,,99932,100,,,99843,100
2019-06-28 10:09:17.731481295,101249,100,101163,197,101563,297,101105,297,101690,199,100834,100,101764,100,100833,100,101877,300,100802,100,101906,100,100631,100,102352,100,100531,2,,,100397,100,,,99932,100,,,99843,100
2019-06-28 10:09:20.000000000,101249,234,101105,234,101563,230,100834,230,101690,132,100833,230,101764,100,100802,100,101877,300,100631,100,101906,100,100531,2,102352,100,100397,100,,,99932,100,,,99843,100,,,99265,100
2019-06-28 10:09:25.170313122,101249,234,101105,134,101563,230,100834,230,101690,132,100833,230,101764,100,100802,100,101877,300,100631,100,101906,100,100531,2,102352,100,100397,100,,,99932,100,,,99843,100,,,99265,100
2019-06-28 10:09:30.000000000,101249,234,100834,234,101563,230,100833,230,101690,132,100802,230,101764,100,100631,100,101877,300,100531,2,101906,100,100397,100,102352,100,99932,100,,,99843,100,,,99265,100,,,,
2019-06-28 10:09:30.725561645,101249,234,100834,234,101563,230,100833,230,101690,132,100802,230,101764,100,100631,100,101877,300,100531,2,101906,100,100397,100,102352,100,99843,100,,,99267,100,,,99265,100,,,,
2019-06-28 10:09:40.000000000,101249,297,100834,297,101563,297,100833,297,101690,2,100802,100,101764,100,100631,100,101877,300,100531,2,101906,100,100397,100,102352,100,99843,100,,,99267,100,,,99265,100,,,,
2019-06-28 10:09:50.000000000,101249,494,100834,494,101563,100,100833,100,101690,2,100802,100,101764,100,100631,100,101877,300,100531,2,101906,100,100397,100,102352,100,99843,100,,,99267,100,,,99265,100,,,,
2019-06-28 10:10:00.000000000,101249,179,100834,179,101563,179,100833,179,101690,81,100802,179,101764,179,100631,179,101877,379,100531,81,101906,100,100397,100,102352,100,99843,100,,,99267,100,,,99265,100,,,,
2019-06-28 10:10:10.000000000,101249,179,100834,179,101563,179,100833,179,101690,81,100802,179,101764,179,100631,179,101877,379,100531,81,101906,100,100397,100,102352,100,99843,100,,,99267,100,,,99265,100,,,,
2019-06-28 10:10:20.000000000,101249,198,100834,198,101563,198,100833,198,101690,100,100802,198,101764,198,100631,198,101877,300,100531,2,101906,100,100397,100,102352,100,99843,100,,,99267,100,,,99265,100,,,,
2019-06-28 10:10:23.665644682,101249,198,100834,98,101563,198,100833,198,101690,100,100802,198,101764,198,100631,198,101877,300,100531,2,101906,100,100397,100,102352,100,99267,100,,,99265,100,,,,,,,,
2019-06-28 10:10:30.000000000,101249,494,100833,494,101563,100,100802,100,101690,2,100631,100,101764,100,100531,2,101877,300,100397,100,101906,100,99267,100,102352,100,99265,100,,,,,,,,,,,,
2019-06-28 10:10:35.329124489,101163,100,100833,494,101249,494,100802,100,101563,100,100631,100,101690,2,100531,2,101764,100,100397,100,101877,200,99267,100,101906,100,99265,100,102352,100,,,,,,,,,,
2019-06-28 10:10:36.094896531,101163,100,100833,494,101249,494,100802,100,101563,100,100631,100,101690,2,100531,2,101764,100,100397,100,101877,200,99267,100,101906,100,99265,100,102352,100,98976,100,,,,,,,,
2019-06-28 10:10:40.000000000,101163,198,100833,198,101249,198,100802,198,101563,198,100631,198,101690,100,100531,100,101764,100,100397,100,101877,200,99267,100,101906,100,99265,100,102352,100,98976,100,,,,,,,,
2019-06-28 10:10:45.743679231,101163,198,100833,98,101249,198,100802,198,101563,198,100631,198,101690,100,100531,100,101764,100,100397,100,101877,200,99267,100,101906,100,99265,100,102352,100,98976,100,,,,,,,,
2019-06-28 10:10:48.809111228,101105,100,100833,98,101163,198,100802,198,101249,198,100631,198,101563,198,100531,100,101690,100,100397,100,101764,100,99267,100,101877,200,99265,100,101906,100,98976,100,102352,100,,,,,,
