,ask_price_1,ask_size_1,bid_price_1,bid_size_1,ask_price_2,ask_size_2,bid_price_2,bid_size_2,ask_price_3,ask_size_3,bid_price_3,bid_size_3,ask_price_4,ask_size_4,bid_price_4,bid_size_4,ask_price_5,ask_size_5,bid_price_5,bid_size_5,ask_price_6,ask_size_6,bid_price_6,bid_size_6,ask_price_7,ask_size_7,bid_price_7,bid_size_7,ask_price_8,ask_size_8,bid_price_8,bid_size_8,ask_price_9,ask_size_9,bid_price_9,bid_size_9,ask_price_10,ask_size_10,bid_price_10,bid_size_10
2019-06-28 09:30:00.000000000,100005,100,,,,,,,,,,,,,,,,,,,,,,,,,,,,,,,,,,,,,,
2019-06-28 09:30:00.000000001,100005,100,,,100128,100,,,,,,,,,,,,,,,,,,,,,,,,,,,,,,,,,,
2019-06-28 09:30:00.000000002,100128,100,,,,,,,,,,,,,,,,,,,,,,,,,,,,,,,,,,,,,,
2019-06-28 09:30:00.000000003,100128,100,99978,100,,,99915,100,,,,,,,,,,,,,,,,,,,,,,,,,,,,,,,,
2019-06-28 09:30:00.000000004,100055,100,99978,100,100128,100,99915,100,,,,,,,,,,,,,,,,,,,,,,,,,,,,,,,,
2019-06-28 09:30:00.000000006,100055,100,99978,100,100128,100,99915,100,100148,100,,,,,,,,,,,,,,,,,,,,,,,,,,,,,,
2019-06-28 09:30:00.000000008,100055,100,99978,100,100128,100,99915,100,100148,100,,,100158,100,,,,,,,,,,,,,,,,,,,,,,,,,,
2019-06-28 09:30:00.000000009,100055,100,99978,100,100128,100,99923,100,100148,100,99915,100,100158,100,,,,,,,,,,,,,,,,,,,,,,,,,,
2019-06-28 09:30:00.000000010,100055,100,99978,100,100128,100,99947,100,100135,100,99923,100,100148,100,99915,100,100158,100,,,,,,,,,,,,,,,,,,,,,,
2019-06-28 09:30:00.000000011,100055,100,99978,100,100128,100,99947,100,100135,100,99923,100,100148,100,99915,100,100158,100,99897,100,,,,,,,,,,,,,,,,,,,,
2019-06-28 09:30:00.000000013,100005,100,99947,100,100055,100,99923,100,100128,100,99915,100,100135,100,99897,100,100148,100,,,100158,100,,,,,,,,,,,,,,,,,,
2019-06-28 09:30:00.000000015,100005,100,99947,100,100055,100,99923,100,100075,100,99915,100,100128,100,99897,100,100135,100,,,100148,100,,,100158,100,,,,,,,,,,,,,,
2019-06-28 09:30:00.000000016,100005,100,99947,100,100055,100,99923,100,100075,100,99915,100,100128,100,99897,100,100135,100,,,100148,100,,,100158,100,,,100202,100,,,,,,,,,,
2019-06-28 09:30:00.000000017,100005,100,99950,100,100055,100,99947,100,100075,100,99923,100,100128,100,99915,100,100135,100,99897,100,100148,100,,,100158,100,,,100202,100,,,,,,,,,,
2019-06-28 09:30:00.000000019,100005,200,99950,100,100055,100,99947,100,100075,100,99923,100,100128,100,99915,100,100135,100,99897,100,100148,100,,,100158,100,,,100202,100,,,,,,,,,,
2019-06-28 09:30:00.000000021,100005,200,99950,100,100013,100,99947,100,100055,100,99923,100,100075,100,99915,100,100128,100,99897,100,100135,100,,,100148,100,,,100158,100,,,100202,100,,,,,,
2019-06-28 09:30:00.000000022,100005,200,99950,100,100013,100,99947,100,100055,100,99923,100,100075,100,99915,100,100128,100,99897,100,100135,100,99883,100,100148,100,,,100158,100,,,100202,100,,,,,,
2019-06-28 09:30:00.000000028,100005,200,99950,100,100013,100,99947,100,100037,100,99923,100,100055,100,99915,100,100075,100,99897,100,100128,100,99883,100,100135,100,,,100148,100,,,100158,100,,,100202,100,,
2019-06-28 09:30:00.000000029,100005,200,99950,100,100013,100,99947,100,100027,100,99923,100,100037,100,99915,100,100055,100,99897,100,100075,100,99883,100,100128,100,,,100135,100,,,100148,100,,,100158,100,,
2019-06-28 09:30:00.000000034,100005,200,99947,100,100013,100,99923,100,100027,100,99915,100,100037,100,99897,100,100055,100,99883,100,100075,100,,,100128,100,,,100135,100,,,100148,100,,,100158,100,,
2019-06-28 09:30:00.000000040,100005,200,99947,100,100013,100,99923,100,100027,100,99915,100,100037,100,99897,100,100055,100,99883,100,100071,100,,,100075,100,,,100128,100,,,100135,100,,,100148,100,,
2019-06-28 09:30:00.000000041,100005,200,99950,100,100013,100,99947,100,100027,100,99923,100,100037,100,99915,100,100055,100,99897,100,100071,100,99883,100,100075,100,,,100128,100,,,100135,100,,,100148,100,,
2019-06-28 09:30:00.000000043,100005,100,99950,100,100013,100,99947,100,100027,100,99923,100,100037,100,99915,100,100055,100,99897,100,100071,100,99883,100,100075,100,,,100128,100,,,100135,100,,,100148,100,,
2019-06-28 09:30:00.000000044,100005,100,99950,100,100013,100,99947,100,100027,100,99923,100,100037,100,99915,100,100055,100,99897,100,100071,100,99883,100,100075,100,99822,100,100128,100,,,100135,100,,,100148,100,,
2019-06-28 09:30:00.000000045,100005,100,99951,100,100013,100,99950,100,100027,100,99947,100,100037,100,99923,100,100055,100,99915,100,100071,100,99897,100,100075,100,99883,100,100128,100,99822,100,100135,100,,,100148,100,,
2019-06-28 09:30:00.000000046,100005,100,99951,100,100013,100,99950,100,100027,100,99947,100,100037,100,99923,100,100052,100,99915,100,100055,100,99897,100,100071,100,99883,100,100075,100,99822,100,100128,100,,,100135,100,,
2019-06-28 09:30:00.000000049,100005,100,99951,100,100013,100,99950,100,100027,100,99947,100,100037,100,99923,100,100052,100,99915,100,100055,100,99897,100,100071,100,99883,100,100075,100,99824,100,100128,100,99822,100,100135,100,,
2019-06-28 09:30:00.000000052,100005,100,99951,200,100013,100,99950,100,100027,100,99947,100,100037,100,99923,100,100052,100,99915,100,100055,100,99897,100,100071,100,99883,100,100075,100,99824,100,100128,100,99822,100,100135,100,,
2019-06-28 09:30:00.000000053,100013,100,99951,200,100027,100,99950,100,100037,100,99947,100,100052,100,99923,100,100055,100,99915,100,100071,100,99897,100,100075,100,99883,100,100128,100,99824,100,100135,100,99822,100,100148,100,,
2019-06-28 09:30:00.000000054,100013,100,99988,100,100027,100,99951,200,100037,100,99950,100,100052,100,99947,100,100055,100,99923,100,100071,100,99915,100,100075,100,99897,100,100128,100,99883,100,100135,100,99824,100,100148,100,99822,100
2019-06-28 09:30:00.000000056,100013,100,99988,100,100027,100,99951,200,100034,100,99950,100,100037,100,99947,100,100052,100,99923,100,100055,100,99915,100,100071,100,99897,100,100075,100,99883,100,100128,100,99824,100,100135,100,99822,100
2019-06-28 09:30:00.000000058,100013,100,99988,100,100027,100,99951,200,100034,100,99950,100,100037,100,99947,100,100052,100,99923,100,100055,100,99915,100,100071,100,99899,100,100075,100,99897,100,100128,100,99883,100,100135,100,99824,100
2019-06-28 09:30:00.000000061,100013,100,99988,100,100027,100,99976,100,100034,100,99951,200,100037,100,99950,100,100052,100,99947,100,100055,100,99923,100,100071,100,99915,100,100075,100,99899,100,100128,100,99897,100,100135,100,99883,100
2019-06-28 09:30:00.000000065,100013,100,99988,100,100021,100,99976,100,100027,100,99951,200,100034,100,99950,100,100037,100,99947,100,100052,100,99925,100,100055,100,99923,100,100071,100,99915,100,100075,100,99899,100,100128,100,99897,100
2019-06-28 09:30:00.000000067,100013,100,99988,100,100021,100,99976,100,100027,100,99951,200,100034,100,99950,100,100037,100,99947,100,100052,100,99925,100,100055,100,99923,100,100071,100,99921,100,100075,100,99915,100,100128,100,99899,100
2019-06-28 09:30:00.000000068,100021,100,99988,100,100027,100,99976,100,100034,100,99951,200,100037,100,99950,100,100052,100,99947,100,100055,100,99925,100,100070,100,99923,100,100071,100,99921,100,100075,100,99915,100,100128,100,99899,100
2019-06-28 09:30:00.000000072,100021,100,99988,100,100027,100,99976,100,100034,100,99951,200,100037,100,99950,100,100051,100,99947,100,100052,100,99925,100,100055,100,99923,100,100070,100,99921,100,100071,100,99915,100,100075,100,99899,100
2019-06-28 09:30:00.000000074,100021,100,100005,100,100027,100,99988,100,100034,100,99976,100,100037,100,99951,200,100051,100,99950,100,100052,100,99947,100,100055,100,99925,100,100070,100,99923,100,100071,100,99921,100,100075,100,99915,100
2019-06-28 09:30:00.000000075,100021,100,100005,100,100027,100,99988,100,100034,100,99976,100,100037,100,99951,200,100051,100,99950,100,100052,100,99947,100,100055,100,99925,100,100070,100,99923,100,100071,100,99921,100,100075,100,99915,100
2019-06-28 09:30:00.000000078,100021,100,100005,100,100027,100,99988,100,100034,100,99976,100,100037,100,99951,200,100051,100,99950,100,100052,100,99947,100,100055,100,99925,100,100070,100,99923,100,100071,100,99921,100,100075,100,99915,100
2019-06-28 09:30:00.000000082,100021,100,100005,100,100027,100,99988,100,100034,100,99976,100,100037,100,99951,200,100051,100,99950,100,100052,100,99947,100,100055,100,99925,100,100070,100,99923,100,100071,100,99921,100,100075,100,99915,100
2019-06-28 09:30:00.000000084,100021,100,100005,100,100027,100,99988,100,100034,100,99976,100,100037,100,99955,100,100051,100,99951,200,100052,100,99950,100,100055,100,99947,100,100070,100,99925,100,100071,100,99923,100,100075,100,99921,100
2019-06-28 09:30:00.000000085,100012,100,100005,100,100021,100,99988,100,100027,100,99976,100,100034,100,99955,100,100037,100,99951,200,100051,100,99950,100,100052,100,99947,100,100055,100,99925,100,100070,100,99923,100,100071,100,99921,100
2019-06-28 09:30:00.000000086,100012,100,100005,100,100021,100,99988,100,100027,100,99976,100,100034,100,99955,100,100037,100,99951,200,100051,100,99950,100,100052,100,99947,100,100055,100,99925,100,100066,100,99923,100,100070,100,99921,100
2019-06-28 09:30:00.000000088,100012,100,100005,100,100021,100,99988,100,100027,100,99976,100,100034,100,99955,100,100037,100,99951,300,100051,100,99950,100,100052,100,99947,100,100055,100,99925,100,100066,100,99923,100,100070,100,99921,100
2019-06-28 09:30:00.000000091,100012,100,100005,100,100013,100,99988,100,100021,100,99976,100,100027,100,99955,100,100034,100,99951,300,100037,100,99950,100,100051,100,99947,100,100052,100,99925,100,100055,100,99923,100,100066,100,99921,100
2019-06-28 09:30:00.000000093,100012,100,100005,100,100013,100,99988,100,100021,100,99976,100,100027,100,99969,100,100034,100,99955,100,100037,100,99951,300,100051,100,99950,100,100052,100,99947,100,100055,100,99925,100,100066,100,99923,100
2019-06-28 09:30:00.000000094,100012,100,100005,100,100013,100,99988,100,100021,100,99976,100,100027,100,99969,100,100034,100,99955,100,100037,100,99951,300,100051,100,99950,100,100052,100,99947,100,100055,100,99925,100,100066,100,99923,100
2019-06-28 09:30:00.000000095,100013,100,100005,100,100021,100,99988,100,100027,100,99976,100,100034,100,99969,100,100037,100,99955,100,100042,100,99951,300,100051,100,99950,100,100052,100,99947,100,100055,100,99925,100,100066,100,99923,100
2019-06-28 09:30:00.000000097,100013,100,100012,100,100021,100,100005,100,100027,100,99988,100,100034,100,99976,100,100037,100,99969,100,100042,100,99955,100,100051,100,99951,300,100052,100,99950,100,100055,100,99947,100,100066,100,99925,100
2019-06-28 09:30:00.000000098,100013,100,100005,100,100021,100,99988,100,100027,100,99976,100,100034,100,99969,100,100037,100,99955,100,100042,100,99951,300,100051,100,99950,100,100052,100,99947,100,100055,100,99925,100,100066,100,99923,100
2019-06-28 09:30:00.000000099,100013,100,100005,100,100021,100,99988,100,100022,100,99976,100,100027,100,99969,100,100034,100,99955,100,100037,100,99951,300,100042,100,99950,100,100051,100,99947,100,100052,100,99925,100,100055,100,99923,100
2019-06-28 09:30:01.031796904,100013,100,100005,100,100021,100,99988,100,100022,100,99976,100,100027,100,99969,100,100034,100,99955,100,100037,100,99951,300,100042,100,99950,100,100051,100,99947,100,100052,100,99925,100,100055,100,99923,100
2019-06-28 09:30:10.000000000,100013,189,100005,189,100021,189,99988,189,100022,189,99976,189,100027,189,99969,189,100034,189,99955,189,100037,100,99951,300,100042,100,99950,100,100051,100,99947,100,100052,100,99925,100,100055,100,99923,100
2019-06-28 09:30:20.000000000,100013,252,100005,252,100021,247,99988,247,100022,247,99976,247,100027,100,99969,100,100034,100,99955,100,100037,100,99951,300,100042,100,99950,100,100051,100,99947,100,100052,100,99925,100,100055,100,99923,100
2019-06-28 09:30:30.000000000,100013,323,100005,323,100021,323,99988,323,100022,100,99976,100,100027,100,99969,100,100034,100,99955,100,100037,100,99951,300,100042,100,99950,100,100051,100,99947,100,100052,100,99925,100,100055,100,99923,100
2019-06-28 09:30:37.932518471,100013,323,100008,100,100021,323,100005,323,100022,100,99988,323,100027,100,99976,100,100034,100,99969,100,100037,100,99955,100,100042,100,99951,300,100051,100,99950,100,100052,100,99947,100,100055,100,99925,100
2019-06-28 09:30:40.000000000,100013,212,100008,212,100021,212,100005,212,100022,212,99988,212,100027,212,99976,212,100034,100,99969,100,100037,100,99955,100,100042,100,99951,300,100051,100,99950,100,100052,100,99947,100,100055,100,99925,100
2019-06-28 09:30:50.000000000,100013,323,100008,323,100021,323,100005,323,100022,100,99988,100,100027,100,99976,100,100034,100,99969,100,100037,100,99955,100,100042,100,99951,300,100051,100,99950,100,100052,100,99947,100,100055,100,99925,100
2019-06-28 09:30:56.381475778,100013,323,100008,323,100021,323,100005,323,100022,100,99988,100,100027,100,99976,100,100034,100,99969,100,100037,100,99955,100,100042,100,99951,300,100051,100,99950,100,100052,100,99947,100,100055,100,99925,100
2019-06-28 09:31:00.000000000,100013,189,100008,189,100021,189,100005,189,100022,189,99988,189,100027,189,99976,189,100034,189,99969,189,100037,100,99955,100,100042,100,99951,300,100051,100,99950,100,100052,100,99947,100,100055,100,99925,100
2019-06-28 09:31:02.562388154,100013,89,100008,189,100021,189,100005,189,100022,189,99988,189,100027,189,99976,189,100034,189,99969,189,100037,100,99955,100,100042,100,99951,300,100051,100,99950,100,100052,100,99947,100,100055,100,99925,100
2019-06-28 09:31:07.468232054,100021,189,100013,11,100022,189,100008,189,100027,189,100005,189,100034,189,99988,189,100037,100,99976,189,100042,100,99969,189,100051,100,99955,100,100052,100,99951,300,100055,100,99950,100,100066,100,99947,100
2019-06-28 09:31:10.000000000,100021,189,100013,100,100022,189,100008,189,100027,189,100005,189,100034,189,99988,189,100037,189,99976,189,100042,100,99969,100,100051,100,99955,100,100052,100,99951,300,100055,100,99950,100,100066,100,99947,100
2019-06-28 09:31:20.000000000,100021,323,100013,234,100022,323,100008,323,100027,100,100005,100,100034,100,99988,100,100037,100,99976,100,100042,100,99969,100,100051,100,99955,100,100052,100,99951,300,100055,100,99950,100,100066,100,99947,100
2019-06-28 09:31:25.952537885,100021,323,100013,234,100022,323,100008,323,100027,100,100005,100,100034,100,99988,100,100037,100,99976,100,100042,100,99969,100,100051,100,99955,100,100052,100,99951,300,100066,100,99950,100,100070,200,99947,100
2019-06-28 09:31:30.000000000,100021,252,100013,163,100022,247,100008,247,100027,247,100005,247,100034,100,99988,100,100037,100,99976,100,100042,100,99969,100,100051,100,99955,100,100052,100,99951,300,100066,100,99950,100,100070,200,99947,100
2019-06-28 09:31:36.169979006,100021,152,100013,163,100022,247,100008,247,100027,247,100005,247,100034,100,99988,100,100037,100,99976,100,100042,100,99969,100,100051,100,99955,100,100052,100,99951,300,100066,100,99950,100,100070,200,99947,100
2019-06-28 09:31:40.000000000,100022,212,100013,123,100027,212,100008,212,100034,212,100005,212,100037,212,99988,212,100042,100,99976,100,100051,100,99969,100,100052,100,99955,100,100066,100,99951,300,100070,200,99950,100,100091,100,99947,100
2019-06-28 09:31:40.396772803,100022,212,100013,123,100027,212,100008,212,100034,212,100005,212,100037,212,99988,212,100042,100,99976,100,100051,100,99969,100,100052,100,99955,100,100066,100,99951,200,100070,200,99950,100,100091,100,99947,100
2019-06-28 09:31:50.000000000,100022,323,100013,234,100027,323,100008,323,100034,100,100005,100,100037,100,99988,100,100042,100,99976,100,100051,100,99969,100,100052,100,99955,100,100066,100,99951,200,100070,200,99950,100,100091,100,99947,100
2019-06-28 09:32:00.000000000,100022,546,100013,457,100027,100,100008,100,100034,100,100005,100,100037,100,99988,100,100042,100,99976,100,100051,100,99969,100,100052,100,99955,100,100066,100,99951,200,100070,200,99950,100,100091,100,99947,100
2019-06-28 09:32:05.803753113,100022,446,100013,457,100027,100,100008,100,100034,100,100005,100,100037,100,99988,100,100042,100,99976,100,100051,100,99969,100,100052,100,99955,100,100066,100,99951,200,100070,200,99950,100,100091,100,99947,100
2019-06-28 09:32:07.830719605,100022,346,100013,457,100027,100,100008,100,100034,100,100005,100,100037,100,99988,100,100042,100,99976,100,100051,100,99969,100,100052,100,99955,100,100066,100,99951,200,100070,200,99950,100,100091,100,99947,100
2019-06-28 09:32:10.000000000,100027,252,100013,163,100034,247,100008,247,100037,247,100005,247,100042,100,99988,100,100051,100,99976,100,100052,100,99969,100,100066,100,99955,100,100070,200,99951,200,100091,100,99950,100,100101,100,99947,100
2019-06-28 09:32:13.535514164,100027,152,100013,163,100034,247,100008,247,100037,247,100005,247,100042,100,99988,100,100051,100,99976,100,100052,100,99969,100,100066,100,99955,100,100070,200,99951,200,100091,100,99950,100,100101,100,99947,100
2019-06-28 09:32:19.003786446,100027,152,100013,163,100034,247,100008,247,100037,247,100005,247,100042,100,99988,100,100051,100,99976,100,100052,100,99969,100,100066,100,99955,100,100070,200,99951,100,100091,100,99950,100,100101,100,99947,100
2019-06-28 09:32:20.000000000,100034,546,100013,457,100037,100,100008,100,100042,100,100005,100,100051,100,99988,100,100052,100,99976,100,100066,100,99969,100,100070,200,99955,100,100091,100,99951,100,100101,100,99950,100,100102,100,99947,100
2019-06-28 09:32:20.877125640,100034,546,100022,100,100037,100,100013,457,100042,100,100008,100,100051,100,100005,100,100052,100,99988,100,100066,100,99976,100,100070,200,99969,100,100091,100,99955,100,100101,100,99951,100,100102,100,99950,100
2019-06-28 09:32:30.000000000,100034,189,100022,189,100037,189,100013,100,100042,189,100008,189,100051,189,100005,189,100052,189,99988,189,100066,100,99976,100,100070,200,99969,100,100091,100,99955,100,100101,100,99951,100,100102,100,99950,100
2019-06-28 09:32:40.000000000,100034,252,100022,252,100037,247,100013,158,100042,247,100008,247,100051,100,100005,100,100052,100,99988,100,100066,100,99976,100,100070,200,99969,100,100091,100,99955,100,100101,100,99951,100,100102,100,99950,100
2019-06-28 09:32:50.000000000,100034,212,100022,212,100037,212,100013,123,100042,212,100008,212,100051,212,100005,212,100052,100,99988,100,100066,100,99976,100,100070,200,99969,100,100091,100,99955,100,100101,100,99951,100,100102,100,99950,100
2019-06-28 09:33:00.000000000,100034,252,100022,252,100037,247,100013,158,100042,247,100008,247,100051,100,100005,100,100052,100,99988,100,100066,100,99976,100,100070,200,99969,100,100091,100,99955,100,100101,100,99951,100,100102,100,99950,100
2019-06-28 09:33:07.047062183,100034,252,100022,352,100037,247,100013,158,100042,247,100008,247,100051,100,100005,100,100052,100,99988,100,100066,100,99976,100,100070,200,99969,100,100091,100,99955,100,100101,100,99951,100,100102,100,99950,100
2019-06-28 09:33:09.359408845,100034,252,100022,452,100037,247,100013,158,100042,247,100008,247,100051,100,100005,100,100052,100,99988,100,100066,100,99976,100,100070,200,99969,100,100091,100,99955,100,100101,100,99951,100,100102,100,99950,100
2019-06-28 09:33:10.000000000,100034,323,100022,523,100037,323,100013,234,100042,100,100008,100,100051,100,100005,100,100052,100,99988,100,100066,100,99976,100,100070,200,99969,100,100091,100,99955,100,100101,100,99951,100,100102,100,99950,100
2019-06-28 09:33:12.584060209,100034,223,100022,523,100037,323,100013,234,100042,100,100008,100,100051,100,100005,100,100052,100,99988,100,100066,100,99976,100,100070,200,99969,100,100091,100,99955,100,100101,100,99951,100,100102,100,99950,100
2019-06-28 09:33:20.000000000,100037,189,100022,389,100042,189,100013,100,100051,189,100008,189,100052,189,100005,189,100066,189,99988,189,100070,200,99976,100,100091,100,99969,100,100101,100,99955,100,100102,100,99951,100,100110,100,99950,100
2019-06-28 09:33:29.241086965,100037,189,100022,389,100042,189,100013,100,100051,189,100008,189,100052,189,100005,189,100066,189,99988,189,100070,100,99976,100,100091,100,99969,100,100101,100,99955,100,100102,100,99951,100,100110,100,99950,100
2019-06-28 09:33:30.000000000,100037,546,100022,746,100042,100,100013,11,100051,100,100008,100,100052,100,100005,100,100066,100,99988,100,100070,100,99976,100,100091,100,99969,100,100101,100,99955,100,100102,100,99951,100,100110,100,99950,100
2019-06-28 09:33:40.000000000,100037,212,100022,412,100042,212,100013,123,100051,212,100008,212,100052,212,100005,212,100066,100,99988,100,100070,100,99976,100,100091,100,99969,100,100101,100,99955,100,100102,100,99951,100,100110,100,99950,100
2019-06-28 09:33:50.000000000,100037,323,100022,523,100042,323,100013,234,100051,100,100008,100,100052,100,100005,100,100066,100,99988,100,100070,100,99976,100,100091,100,99969,100,100101,100,99955,100,100102,100,99951,100,100110,100,99950,100
2019-06-28 09:34:00.000000000,100037,546,100022,746,100042,100,100013,11,100051,100,100008,100,100052,100,100005,100,100066,100,99988,100,100070,100,99976,100,100091,100,99969,100,100101,100,99955,100,100102,100,99951,100,100110,100,99950,100
2019-06-28 09:34:10.000000000,100037,212,100022,412,100042,212,100013,123,100051,212,100008,212,100052,212,100005,212,100066,100,99988,100,100070,100,99976,100,100091,100,99969,100,100101,100,99955,100,100102,100,99951,100,100110,100,99950,100
2019-06-28 09:34:18.288368656,100037,212,100022,512,100042,212,100013,123,100051,212,100008,212,100052,212,100005,212,100066,100,99988,100,100070,100,99976,100,100091,100,99969,100,100101,100,99955,100,100102,100,99951,100,100110,100,99950,100
2019-06-28 09:34:20.000000000,100037,189,100022,489,100042,189,100013,100,100051,189,100008,189,100052,189,100005,189,100066,189,99988,189,100070,100,99976,100,100091,100,99969,100,100101,100,99955,100,100102,100,99951,100,100110,100,99950,100
2019-06-28 09:34:30.000000000,100037,546,100022,846,100042,100,100013,11,100051,100,100008,100,100052,100,100005,100,100066,100,99988,100,100070,100,99976,100,100091,100,99969,100,100101,100,99955,100,100102,100,99951,100,100110,100,99950,100
2019-06-28 09:34:31.932854361,100037,546,100022,946,100042,100,100013,11,100051,100,100008,100,100052,100,100005,100,100066,100,99988,100,100070,100,99976,100,100091,100,99969,100,100101,100,99955,100,100102,100,99951,100,100110,100,99950,100
2019-06-28 09:34:35.158280590,100037,546,100022,946,100042,100,100013,11,100051,100,100008,100,100052,100,100005,100,100066,100,99988,100,100070,100,99976,100,100091,100,99969,100,100101,100,99955,100,100102,100,99951,100,100110,100,99950,100
2019-06-28 09:34:40.000000000,100037,546,100022,946,100042,100,100013,11,100051,100,100008,100,100052,100,100005,100,100066,100,99988,100,100070,100,99976,100,100091,100,99969,100,100101,100,99955,100,100102,100,99951,100,100110,100,99950,100
2019-06-28 09:34:41.327344255,100037,546,100022,946,100042,100,100013,11,100051,100,100008,100,100052,100,100005,100,100066,100,99988,100,100070,100,99976,100,100091,100,99969,100,100101,100,99955,100,100102,100,99951,100,100110,100,99950,100
2019-06-28 09:34:41.835224937,100037,546,100022,846,100042,100,100013,11,100051,100,100008,100,100052,100,100005,100,100066,100,99988,100,100070,100,99976,100,100091,100,99969,100,100101,100,99955,100,100102,100,99951,100,100110,100,99950,100
2019-06-28 09:34:50.000000000,100037,323,100022,623,100042,323,100013,234,100051,100,100008,100,100052,100,100005,100,100066,100,99988,100,100070,100,99976,100,100091,100,99969,100,100101,100,99955,100,100102,100,99951,100,100110,100,99950,100
2019-06-28 09:34:50.595959383,100037,323,100022,523,100042,323,100013,234,100051,100,100008,100,100052,100,100005,100,100066,100,99988,100,100070,100,99976,100,100091,100,99969,100,100101,100,99955,100,100102,100,99951,100,100110,100,99950,100
2019-06-28 09:35:00.000000000,100037,546,100022,746,100042,100,100013,11,100051,100,100008,100,100052,100,100005,100,100066,100,99988,100,100070,100,99976,100,100091,100,99969,100,100101,100,99955,100,100102,100,99951,100,100110,100,99950,100
2019-06-28 09:35:02.421419677,100037,546,100022,746,100042,100,100013,11,100051,100,100008,100,100052,100,100005,100,100066,100,99988,100,100070,100,99976,100,100091,100,99969,100,100101,100,99955,100,100102,100,99951,100,100110,100,99950,100
2019-06-28 09:35:03.819339395,100037,546,100022,646,100042,100,100013,11,100051,100,100008,100,100052,100,100005,100,100066,100,99988,100,100070,100,99976,100,100091,100,99969,100,100101,100,99955,100,100102,100,99951,100,100110,100,99950,100
2019-06-28 09:35:10.000000000,100037,546,100022,646,100042,100,100013,11,100051,100,100008,100,100052,100,100005,100,100066,100,99988,100,100070,100,99976,100,100091,100,99969,100,100101,100,99955,100,100102,100,99951,100,100110,100,99950,100
2019-06-28 09:35:12.585740999,100037,546,100022,546,100042,100,100013,11,100051,100,100008,100,100052,100,100005,100,100066,100,99988,100,100070,100,99976,100,100091,100,99969,100,100101,100,99955,100,100102,100,99951,100,100110,100,99950,100
2019-06-28 09:35:20.000000000,100037,189,100022,189,100042,189,100013,100,100051,189,100008,189,100052,189,100005,189,100066,189,99988,189,100070,100,99976,100,100091,100,99969,100,100101,100,99955,100,100102,100,99951,100,100110,100,99950,100
2019-06-28 09:35:20.773796971,100037,189,100022,89,100042,189,100013,100,100051,189,100008,189,100052,189,100005,189,100066,189,99988,189,100070,100,99976,100,100091,100,99969,100,100101,100,99955,100,100102,100,99951,100,100110,100,99950,100
2019-06-28 09:35:20.979140922,100037,189,100022,89,100042,189,100013,100,100051,189,100008,189,100052,189,100005,189,100066,189,99988,189,100070,100,99976,100,100091,100,99969,100,100101,100,99955,100,100102,100,99951,100,100110,100,99950,100
2019-06-28 09:35:26.043593380,100022,11,100013,100,100037,189,100008,189,100042,189,100005,189,100051,189,99988,189,100052,189,99976,100,100066,189,99969,100,100070,100,99955,100,100091,100,99951,100,100101,100,99950,100,100102,100,99947,100
2019-06-28 09:35:30.000000000,100022,123,100013,123,100037,212,100008,212,100042,212,100005,212,100051,212,99988,212,100052,100,99976,100,100066,100,99969,100,100070,100,99955,100,100091,100,99951,100,100101,100,99950,100,100102,100,99947,100
2019-06-28 09:35:36.335531058,100022,123,100013,123,100037,212,100008,212,100042,212,100005,212,100051,212,99988,212,100052,100,99976,100,100066,100,99969,100,100070,100,99955,100,100091,100,99951,100,100101,100,99950,100,100102,100,99947,100
2019-06-28 09:35:40.000000000,100022,234,100013,234,100037,323,100008,323,100042,100,100005,100,100051,100,99988,100,100052,100,99976,100,100066,100,99969,100,100070,100,99955,100,100091,100,99951,100,100101,100,99950,100,100102,100,99947,100
2019-06-28 09:35:46.856984541,100022,334,100013,234,100037,323,100008,323,100042,100,100005,100,100051,100,99988,100,100052,100,99976,100,100066,100,99969,100,100070,100,99955,100,100091,100,99951,100,100101,100,99950,100,100102,100,99947,100
2019-06-28 09:35:50.000000000,100022,200,100013,100,100037,189,100008,189,100042,189,100005,189,100051,189,99988,189,100052,189,99976,189,100066,100,99969,100,100070,100,99955,100,100091,100,99951,100,100101,100,99950,100,100102,100,99947,100
2019-06-28 09:35:58.737160122,100022,200,100013,100,100037,189,100008,189,100042,189,100005,189,100051,189,99988,189,100052,189,99976,189,100066,100,99969,100,100070,100,99955,100,100091,100,99951,100,100101,100,99950,100,100102,100,99947,100
2019-06-28 09:36:00.000000000,100022,200,100013,100,100037,189,100008,189,100042,189,100005,189,100051,189,99988,189,100052,189,99976,189,100066,100,99969,100,100070,100,99955,100,100091,100,99951,100,100101,100,99950,100,100102,100,99947,100
2019-06-28 09:36:10.000000000,100022,334,100013,234,100037,323,100008,323,100042,100,100005,100,100051,100,99988,100,100052,100,99976,100,100066,100,99969,100,100070,100,99955,100,100091,100,99951,100,100101,100,99950,100,100102,100,99947,100
2019-06-28 09:36:12.370733185,100022,234,100013,234,100037,323,100008,323,100042,100,100005,100,100051,100,99988,100,100052,100,99976,100,100066,100,99969,100,100070,100,99955,100,100091,100,99951,100,100101,100,99950,100,100102,100,99947,100
2019-06-28 09:36:20.000000000,100022,457,100013,457,100037,100,100008,100,100042,100,100005,100,100051,100,99988,100,100052,100,99976,100,100066,100,99969,100,100070,100,99955,100,100091,100,99951,100,100101,100,99950,100,100102,100,99947,100
2019-06-28 09:36:28.056435843,100022,457,100013,457,100037,100,100008,100,100042,100,100005,100,100051,100,99988,100,100052,100,99976,100,100066,100,99969,100,100070,100,99955,100,100091,100,99951,100,100101,100,99950,100,100102,100,99947,100
2019-06-28 09:36:30.000000000,100022,457,100013,457,100037,100,100008,100,100042,100,100005,100,100051,100,99988,100,100052,100,99976,100,100066,100,99969,100,100070,100,99955,100,100091,100,99951,100,100101,100,99950,100,100102,100,99947,100
2019-06-28 09:36:40.000000000,100022,123,100013,123,100037,212,100008,212,100042,212,100005,212,100051,212,99988,212,100052,100,99976,100,100066,100,99969,100,100070,100,99955,100,100091,100,99951,100,100101,100,99950,100,100102,100,99947,100
2019-06-28 09:36:50.000000000,100022,163,100013,163,100037,247,100008,247,100042,247,100005,247,100051,100,99988,100,100052,100,99976,100,100066,100,99969,100,100070,100,99955,100,100091,100,99951,100,100101,100,99950,100,100102,100,99947,100
2019-06-28 09:36:57.265744064,100021,100,100013,163,100022,163,100008,247,100037,247,100005,247,100042,247,99988,100,100051,100,99976,100,100052,100,99969,100,100066,100,99955,100,100070,100,99950,100,100091,100,99947,100,100101,100,99925,100
2019-06-28 09:37:00.000000000,100021,212,100013,123,100022,123,100008,212,100037,212,100005,212,100042,212,99988,212,100051,100,99976,100,100052,100,99969,100,100066,100,99955,100,100070,100,99950,100,100091,100,99947,100,100101,100,99925,100
2019-06-28 09:37:10.000000000,100021,546,100013,457,100022,11,100008,100,100037,100,100005,100,100042,100,99988,100,100051,100,99976,100,100052,100,99969,100,100066,100,99955,100,100070,100,99950,100,100091,100,99947,100,100101,100,99925,100
2019-06-28 09:37:14.678230658,100021,446,100013,457,100022,11,100008,100,100037,100,100005,100,100042,100,99988,100,100051,100,99969,100,100052,100,99955,100,100066,100,99950,100,100070,100,99947,100,100091,100,99925,100,100101,100,99923,100
2019-06-28 09:37:20.000000000,100022,100,100013,100,100037,189,100008,189,100042,189,100005,189,100051,189,99988,189,100052,189,99969,189,100066,100,99955,100,100070,100,99950,100,100091,100,99947,100,100101,100,99925,100,100102,100,99923,100
2019-06-28 09:37:30.000000000,100022,100,100013,100,100037,189,100008,189,100042,189,100005,189,100051,189,99988,189,100052,189,99969,189,100066,100,99955,100,100070,100,99950,100,100091,100,99947,100,100101,100,99925,100,100102,100,99923,100
2019-06-28 09:37:32.189124633,100022,100,100021,100,100037,189,100013,100,100042,189,100008,189,100051,189,100005,189,100052,189,99988,189,100066,100,99969,189,100070,100,99955,100,100091,100,99950,100,100101,100,99947,100,100102,100,99925,100
2019-06-28 09:37:40.000000000,100022,234,100021,323,100037,323,100013,234,100042,100,100008,100,100051,100,100005,100,100052,100,99988,100,100066,100,99969,100,100070,100,99955,100,100091,100,99950,100,100101,100,99947,100,100102,100,99925,100
2019-06-28 09:37:50.000000000,100022,100,100021,189,100037,189,100013,100,100042,189,100008,189,100051,189,100005,189,100052,189,99988,189,100066,100,99969,100,100070,100,99955,100,100091,100,99950,100,100101,100,99947,100,100102,100,99925,100
2019-06-28 09:37:58.134157834,100022,100,100021,189,100037,189,100013,100,100042,189,100008,89,100051,189,100005,189,100052,189,99988,189,100066,100,99969,100,100070,100,99955,100,100091,100,99950,100,100101,100,99947,100,100102,100,99925,100
2019-06-28 09:38:00.000000000,100022,457,100021,546,100037,100,100013,11,100042,100,100005,100,100051,100,99988,100,100052,100,99969,100,100066,100,99955,100,100070,100,99950,100,100091,100,99947,100,100101,100,99925,100,100102,100,99923,100
2019-06-28 09:38:10.000000000,100022,100,100021,189,100037,189,100013,100,100042,189,100005,189,100051,189,99988,189,100052,189,99969,189,100066,100,99955,100,100070,100,99950,100,100091,100,99947,100,100101,100,99925,100,100102,100,99923,100
2019-06-28 09:38:20.000000000,100022,163,100021,252,100037,247,100013,158,100042,247,100005,247,100051,100,99988,100,100052,100,99969,100,100066,100,99955,100,100070,100,99950,100,100091,100,99947,100,100101,100,99925,100,100102,100,99923,100
2019-06-28 09:38:26.348602825,100022,163,100021,252,100037,247,100013,147,100042,247,100005,247,100051,100,99988,100,100052,100,99969,100,100066,100,99955,100,100070,100,99950,100,100091,100,99947,100,100101,100,99925,100,100102,100,99923,100
2019-06-28 09:38:30.000000000,100022,234,100021,323,100037,323,100005,323,100042,100,99988,100,100051,100,99969,100,100052,100,99955,100,100066,100,99950,100,100070,100,99947,100,100091,100,99925,100,100101,100,99923,100,100102,100,99901,100
2019-06-28 09:38:40.000000000,100022,100,100021,189,100037,189,100005,189,100042,189,99988,189,100051,189,99969,189,100052,189,99955,189,100066,100,99950,100,100070,100,99947,100,100091,100,99925,100,100101,100,99923,100,100102,100,99901,100
2019-06-28 09:38:50.000000000,100022,123,100021,212,100037,212,100005,212,100042,212,99988,212,100051,212,99969,212,100052,100,99955,100,100066,100,99950,100,100070,100,99947,100,100091,100,99925,100,100101,100,99923,100,100102,100,99901,100
2019-06-28 09:39:00.000000000,100022,123,100021,212,100037,212,100005,212,100042,212,99988,212,100051,212,99969,212,100052,100,99955,100,100066,100,99950,100,100070,100,99947,100,100091,100,99925,100,100101,100,99923,100,100102,100,99901,100
2019-06-28 09:39:10.000000000,100022,123,100021,212,100037,212,100005,212,100042,212,99988,212,100051,212,99969,212,100052,100,99955,100,100066,100,99950,100,100070,100,99947,100,100091,100,99925,100,100101,100,99923,100,100102,100,99901,100
2019-06-28 09:39:20.000000000,100022,100,100021,189,100037,189,100005,189,100042,189,99988,189,100051,189,99969,189,100052,189,99955,189,100066,100,99950,100,100070,100,99947,100,100091,100,99925,100,100101,100,99923,100,100102,100,99901,100
2019-06-28 09:39:20.888581076,100022,100,100021,89,100037,189,100005,189,100042,189,99988,189,100051,189,99969,189,100052,189,99955,189,100066,100,99950,100,100070,100,99947,100,100091,100,99925,100,100101,100,99923,100,100102,100,99901,100
2019-06-28 09:39:30.000000000,100022,123,100005,212,100037,212,99988,212,100042,212,99969,212,100051,212,99955,212,100052,100,99950,100,100066,100,99947,100,100070,100,99925,100,100091,100,99923,100,100101,100,99901,100,100102,100,99886,100
2019-06-28 09:39:39.937711943,100022,123,100005,112,100037,212,99988,212,100042,212,99969,212,100051,212,99955,212,100052,100,99950,100,100066,100,99947,100,100070,100,99925,100,100091,100,99923,100,100101,100,99901,100,100102,100,99886,100
2019-06-28 09:39:40.000000000,100022,234,99988,323,100037,323,99969,323,100042,100,99955,100,100051,100,99950,100,100052,100,99947,100,100066,100,99925,100,100070,100,99923,100,100091,100,99901,100,100101,100,99886,100,100102,100,99831,100
2019-06-28 09:39:48.522486861,100022,234,99988,323,100037,323,99969,323,100042,100,99955,100,100051,100,99950,100,100052,100,99947,100,100066,100,99925,100,100070,100,99923,100,100091,100,99901,100,100101,100,99831,100,100102,100,99824,100
2019-06-28 09:39:50.000000000,100022,234,99988,323,100037,323,99969,323,100042,100,99955,100,100051,100,99950,100,100052,100,99947,100,100066,100,99925,100,100070,100,99923,100,100091,100,99901,100,100101,100,99831,100,100102,100,99824,100
2019-06-28 09:40:00.000000000,100022,163,99988,252,100037,247,99969,247,100042,247,99955,247,100051,100,99950,100,100052,100,99947,100,100066,100,99925,100,100070,100,99923,100,100091,100,99901,100,100101,100,99831,100,100102,100,99824,100
2019-06-28 09:40:10.000000000,100022,457,99988,546,100037,100,99969,100,100042,100,99955,100,100051,100,99950,100,100052,100,99947,100,100066,100,99925,100,100070,100,99923,100,100091,100,99901,100,100101,100,99831,100,100102,100,99824,100
2019-06-28 09:40:20.000000000,100022,123,99988,212,100037,212,99969,212,100042,212,99955,212,100051,212,99950,212,100052,100,99947,100,100066,100,99925,100,100070,100,99923,100,100091,100,99901,100,100101,100,99831,100,100102,100,99824,100
2019-06-28 09:40:21.707707265,100022,123,99988,212,100037,212,99969,212,100042,212,99955,212,100051,212,99950,212,100052,100,99947,100,100066,100,99925,100,100070,100,99923,100,100091,100,99901,100,100100,100,99831,100,100101,100,99824,100
2019-06-28 09:40:30.000000000,100022,100,99988,189,100037,189,99969,189,100042,189,99955,189,100051,189,99950,189,100052,189,99947,189,100066,100,99925,100,100070,100,99923,100,100091,100,99901,100,100100,100,99831,100,100101,100,99824,100
2019-06-28 09:40:40.000000000,100022,123,99988,212,100037,212,99969,212,100042,212,99955,212,100051,212,99950,212,100052,100,99947,100,100066,100,99925,100,100070,100,99923,100,100091,100,99901,100,100100,100,99831,100,100101,100,99824,100
2019-06-28 09:40:50.000000000,100022,123,99988,212,100037,212,99969,212,100042,212,99955,212,100051,212,99950,212,100052,100,99947,100,100066,100,99925,100,100070,100,99923,100,100091,100,99901,100,100100,100,99831,100,100101,100,99824,100
2019-06-28 09:41:00.000000000,100022,234,99988,323,100037,323,99969,323,100042,100,99955,100,100051,100,99950,100,100052,100,99947,100,100066,100,99925,100,100070,100,99923,100,100091,100,99901,100,100100,100,99831,100,100101,100,99824,100
2019-06-28 09:41:08.795802763,100022,234,99988,323,100037,323,99969,323,100042,100,99955,100,100051,100,99950,100,100052,100,99947,100,100066,100,99925,100,100070,100,99923,100,100091,100,99901,100,100100,100,99831,100,100101,100,99824,100
2019-06-28 09:41:10.000000000,100022,100,99988,189,100037,189,99969,189,100042,189,99955,189,100051,189,99950,189,100052,189,99947,189,100066,100,99925,100,100070,100,99923,100,100091,100,99901,100,100100,100,99831,100,100101,100,99824,100
2019-06-28 09:41:20.000000000,100022,100,99988,189,100037,189,99969,189,100042,189,99955,189,100051,189,99950,189,100052,189,99947,189,100066,100,99925,100,100070,100,99923,100,100091,100,99901,100,100100,100,99831,100,100101,100,99824,100
2019-06-28 09:41:30.000000000,100022,100,99988,189,100037,189,99969,189,100042,189,99955,189,100051,189,99950,189,100052,189,99947,189,100066,100,99925,100,100070,100,99923,100,100091,100,99901,100,100100,100,99831,100,100101,100,99824,100
2019-06-28 09:41:40.000000000,100022,163,99988,252,100037,247,99969,247,100042,247,99955,247,100051,100,99950,100,100052,100,99947,100,100066,100,99925,100,100070,100,99923,100,100091,100,99901,100,100100,100,99831,100,100101,100,99824,100
2019-06-28 09:41:40.631383022,100022,163,99988,152,100037,247,99969,247,100042,247,99955,247,100051,100,99950,100,100052,100,99947,100,100066,100,99925,100,100070,100,99923,100,100091,100,99901,100,100100,100,99831,100,100101,100,99824,100
2019-06-28 09:41:42.658556721,99990,100,99988,152,100022,163,99969,247,100037,247,99955,247,100042,247,99950,100,100051,100,99947,100,100052,100,99925,100,100066,100,99923,100,100070,100,99901,100,100091,100,99831,100,100100,100,99824,100
2019-06-28 09:41:48.557871173,99990,100,99988,52,100022,163,99969,247,100037,247,99955,247,100042,247,99950,100,100051,100,99947,100,100066,100,99925,100,100070,100,99923,100,100091,100,99901,100,100100,100,99831,100,100101,100,99824,100
2019-06-28 09:41:50.000000000,99990,252,99969,252,100022,158,99955,247,100037,247,99950,247,100042,100,99947,100,100051,100,99925,100,100066,100,99923,100,100070,100,99901,100,100091,100,99831,100,100100,100,99824,100,100101,100,99811,100
2019-06-28 09:42:00.000000000,99990,323,99969,323,100022,234,99955,323,100037,100,99950,100,100042,100,99947,100,100051,100,99925,100,100066,100,99923,100,100070,100,99901,100,100091,100,99831,100,100100,100,99824,100,100101,100,99811,100
2019-06-28 09:42:02.363297261,99990,323,99969,223,100022,234,99955,323,100037,100,99950,100,100042,100,99947,100,100066,100,99925,100,100070,100,99923,100,100091,100,99901,100,100100,100,99831,100,100101,100,99824,100,100102,100,99811,100
2019-06-28 09:42:10.000000000,99990,189,99955,189,100022,100,99950,189,100037,189,99947,189,100042,189,99925,189,100066,189,99923,189,100070,100,99901,100,100091,100,99831,100,100100,100,99824,100,100101,100,99811,100,100102,100,99705,100
2019-06-28 09:42:20.000000000,99990,212,99955,212,100022,123,99950,212,100037,212,99947,212,100042,212,99925,212,100066,100,99923,100,100070,100,99901,100,100091,100,99831,100,100100,100,99824,100,100101,100,99811,100,100102,100,99705,100
2019-06-28 09:42:30.000000000,99990,546,99955,546,100022,11,99950,100,100037,100,99947,100,100042,100,99925,100,100066,100,99923,100,100070,100,99901,100,100091,100,99831,100,100100,100,99824,100,100101,100,99811,100,100102,100,99705,100
2019-06-28 09:42:38.801587237,99990,546,99955,546,99992,100,99950,100,100022,11,99947,100,100037,100,99925,100,100042,100,99923,100,100070,100,99901,100,100091,100,99831,100,100100,100,99824,100,100101,100,99811,100,100102,100,99705,100
2019-06-28 09:42:40.000000000,99990,546,99955,546,99992,100,99950,100,100022,11,99947,100,100037,100,99925,100,100042,100,99923,100,100070,100,99901,100,100091,100,99831,100,100100,100,99824,100,100101,100,99811,100,100102,100,99705,100
2019-06-28 09:42:45.361256168,99990,546,99955,546,99992,100,99950,100,100022,11,99947,100,100037,100,99925,100,100042,100,99923,100,100070,100,99901,100,100091,100,99831,100,100100,100,99824,100,100101,100,99811,100,100102,100,99705,100
2019-06-28 09:42:50.000000000,99990,252,99955,252,99992,247,99950,247,100022,158,99947,247,100037,100,99925,100,100042,100,99923,100,100070,100,99901,100,100091,100,99831,100,100100,100,99824,100,100101,100,99811,100,100102,100,99705,100
2019-06-28 09:43:00.000000000,99990,189,99955,189,99992,189,99950,189,100022,100,99947,189,100037,189,99925,189,100042,189,99923,189,100070,100,99901,100,100091,100,99831,100,100100,100,99824,100,100101,100,99811,100,100102,100,99705,100
2019-06-28 09:43:00.531175278,99990,189,99955,189,99992,189,99950,189,100022,100,99947,189,100037,189,99925,189,100039,100,99923,189,100042,189,99901,100,100070,100,99831,100,100091,100,99824,100,100100,100,99811,100,100101,100,99705,100
2019-06-28 09:43:10.000000000,99990,212,99955,212,99992,212,99950,212,100022,123,99947,212,100037,212,99925,212,100039,100,99923,100,100042,100,99901,100,100070,100,99831,100,100091,100,99824,100,100100,100,99811,100,100101,100,99705,100
2019-06-28 09:43:13.952580120,99990,212,99970,100,99992,212,99955,212,100022,123,99950,212,100037,212,99947,212,100039,100,99925,212,100042,100,99923,100,100070,100,99901,100,100091,100,99831,100,100100,100,99824,100,100101,100,99811,100
2019-06-28 09:43:20.000000000,99990,252,99970,252,99992,247,99955,247,100022,158,99950,247,100037,100,99947,100,100039,100,99925,100,100042,100,99923,100,100070,100,99901,100,100091,100,99831,100,100100,100,99824,100,100101,100,99811,100
2019-06-28 09:43:25.821649436,99990,252,99970,252,99992,247,99955,247,100022,158,99950,247,100037,100,99947,100,100039,100,99925,100,100042,100,99923,100,100070,100,99901,100,100091,100,99831,100,100100,100,99824,100,100102,100,99811,100
2019-06-28 09:43:30.000000000,99990,252,99970,252,99992,247,99955,247,100022,158,99950,247,100037,100,99947,100,100039,100,99925,100,100042,100,99923,100,100070,100,99901,100,100091,100,99831,100,100100,100,99824,100,100102,100,99811,100
2019-06-28 09:43:33.498484667,99990,252,99970,252,99992,247,99955,247,100022,158,99950,247,100037,100,99947,100,100039,100,99925,100,100042,100,99923,100,100070,100,99901,100,100091,100,99831,100,100100,100,99824,100,100102,100,99813,100
2019-06-28 09:43:40.000000000,99990,546,99970,546,99992,100,99955,100,100022,11,99950,100,100037,100,99947,100,100039,100,99925,100,100042,100,99923,100,100070,100,99901,100,100091,100,99831,100,100100,100,99824,100,100102,100,99813,100
2019-06-28 09:43:41.426408677,99990,546,99970,446,99992,100,99955,100,100022,11,99950,100,100037,100,99947,100,100039,100,99925,100,100042,100,99923,100,100070,100,99901,100,100091,100,99831,100,100100,100,99813,100,100102,100,99811,100
2019-06-28 09:43:48.622465116,99990,546,99970,446,99992,100,99955,100,100022,11,99950,100,100037,100,99947,100,100039,100,99925,100,100042,100,99923,100,100070,100,99901,100,100091,100,99831,100,100100,100,99813,100,100102,100,99811,100
2019-06-28 09:43:50.000000000,99990,252,99955,252,99992,247,99950,247,100022,158,99947,247,100037,100,99925,100,100039,100,99923,100,100042,100,99901,100,100070,100,99831,100,100091,100,99813,100,100100,100,99811,100,100102,100,99810,100
2019-06-28 09:43:59.675191208,99970,100,99955,252,99990,252,99950,247,99992,247,99947,247,100022,158,99925,100,100037,100,99923,100,100039,100,99901,100,100042,100,99831,100,100070,100,99813,100,100091,100,99811,100,100100,100,99810,100
2019-06-28 09:44:00.000000000,99970,212,99955,212,99990,212,99950,212,99992,212,99947,212,100022,123,99925,212,100037,100,99923,100,100039,100,99901,100,100042,100,99831,100,100070,100,99813,100,100091,100,99811,100,100100,100,99810,100
2019-06-28 09:44:07.676786673,99970,212,99955,112,99990,212,99950,212,99992,212,99947,212,100022,123,99925,212,100037,100,99923,100,100039,100,99901,100,100042,100,99831,100,100070,100,99813,100,100091,100,99811,100,100100,100,99810,100
2019-06-28 09:44:10.000000000,99970,323,99950,323,99990,323,99947,323,99992,100,99925,100,100022,11,99923,100,100037,100,99901,100,100039,100,99831,100,100042,100,99813,100,100070,100,99811,100,100091,100,99810,100,100100,100,99705,100
2019-06-28 09:44:13.290368616,99970,323,99950,323,99990,323,99947,323,99992,100,99925,100,100022,11,99923,100,100037,100,99901,100,100039,100,99831,100,100042,100,99813,100,100070,100,99811,100,100091,100,99810,100,100100,100,99794,100
2019-06-28 09:44:20.000000000,99970,546,99950,546,99990,100,99947,100,99992,100,99925,100,100022,11,99923,100,100037,100,99901,100,100039,100,99831,100,100042,100,99813,100,100070,100,99811,100,100091,100,99810,100,100100,100,99794,100
2019-06-28 09:44:28.216932830,99970,546,99950,546,99990,100,99947,100,99992,100,99925,100,100022,11,99923,100,100037,100,99901,100,100039,100,99831,100,100042,100,99813,100,100070,100,99811,100,100091,100,99810,100,100100,100,99787,100
2019-06-28 09:44:30.000000000,99970,323,99950,323,99990,323,99947,323,99992,100,99925,100,100022,11,99923,100,100037,100,99901,100,100039,100,99831,100,100042,100,99813,100,100070,100,99811,100,100091,100,99810,100,100100,100,99787,100
2019-06-28 09:44:40.000000000,99970,212,99950,212,99990,212,99947,212,99992,212,99925,212,100022,123,99923,212,100037,100,99901,100,100039,100,99831,100,100042,100,99813,100,100070,100,99811,100,100091,100,99810,100,100100,100,99787,100
2019-06-28 09:44:50.000000000,99970,323,99950,323,99990,323,99947,323,99992,100,99925,100,100022,11,99923,100,100037,100,99901,100,100039,100,99831,100,100042,100,99813,100,100070,100,99811,100,100091,100,99810,100,100100,100,99787,100
2019-06-28 09:45:00.000000000,99970,189,99950,189,99990,189,99947,189,99992,189,99925,189,100022,100,99923,189,100037,189,99901,189,100039,100,99831,100,100042,100,99813,100,100070,100,99811,100,100091,100,99810,100,100100,100,99787,100
2019-06-28 09:45:02.559413396,99970,189,99950,189,99990,189,99947,189,99992,189,99925,189,99997,100,99923,189,100022,100,99901,189,100037,189,99831,100,100039,100,99813,100,100042,100,99811,100,100070,100,99810,100,100091,100,99787,100
2019-06-28 09:45:10.000000000,99970,252,99950,252,99990,247,99947,247,99992,247,99925,247,99997,100,99923,100,100022,11,99901,100,100037,100,99831,100,100039,100,99813,100,100042,100,99811,100,100070,100,99810,100,100091,100,99787,100
2019-06-28 09:45:20.000000000,99970,546,99950,546,99990,100,99947,100,99992,100,99925,100,99997,100,99923,100,100022,11,99901,100,100037,100,99831,100,100039,100,99813,100,100042,100,99811,100,100070,100,99810,100,100091,100,99787,100
2019-06-28 09:45:30.000000000,99970,323,99950,323,99990,323,99947,323,99992,100,99925,100,99997,100,99923,100,100022,11,99901,100,100037,100,99831,100,100039,100,99813,100,100042,100,99811,100,100070,100,99810,100,100091,100,99787,100
2019-06-28 09:45:40.000000000,99970,546,99950,546,99990,100,99947,100,99992,100,99925,100,99997,100,99923,100,100022,11,99901,100,100037,100,99831,100,100039,100,99813,100,100042,100,99811,100,100070,100,99810,100,100091,100,99787,100
2019-06-28 09:45:50.000000000,99970,323,99950,323,99990,323,99947,323,99992,100,99925,100,99997,100,99923,100,100022,11,99901,100,100037,100,99831,100,100039,100,99813,100,100042,100,99811,100,100070,100,99810,100,100091,100,99787,100
2019-06-28 09:46:00.000000000,99970,212,99950,212,99990,212,99947,212,99992,212,99925,212,99997,212,99923,212,100022,11,99901,100,100037,100,99831,100,100039,100,99813,100,100042,100,99811,100,100070,100,99810,100,100091,100,99787,100
2019-06-28 09:46:03.462872081,99970,112,99950,212,99990,212,99947,212,99992,212,99925,212,99997,212,99923,212,100022,11,99901,100,100037,100,99831,100,100039,100,99813,100,100042,100,99811,100,100070,100,99810,100,100091,100,99787,100
2019-06-28 09:46:03.878746975,99970,12,99950,212,99990,212,99947,212,99992,212,99925,212,99997,212,99923,212,100022,11,99901,100,100037,100,99831,100,100039,100,99813,100,100042,100,99811,100,100070,100,99810,100,100091,100,99787,100
2019-06-28 09:46:10.000000000,99990,546,99950,546,99992,100,99947,100,99997,100,99925,100,100022,11,99923,100,100037,100,99901,100,100039,100,99831,100,100042,100,99813,100,100070,100,99811,100,100091,100,99810,100,100100,100,99787,100
2019-06-28 09:46:20.000000000,99990,546,99950,546,99992,100,99947,100,99997,100,99925,100,100022,11,99923,100,100037,100,99901,100,100039,100,99831,100,100042,100,99813,100,100070,100,99811,100,100091,100,99810,100,100100,100,99787,100
2019-06-28 09:46:30.000000000,99990,189,99950,189,99992,189,99947,189,99997,189,99925,189,100022,100,99923,189,100037,189,99901,189,100039,100,99831,100,100042,100,99813,100,100070,100,99811,100,100091,100,99810,100,100100,100,99787,100
2019-06-28 09:46:40.000000000,99990,252,99950,252,99992,247,99947,247,99997,247,99925,247,100022,11,99923,100,100037,100,99901,100,100039,100,99831,100,100042,100,99813,100,100070,100,99811,100,100091,100,99810,100,100100,100,99787,100
2019-06-28 09:46:47.436304522,99990,152,99950,252,99992,147,99947,247,99997,247,99925,247,100022,11,99923,100,100037,100,99901,100,100039,100,99831,100,100042,100,99813,100,100070,100,99811,100,100091,100,99810,100,100100,100,99787,100
2019-06-28 09:46:50.000000000,99997,189,99950,189,100022,100,99947,189,100037,189,99925,189,100039,189,99923,189,100042,189,99901,189,100070,100,99831,100,100091,100,99813,100,100100,100,99811,100,100102,100,99810,100,100110,100,99787,100
2019-06-28 09:46:53.285756506,99997,89,99950,189,100022,100,99947,189,100037,189,99925,189,100039,189,99923,189,100042,189,99901,189,100070,100,99831,100,100091,100,99813,100,100100,100,99811,100,100102,100,99810,100,100110,100,99787,100
2019-06-28 09:47:00.000000000,100022,234,99950,323,100037,323,99947,323,100039,100,99925,100,100042,100,99923,100,100070,100,99901,100,100091,100,99831,100,100100,100,99813,100,100102,100,99811,100,100110,100,99810,100,100112,100,99787,100
2019-06-28 09:47:10.000000000,100022,100,99950,189,100037,189,99947,189,100039,189,99925,189,100042,189,99923,189,100070,189,99901,189,100091,100,99831,100,100100,100,99813,100,100102,100,99811,100,100110,100,99810,100,100112,100,99787,100
2019-06-28 09:47:12.450457708,100022,100,99990,100,100037,189,99950,89,100039,189,99947,189,100042,189,99925,189,100070,189,99923,189,100091,100,99901,189,100100,100,99831,100,100102,100,99813,100,100110,100,99811,100,100112,100,99810,100
2019-06-28 09:47:19.776922165,100037,189,99990,100,100039,189,99950,89,100042,189,99947,189,100070,189,99925,189,100091,100,99923,189,100100,100,99901,189,100102,100,99831,100,100110,100,99813,100,100112,100,99811,100,100127,100,99810,100
2019-06-28 09:47:20.000000000,100037,323,99990,323,100039,323,99947,323,100042,100,99925,100,100070,100,99923,100,100091,100,99901,100,100100,100,99831,100,100102,100,99813,100,100110,100,99811,100,100112,100,99810,100,100127,100,99787,100
2019-06-28 09:47:30.000000000,100037,323,99990,323,100039,323,99947,323,100042,100,99925,100,100070,100,99923,100,100091,100,99901,100,100100,100,99831,100,100102,100,99813,100,100110,100,99811,100,100112,100,99810,100,100127,100,99787,100
2019-06-28 09:47:31.110411185,100037,223,99990,323,100039,323,99947,323,100042,100,99925,100,100070,100,99923,100,100091,100,99901,100,100100,100,99831,100,100102,100,99813,100,100110,100,99811,100,100112,100,99810,100,100127,100,99787,100
2019-06-28 09:47:40.000000000,100039,212,99990,212,100042,212,99947,212,100070,212,99925,212,100091,212,99923,212,100100,100,99901,100,100102,100,99831,100,100110,100,99813,100,100112,100,99811,100,100127,100,99810,100,100128,100,99787,100
2019-06-28 09:47:50.000000000,100039,546,99990,546,100042,100,99947,100,100070,100,99925,100,100091,100,99923,100,100100,100,99901,100,100102,100,99831,100,100110,100,99813,100,100112,100,99811,100,100127,100,99810,100,100128,100,99787,100
2019-06-28 09:47:57.746830460,100039,446,99990,546,100042,100,99947,100,100091,100,99925,100,100100,100,99923,100,100102,100,99901,100,100110,100,99831,100,100112,100,99813,100,100127,100,99811,100,100128,100,99810,100,100131,100,99787,100
2019-06-28 09:48:00.000000000,100042,546,99990,546,100091,100,99947,100,100100,100,99925,100,100102,100,99923,100,100110,100,99901,100,100112,100,99831,100,100127,100,99813,100,100128,100,99811,100,100131,100,99810,100,100135,100,99787,100
2019-06-28 09:48:06.227711935,100042,446,99990,546,100091,100,99947,100,100100,100,99925,100,100102,100,99923,100,100110,100,99901,100,100112,100,99831,100,100127,100,99813,100,100128,100,99811,100,100131,100,99810,100,100135,100,99787,100
2019-06-28 09:48:10.000000000,100091,323,99990,323,100100,323,99947,323,100102,100,99925,100,100110,100,99923,100,100112,100,99901,100,100127,100,99831,100,100128,100,99813,100,100131,100,99811,100,100135,100,99810,100,100158,100,99787,100
2019-06-28 09:48:20.000000000,100091,323,99990,323,100100,323,99947,323,100102,100,99925,100,100110,100,99923,100,100112,100,99901,100,100127,100,99831,100,100128,100,99813,100,100131,100,99811,100,100135,100,99810,100,100158,100,99787,100
2019-06-28 09:48:20.970609760,100091,223,99990,323,100100,323,99947,323,100102,100,99925,100,100110,100,99923,100,100112,100,99901,100,100127,100,99831,100,100128,100,99813,100,100131,100,99811,100,100135,100,99810,100,100158,100,99787,100
2019-06-28 09:48:30.000000000,100100,252,99990,252,100102,247,99947,247,100110,247,99925,247,100112,100,99923,100,100127,100,99901,100,100128,100,99831,100,100131,100,99813,100,100135,100,99811,100,100158,100,99810,100,100193,100,99787,100
2019-06-28 09:48:35.568579914,100100,252,99990,252,100102,247,99947,247,100110,247,99925,247,100112,100,99923,100,100127,100,99901,100,100128,100,99831,100,100131,100,99813,100,100135,100,99811,100,100158,100,99810,100,100193,100,99787,100
2019-06-28 09:48:37.188537088,100100,252,99990,252,100102,247,99947,247,100110,247,99925,247,100127,100,99923,100,100128,100,99901,100,100131,100,99831,100,100135,100,99813,100,100158,100,99811,100,100193,100,99810,100,100197,100,99787,100
2019-06-28 09:48:40.000000000,100100,189,99990,189,100102,189,99947,189,100110,189,99925,189,100127,189,99923,189,100128,189,99901,189,100131,100,99831,100,100135,100,99813,100,100158,100,99811,100,100193,100,99810,100,100197,100,99787,100
2019-06-28 09:48:50.000000000,100100,212,99990,212,100102,212,99947,212,100110,212,99925,212,100127,212,99923,212,100128,100,99901,100,100131,100,99831,100,100135,100,99813,100,100158,100,99811,100,100193,100,99810,100,100197,100,99787,100
2019-06-28 09:48:54.821824759,100100,12,99990,212,100102,212,99947,212,100110,212,99925,212,100127,212,99923,212,100128,100,99901,100,100131,100,99831,100,100135,100,99813,100,100158,100,99811,100,100193,100,99810,100,100197,100,99787,100
2019-06-28 09:49:00.000000000,100102,546,99990,546,100110,100,99947,100,100127,100,99925,100,100128,100,99923,100,100131,100,99901,100,100135,100,99831,100,100158,100,99813,100,100193,100,99811,100,100197,100,99810,100,101249,100,99787,100
2019-06-28 09:49:00.111420677,100102,446,99990,546,100110,100,99947,100,100127,100,99925,100,100128,100,99923,100,100131,100,99901,100,100135,100,99831,100,100158,100,99813,100,100193,100,99811,100,100197,100,99810,100,101249,100,99787,100
2019-06-28 09:49:10.000000000,100110,212,99990,212,100127,212,99947,212,100128,212,99925,212,100131,212,99923,212,100135,100,99901,100,100158,100,99831,100,100193,100,99813,100,100197,100,99811,100,101249,100,99810,100,101387,100,99787,100
2019-06-28 09:49:20.000000000,100110,323,99990,323,100127,323,99947,323,100128,100,99925,100,100131,100,99923,100,100135,100,99901,100,100158,100,99831,100,100193,100,99813,100,100197,100,99811,100,101249,100,99810,100,101387,100,99787,100
2019-06-28 09:49:23.033374926,100110,223,99990,323,100127,323,99947,323,100128,100,99925,100,100131,100,99923,100,100135,100,99901,100,100193,100,99831,100,100197,100,99813,100,101249,100,99811,100,101387,100,99810,100,,,99787,100
2019-06-28 09:49:30.000000000,100127,212,99990,212,100128,212,99947,212,100131,212,99925,212,100135,212,99923,212,100193,100,99901,100,100197,100,99831,100,101249,100,99813,100,101387,100,99811,100,,,99810,100,,,99787,100
2019-06-28 09:49:39.236593850,100127,112,99990,212,100128,212,99947,212,100131,212,99925,212,100135,212,99923,212,100193,100,99831,100,100197,100,99813,100,101249,100,99811,100,101387,100,99810,100,,,99787,100,,,99705,100
2019-06-28 09:49:40.000000000,100128,323,99990,323,100131,323,99947,323,100135,100,99925,100,100193,100,99923,100,100197,100,99831,100,101249,100,99813,100,101387,100,99811,100,,,99810,100,,,99787,100,,,99705,100
2019-06-28 09:49:50.000000000,100128,546,99990,546,100131,100,99947,100,100135,100,99925,100,100193,100,99923,100,100197,100,99831,100,101249,100,99813,100,101387,100,99811,100,,,99810,100,,,99787,100,,,99705,100
2019-06-28 09:50:00.000000000,100128,546,99990,546,100131,100,99947,100,100135,100,99925,100,100193,100,99923,100,100197,100,99831,100,101249,100,99813,100,101387,100,99811,100,,,99810,100,,,99787,100,,,99705,100
2019-06-28 09:50:10.000000000,100128,323,99990,323,100131,323,99947,323,100135,100,99925,100,100193,100,99923,100,100197,100,99831,100,101249,100,99813,100,101387,100,99811,100,,,99810,100,,,99787,100,,,99705,100
2019-06-28 09:50:20.000000000,100128,189,99990,189,100131,189,99947,189,100135,189,99925,189,100193,189,99923,189,100197,189,99831,189,101249,100,99813,100,101387,100,99811,100,,,99810,100,,,99787,100,,,99705,100
2019-06-28 09:50:22.055454986,100128,189,100110,100,100131,189,99990,189,100135,189,99947,189,100193,189,99925,189,100197,189,99923,189,101249,100,99831,189,101387,100,99813,100,,,99811,100,,,99810,100,,,99787,100
2019-06-28 09:50:30.000000000,100128,212,100110,212,100131,212,99990,212,100135,212,99947,212,100193,212,99925,212,100197,100,99923,100,101249,100,99831,100,101387,100,99813,100,,,99811,100,,,99810,100,,,99787,100
2019-06-28 09:50:40.000000000,100128,189,100110,189,100131,189,99990,189,100135,189,99947,189,100193,189,99925,189,100197,189,99923,189,101249,100,99831,100,101387,100,99813,100,,,99811,100,,,99810,100,,,99787,100
2019-06-28 09:50:45.678243437,100128,189,100110,289,100131,189,99990,89,100135,189,99947,189,100193,189,99925,189,100197,189,99923,189,101249,100,99831,100,101387,100,99813,100,,,99811,100,,,99810,100,,,99787,100
2019-06-28 09:50:50.000000000,100128,546,100110,646,100131,100,99947,100,100135,100,99925,100,100193,100,99923,100,100197,100,99831,100,101249,100,99813,100,101387,100,99811,100,,,99810,100,,,99787,100,,,99705,100
2019-06-28 09:51:00.000000000,100128,323,100110,423,100131,323,99947,323,100135,100,99925,100,100193,100,99923,100,100197,100,99831,100,101249,100,99813,100,101387,100,99811,100,,,99810,100,,,99787,100,,,99705,100
2019-06-28 09:51:10.000000000,100128,252,100110,352,100131,247,99947,247,100135,247,99925,247,100193,100,99923,100,100197,100,99831,100,101249,100,99813,100,101387,100,99811,100,,,99810,100,,,99787,100,,,99705,100
2019-06-28 09:51:20.000000000,100128,212,100110,312,100131,212,99947,212,100135,212,99925,212,100193,212,99923,212,100197,100,99831,100,101249,100,99813,100,101387,100,99811,100,,,99810,100,,,99787,100,,,99705,100
2019-06-28 09:51:30.000000000,100128,546,100110,646,100131,100,99947,100,100135,100,99925,100,100193,100,99923,100,100197,100,99831,100,101249,100,99813,100,101387,100,99811,100,,,99810,100,,,99787,100,,,99705,100
2019-06-28 09:51:40.000000000,100128,323,100110,423,100131,323,99947,323,100135,100,99925,100,100193,100,99923,100,100197,100,99831,100,101249,100,99813,100,101387,100,99811,100,,,99810,100,,,99787,100,,,99705,100
2019-06-28 09:51:40.843696607,100128,323,100110,523,100131,323,99947,323,100135,100,99925,100,100193,100,99923,100,100197,100,99831,100,101249,100,99813,100,101387,100,99811,100,,,99810,100,,,99787,100,,,99705,100
2019-06-28 09:51:50.000000000,100128,323,100110,523,100131,323,99947,323,100135,100,99925,100,100193,100,99923,100,100197,100,99831,100,101249,100,99813,100,101387,100,99811,100,,,99810,100,,,99787,100,,,99705,100
2019-06-28 09:52:00.000000000,100128,212,100110,412,100131,212,99947,212,100135,212,99925,212,100193,212,99923,212,100197,100,99831,100,101249,100,99813,100,101387,100,99811,100,,,99810,100,,,99787,100,,,99705,100
2019-06-28 09:52:02.141143639,100128,112,100110,412,100131,212,99947,212,100135,212,99925,212,100193,212,99923,212,100197,100,99831,100,101387,100,99813,100,,,99811,100,,,99810,100,,,99787,100,,,99705,100
2019-06-28 09:52:10.000000000,100131,212,100110,412,100135,212,99947,212,100193,212,99925,212,100197,212,99923,212,101387,100,99831,100,,,99813,100,,,99811,100,,,99810,100,,,99787,100,,,99705,100
2019-06-28 09:52:13.057206415,100131,212,100110,412,100135,212,99947,212,100193,212,99925,212,100197,212,99923,212,101203,100,99831,100,101387,100,99813,100,,,99811,100,,,99810,100,,,99705,100,,,99464,100
2019-06-28 09:52:20.000000000,100131,212,100110,412,100135,212,99947,212,100193,212,99925,212,100197,212,99923,212,101203,100,99831,100,101387,100,99813,100,,,99811,100,,,99810,100,,,99705,100,,,99464,100
2019-06-28 09:52:20.879695809,100131,112,100110,412,100135,212,99947,212,100193,212,99925,212,100197,212,99923,212,101203,100,99831,100,101387,100,99813,100,,,99811,100,,,99810,100,,,99705,100,,,99464,100
2019-06-28 09:52:30.000000000,100135,212,100110,412,100193,212,99947,212,100197,212,99925,212,101203,212,99923,212,101387,100,99831,100,,,99813,100,,,99811,100,,,99810,100,,,99705,100,,,99464,100
2019-06-28 09:52:30.916182271,100135,212,100110,412,100193,212,99947,212,100197,212,99925,212,101203,212,99923,212,101375,100,99831,100,101387,100,99813,100,,,99811,100,,,99810,100,,,99464,100,,,,
2019-06-28 09:52:40.000000000,100135,546,100110,746,100193,100,99947,100,100197,100,99925,100,101203,100,99923,100,101375,100,99831,100,101387,100,99813,100,,,99811,100,,,99810,100,,,99464,100,,,,
2019-06-28 09:52:50.000000000,100135,212,100110,412,100193,212,99947,212,100197,212,99925,212,101203,212,99923,212,101375,100,99831,100,101387,100,99813,100,,,99811,100,,,99810,100,,,99464,100,,,,
2019-06-28 09:52:59.554548439,100135,212,100128,100,100193,212,100110,412,100197,212,99947,212,101203,212,99925,212,101375,100,99923,212,101387,100,99831,100,,,99813,100,,,99811,100,,,99810,100,,,99464,100
2019-06-28 09:53:00.000000000,100135,252,100128,252,100193,247,100110,447,100197,247,99947,247,101203,100,99925,100,101375,100,99923,100,101387,100,99831,100,,,99813,100,,,99811,100,,,99810,100,,,99464,100
2019-06-28 09:53:10.000000000,100135,252,100128,252,100193,247,100110,447,100197,247,99947,247,101203,100,99925,100,101375,100,99923,100,101387,100,99831,100,,,99813,100,,,99811,100,,,99810,100,,,99464,100
2019-06-28 09:53:20.000000000,100135,323,100128,323,100193,323,100110,523,100197,100,99947,100,101203,100,99925,100,101375,100,99923,100,101387,100,99831,100,,,99813,100,,,99811,100,,,99810,100,,,99464,100
2019-06-28 09:53:30.000000000,100135,546,100128,546,100193,100,100110,300,100197,100,99947,100,101203,100,99925,100,101375,100,99923,100,101387,100,99831,100,,,99813,100,,,99811,100,,,99810,100,,,99464,100
2019-06-28 09:53:32.331718364,100135,546,100128,646,100193,100,100110,300,100197,100,99947,100,101203,100,99925,100,101375,100,99923,100,101387,100,99831,100,,,99813,100,,,99811,100,,,99810,100,,,99464,100
2019-06-28 09:53:40.000000000,100135,546,100128,646,100193,100,100110,300,100197,100,99947,100,101203,100,99925,100,101375,100,99923,100,101387,100,99831,100,,,99813,100,,,99811,100,,,99810,100,,,99464,100
2019-06-28 09:53:47.327950638,100135,546,100128,746,100193,100,100110,300,100197,100,99947,100,101203,100,99925,100,101375,100,99923,100,101387,100,99831,100,,,99813,100,,,99811,100,,,99810,100,,,99464,100
2019-06-28 09:53:50.000000000,100135,323,100128,523,100193,323,100110,523,100197,100,99947,100,101203,100,99925,100,101375,100,99923,100,101387,100,99831,100,,,99813,100,,,99811,100,,,99810,100,,,99464,100
2019-06-28 09:54:00.000000000,100135,212,100128,412,100193,212,100110,412,100197,212,99947,212,101203,212,99925,212,101375,100,99923,100,101387,100,99831,100,,,99813,100,,,99811,100,,,99810,100,,,99464,100
2019-06-28 09:54:10.000000000,100135,212,100128,412,100193,212,100110,412,100197,212,99947,212,101203,212,99925,212,101375,100,99923,100,101387,100,99831,100,,,99813,100,,,99811,100,,,99810,100,,,99464,100
2019-06-28 09:54:11.768294817,100135,212,100128,512,100193,212,100110,412,100197,212,99947,212,101203,212,99925,212,101375,100,99923,100,101387,100,99831,100,,,99813,100,,,99811,100,,,99810,100,,,99464,100
2019-06-28 09:54:20.000000000,100135,189,100128,489,100193,189,100110,389,100197,189,99947,189,101203,189,99925,189,101375,189,99923,189,101387,100,99831,100,,,99813,100,,,99811,100,,,99810,100,,,99464,100
2019-06-28 09:54:26.136462161,100135,189,100128,489,100193,189,100110,389,100197,189,99947,189,101203,189,99925,189,101375,189,99923,189,101387,100,99831,100,101611,100,99813,100,,,99811,100,,,99810,100,,,99464,100
2019-06-28 09:54:30.000000000,100135,546,100128,846,100193,100,100110,300,100197,100,99947,100,101203,100,99925,100,101375,100,99923,100,101387,100,99831,100,101611,100,99813,100,,,99811,100,,,99810,100,,,99464,100
2019-06-28 09:54:32.748454208,100135,446,100128,846,100193,100,100110,300,100197,100,99947,100,101203,100,99925,100,101375,100,99923,100,101387,100,99831,100,101611,100,99813,100,,,99811,100,,,99810,100,,,99464,100
2019-06-28 09:54:40.000000000,100193,252,100128,552,100197,247,100110,447,101203,247,99947,247,101375,100,99925,100,101387,100,99923,100,101611,100,99831,100,,,99813,100,,,99811,100,,,99810,100,,,99464,100
2019-06-28 09:54:48.762059409,100193,252,100128,552,100197,247,100110,447,101203,247,99947,247,101375,100,99925,100,101387,100,99923,100,101611,100,99831,100,101999,100,99813,100,,,99811,100,,,99810,100,,,99464,100
2019-06-28 09:54:50.000000000,100193,212,100128,512,100197,212,100110,412,101203,212,99947,212,101375,212,99925,212,101387,100,99923,100,101611,100,99831,100,101999,100,99813,100,,,99811,100,,,99810,100,,,99464,100
2019-06-28 09:55:00.000000000,100193,323,100128,623,100197,323,100110,523,101203,100,99947,100,101375,100,99925,100,101387,100,99923,100,101611,100,99831,100,101999,100,99813,100,,,99811,100,,,99810,100,,,99464,100
2019-06-28 09:55:10.000000000,100193,323,100128,623,100197,323,100110,523,101203,100,99947,100,101375,100,99925,100,101387,100,99923,100,101611,100,99831,100,101999,100,99813,100,,,99811,100,,,99810,100,,,99464,100
2019-06-28 09:55:14.863767600,100193,223,100128,623,100197,323,100110,523,101203,100,99947,100,101375,100,99925,100,101387,100,99923,100,101611,100,99831,100,101999,100,99813,100,,,99811,100,,,99810,100,,,99464,100
2019-06-28 09:55:20.000000000,100197,546,100128,846,101203,100,100110,300,101375,100,99947,100,101387,100,99925,100,101611,100,99923,100,101999,100,99831,100,,,99813,100,,,99811,100,,,99810,100,,,99464,100
2019-06-28 09:55:30.000000000,100197,212,100128,512,101203,212,100110,412,101375,212,99947,212,101387,212,99925,212,101611,100,99923,100,101999,100,99831,100,,,99813,100,,,99811,100,,,99810,100,,,99464,100
2019-06-28 09:55:40.000000000,100197,252,100128,552,101203,247,100110,447,101375,247,99947,247,101387,100,99925,100,101611,100,99923,100,101999,100,99831,100,,,99813,100,,,99811,100,,,99810,100,,,99464,100
2019-06-28 09:55:50.000000000,100197,323,100128,623,101203,323,100110,523,101375,100,99947,100,101387,100,99925,100,101611,100,99923,100,101999,100,99831,100,,,99813,100,,,99811,100,,,99810,100,,,99464,100
2019-06-28 09:56:00.000000000,100197,252,100128,552,101203,247,100110,447,101375,247,99947,247,101387,100,99925,100,101611,100,99923,100,101999,100,99831,100,,,99813,100,,,99811,100,,,99810,100,,,99464,100
2019-06-28 09:56:10.000000000,100197,323,100128,623,101203,323,100110,523,101375,100,99947,100,101387,100,99925,100,101611,100,99923,100,101999,100,99831,100,,,99813,100,,,99811,100,,,99810,100,,,99464,100
2019-06-28 09:56:20.000000000,100197,252,100128,552,101203,247,100110,447,101375,247,99947,247,101387,100,99925,100,101611,100,99923,100,101999,100,99831,100,,,99813,100,,,99811,100,,,99810,100,,,99464,100
2019-06-28 09:56:20.130801250,100197,252,100135,100,101203,247,100128,452,101375,247,100110,447,101387,100,99947,247,101611,100,99925,100,101999,100,99923,100,,,99831,100,,,99813,100,,,99811,100,,,99810,100
2019-06-28 09:56:29.306218783,100197,252,100135,100,101000,100,100128,452,101203,247,100110,447,101375,247,99947,247,101387,100,99925,100,101611,100,99923,100,101999,100,99831,100,,,99813,100,,,99811,100,,,99810,100
2019-06-28 09:56:30.000000000,100197,323,100135,323,101000,323,100128,523,101203,100,100110,300,101375,100,99947,100,101387,100,99925,100,101611,100,99923,100,101999,100,99831,100,,,99813,100,,,99811,100,,,99810,100
2019-06-28 09:56:32.254756782,100197,223,100135,323,101000,323,100128,523,101203,100,100110,300,101375,100,99947,100,101387,100,99925,100,101611,100,99923,100,101999,100,99831,100,,,99813,100,,,99811,100,,,99810,100
2019-06-28 09:56:35.500942650,100197,223,100135,323,101000,323,100128,523,101093,100,100110,300,101203,100,99947,100,101375,100,99923,100,101387,100,99831,100,101611,100,99813,100,101999,100,99811,100,,,99810,100,,,99464,100
2019-06-28 09:56:40.000000000,101000,212,100135,212,101093,212,100128,412,101203,212,100110,412,101375,212,99947,212,101387,100,99923,100,101611,100,99831,100,101999,100,99813,100,,,99811,100,,,99810,100,,,99464,100
2019-06-28 09:56:50.000000000,101000,546,100135,546,101093,100,100128,300,101203,100,100110,300,101375,100,99947,100,101387,100,99923,100,101611,100,99831,100,101999,100,99813,100,,,99811,100,,,99810,100,,,99464,100
2019-06-28 09:56:57.923881913,101000,446,100135,546,101093,100,100128,300,101203,100,100110,300,101375,100,99947,100,101387,100,99923,100,101611,100,99831,100,101999,100,99813,100,,,99811,100,,,99464,100,,,,
2019-06-28 09:57:00.000000000,101093,189,100135,189,101203,189,100128,389,101375,189,100110,389,101387,189,99947,189,101611,189,99923,189,101999,100,99831,100,,,99813,100,,,99811,100,,,99464,100,,,,
2019-06-28 09:57:06.890800931,101093,89,100135,189,101203,189,100128,389,101375,189,100110,389,101387,189,99947,189,101611,189,99923,189,101999,100,99831,100,,,99813,100,,,99811,100,,,99464,100,,,,
2019-06-28 09:57:07.645636738,101093,89,101000,100,101203,189,100135,189,101375,189,100128,389,101387,189,100110,389,101611,189,99947,189,101999,100,99923,189,,,99831,100,,,99813,100,,,99811,100,,,99464,100
2019-06-28 09:57:10.000000000,101203,546,101000,546,101375,100,100135,100,101387,100,100128,300,101611,100,100110,300,101999,100,99947,100,,,99923,100,,,99831,100,,,99813,100,,,99811,100,,,99464,100
2019-06-28 09:57:20.000000000,101203,189,101000,189,101375,189,100135,189,101387,189,100128,389,101611,189,100110,389,101999,189,99947,189,,,99923,100,,,99831,100,,,99813,100,,,99811,100,,,99464,100
2019-06-28 09:57:22.878092695,101203,189,101000,189,101375,189,100826,100,101387,189,100135,189,101611,189,100128,389,101999,189,100110,389,,,99947,189,,,99923,100,,,99831,100,,,99813,100,,,99811,100
2019-06-28 09:57:30.000000000,101203,212,101000,212,101375,212,100826,212,101387,212,100135,212,101611,212,100128,412,101999,100,100110,300,,,99947,100,,,99923,100,,,99831,100,,,99813,100,,,99811,100
2019-06-28 09:57:37.365932803,101092,100,101000,212,101203,212,100826,212,101375,212,100135,212,101387,212,100128,412,101611,212,100110,300,101999,100,99947,100,,,99923,100,,,99831,100,,,99813,100,,,99811,100
2019-06-28 09:57:40.000000000,101092,546,101000,546,101203,100,100826,100,101375,100,100135,100,101387,100,100128,300,101611,100,100110,300,101999,100,99947,100,,,99923,100,,,99831,100,,,99813,100,,,99811,100
2019-06-28 09:57:50.000000000,101092,323,101000,323,101203,323,100826,323,101375,100,100135,100,101387,100,100128,300,101611,100,100110,300,101999,100,99947,100,,,99923,100,,,99831,100,,,99813,100,,,99811,100
2019-06-28 09:57:50.169118263,101092,323,101000,423,101203,323,100826,323,101375,100,100135,100,101387,100,100128,300,101611,100,100110,300,101999,100,99947,100,,,99923,100,,,99831,100,,,99813,100,,,99811,100
2019-06-28 09:58:00.000000000,101092,323,101000,423,101203,323,100826,323,101375,100,100135,100,101387,100,100128,300,101611,100,100110,300,101999,100,99947,100,,,99923,100,,,99831,100,,,99813,100,,,99811,100
2019-06-28 09:58:10.000000000,101092,189,101000,289,101203,189,100826,189,101375,189,100135,189,101387,189,100128,389,101611,189,100110,389,101999,100,99947,100,,,99923,100,,,99831,100,,,99813,100,,,99811,100
2019-06-28 09:58:20.000000000,101092,546,101000,646,101203,100,100826,100,101375,100,100135,100,101387,100,100128,300,101611,100,100110,300,101999,100,99947,100,,,99923,100,,,99831,100,,,99813,100,,,99811,100
2019-06-28 09:58:30.000000000,101092,323,101000,423,101203,323,100826,323,101375,100,100135,100,101387,100,100128,300,101611,100,100110,300,101999,100,99947,100,,,99923,100,,,99831,100,,,99813,100,,,99811,100
2019-06-28 09:58:40.000000000,101092,252,101000,352,101203,247,100826,247,101375,247,100135,247,101387,100,100128,300,101611,100,100110,300,101999,100,99947,100,,,99923,100,,,99831,100,,,99813,100,,,99811,100
2019-06-28 09:58:50.000000000,101092,323,101000,423,101203,323,100826,323,101375,100,100135,100,101387,100,100128,300,101611,100,100110,300,101999,100,99947,100,,,99923,100,,,99831,100,,,99813,100,,,99811,100
2019-06-28 09:58:54.610830603,101092,323,101000,323,101203,323,100826,323,101375,100,100135,100,101387,100,100128,300,101611,100,100110,300,101999,100,99947,100,,,99923,100,,,99831,100,,,99813,100,,,99811,100
2019-06-28 09:58:58.573823145,101092,323,101000,323,101203,323,100826,323,101375,100,100697,100,101611,100,100135,100,101999,100,100128,300,,,100110,300,,,99947,100,,,99923,100,,,99831,100,,,99813,100
2019-06-28 09:58:58.947900192,101092,323,101000,223,101203,323,100826,323,101375,100,100697,100,101611,100,100135,100,101999,100,100128,300,,,100110,300,,,99947,100,,,99923,100,,,99831,100,,,99813,100
2019-06-28 09:59:00.000000000,101092,189,100826,189,101203,189,100697,189,101375,189,100135,189,101611,189,100128,389,101999,189,100110,389,,,99947,100,,,99923,100,,,99831,100,,,99813,100,,,99811,100
2019-06-28 09:59:05.834622882,101092,189,100826,189,101203,189,100697,189,101375,189,100662,100,101611,189,100135,189,101999,189,100128,389,,,100110,389,,,99947,100,,,99923,100,,,99831,100,,,99813,100
2019-06-28 09:59:10.000000000,101092,323,100826,323,101203,323,100697,323,101375,100,100662,100,101611,100,100135,100,101999,100,100128,300,,,100110,300,,,99947,100,,,99923,100,,,99831,100,,,99813,100
2019-06-28 09:59:12.904564549,101092,323,100857,100,101203,323,100826,323,101375,100,100697,323,101611,100,100662,100,101999,100,100135,100,,,100128,300,,,100110,300,,,99947,100,,,99923,100,,,99831,100
2019-06-28 09:59:20.000000000,101092,189,100857,189,101203,189,100826,189,101375,189,100697,189,101611,189,100662,189,101999,189,100135,189,,,100128,300,,,100110,300,,,99947,100,,,99923,100,,,99831,100
2019-06-28 09:59:25.449784258,101092,189,100857,189,101203,189,100826,189,101375,189,100697,189,101611,189,100693,100,101999,189,100662,189,,,100135,189,,,100128,300,,,100110,300,,,99947,100,,,99923,100
2019-06-28 09:59:30.000000000,101092,212,100857,212,101203,212,100826,212,101375,212,100697,212,101611,212,100693,212,101999,100,100662,100,,,100135,100,,,100128,300,,,100110,300,,,99947,100,,,99923,100
2019-06-28 09:59:40.000000000,101092,323,100857,323,101203,323,100826,323,101375,100,100697,100,101611,100,100693,100,101999,100,100662,100,,,100135,100,,,100128,300,,,100110,300,,,99947,100,,,99923,100
2019-06-28 09:59:44.199769928,101092,323,100857,223,101203,323,100826,323,101375,100,100697,100,101611,100,100693,100,101999,100,100662,100,,,100135,100,,,100128,300,,,100110,300,,,99947,100,,,99923,100
2019-06-28 09:59:50.000000000,101092,252,100826,252,101203,247,100697,247,101375,247,100693,247,101611,100,100662,100,101999,100,100135,100,,,100128,300,,,100110,300,,,99947,100,,,99923,100,,,99813,100
2019-06-28 09:59:53.793481878,101092,252,100826,252,101203,247,100697,247,101375,247,100693,247,101611,100,100662,100,101999,100,100135,100,,,100128,200,,,100110,300,,,99947,100,,,99923,100,,,99813,100
2019-06-28 09:59:57.634475936,101092,252,100826,252,101203,247,100735,100,101375,247,100697,247,101611,100,100693,247,101999,100,100662,100,,,100135,100,,,100128,200,,,100110,300,,,99947,100,,,99923,100
2019-06-28 10:00:00.000000000,101092,546,100826,546,101203,100,100735,100,101375,100,100697,100,101611,100,100693,100,101999,100,100662,100,,,100135,100,,,100128,200,,,100110,300,,,99947,100,,,99923,100
2019-06-28 10:00:10.000000000,101092,323,100826,323,101203,323,100735,323,101375,100,100697,100,101611,100,100693,100,101999,100,100662,100,,,100135,100,,,100128,200,,,100110,300,,,99947,100,,,99923,100
2019-06-28 10:00:14.642612682,101000,100,100826,323,101092,323,100735,323,101203,323,100697,100,101375,100,100693,100,101611,100,100662,100,101999,100,100135,100,,,100128,200,,,100110,300,,,99947,100,,,99923,100
2019-06-28 10:00:20.000000000,101000,546,100826,546,101092,100,100735,100,101203,100,100697,100,101375,100,100693,100,101611,100,100662,100,101999,100,100135,100,,,100128,200,,,100110,300,,,99947,100,,,99923,100
2019-06-28 10:00:30.000000000,101000,189,100826,189,101092,189,100735,189,101203,189,100697,189,101375,189,100693,189,101611,189,100662,189,101999,100,100135,100,,,100128,200,,,100110,300,,,99947,100,,,99923,100
2019-06-28 10:00:32.421671540,101000,189,100826,89,101092,189,100735,189,101203,189,100697,189,101375,189,100693,189,101611,189,100662,189,101999,100,100135,100,,,100128,200,,,100110,300,,,99947,100,,,99923,100
2019-06-28 10:00:37.483517902,100826,11,100735,189,101000,189,100697,189,101092,189,100693,189,101203,189,100662,189,101375,189,100135,100,101611,189,100128,200,101999,100,100110,300,,,99947,100,,,99923,100,,,99813,100
2019-06-28 10:00:40.000000000,100826,457,100735,546,101000,100,100697,100,101092,100,100693,100,101203,100,100662,100,101375,100,100135,100,101611,100,100128,200,101999,100,100110,300,,,99947,100,,,99923,100,,,99813,100
2019-06-28 10:00:40.873035835,100826,457,100735,546,101000,100,100697,100,101092,100,100693,100,101203,100,100662,100,101375,100,100135,100,101611,100,100128,100,101999,100,100110,300,,,99947,100,,,99923,100,,,99813,100
2019-06-28 10:00:50.000000000,100826,163,100735,252,101000,247,100697,247,101092,247,100693,247,101203,100,100662,100,101375,100,100135,100,101611,100,100128,100,101999,100,100110,300,,,99947,100,,,99923,100,,,99813,100
2019-06-28 10:00:58.914876970,100826,163,100735,152,101000,247,100697,247,101092,247,100693,247,101203,100,100662,100,101375,100,100135,100,101611,100,100128,100,101999,100,100110,300,,,99947,100,,,99923,100,,,99813,100
2019-06-28 10:01:00.000000000,100826,457,100697,546,101000,100,100693,100,101092,100,100662,100,101203,100,100135,100,101375,100,100128,100,101611,100,100110,300,101999,100,99947,100,,,99923,100,,,99813,100,,,99811,100
2019-06-28 10:01:10.000000000,100826,457,100697,546,101000,100,100693,100,101092,100,100662,100,101203,100,100135,100,101375,100,100128,100,101611,100,100110,300,101999,100,99947,100,,,99923,100,,,99813,100,,,99811,100
2019-06-28 10:01:20.000000000,100826,234,100697,323,101000,323,100693,323,101092,100,100662,100,101203,100,100135,100,101375,100,100128,100,101611,100,100110,300,101999,100,99947,100,,,99923,100,,,99813,100,,,99811,100
2019-06-28 10:01:30.000000000,100826,100,100697,189,101000,189,100693,189,101092,189,100662,189,101203,189,100135,189,101375,189,100128,189,101611,100,100110,300,101999,100,99947,100,,,99923,100,,,99813,100,,,99811,100
2019-06-28 10:01:40.000000000,100826,123,100697,212,101000,212,100693,212,101092,212,100662,212,101203,212,100135,212,101375,100,100128,100,101611,100,100110,300,101999,100,99947,100,,,99923,100,,,99813,100,,,99811,100
2019-06-28 10:01:41.431936574,100826,123,100697,112,101000,212,100693,212,101092,212,100662,212,101203,212,100135,212,101375,100,100128,100,101611,100,100110,300,101999,100,99947,100,,,99923,100,,,99813,100,,,99811,100
2019-06-28 10:01:43.149576364,100826,123,100736,100,101000,212,100697,112,101092,112,100693,212,101203,212,100662,212,101375,100,100135,212,101611,100,100128,100,101999,100,100110,300,,,99947,100,,,99923,100,,,99813,100
2019-06-28 10:01:45.842469531,100826,123,100736,100,101000,212,100697,112,101092,112,100693,212,101203,212,100662,212,101375,100,100508,100,101611,100,100135,212,101999,100,100128,100,,,100110,300,,,99947,100,,,99923,100
2019-06-28 10:01:50.000000000,100826,234,100736,323,101000,323,100693,323,101203,100,100662,100,101375,100,100508,100,101611,100,100135,100,101999,100,100128,100,,,100110,300,,,99947,100,,,99923,100,,,99813,100
2019-06-28 10:01:53.597190242,100826,234,100736,323,101000,323,100693,323,101203,100,100662,100,101375,100,100508,100,101611,100,100192,100,101999,100,100135,100,,,100128,100,,,100110,300,,,99947,100,,,99923,100
2019-06-28 10:02:00.000000000,100826,100,100736,189,101000,189,100693,189,101203,189,100662,189,101375,189,100508,189,101611,189,100192,189,101999,100,100135,100,,,100128,100,,,100110,300,,,99947,100,,,99923,100
2019-06-28 10:02:03.551068743,100826,100,100736,89,101000,189,100693,189,101203,189,100662,189,101375,189,100508,189,101611,189,100192,189,101999,100,100135,100,,,100128,100,,,100110,200,,,99947,100,,,99923,100
2019-06-28 10:02:10.000000000,100826,457,100693,546,101000,100,100662,100,101203,100,100508,100,101375,100,100192,100,101611,100,100135,100,101999,100,100128,100,,,100110,200,,,99947,100,,,99923,100,,,99813,100
2019-06-28 10:02:20.000000000,100826,234,100693,323,101000,323,100662,323,101203,100,100508,100,101375,100,100192,100,101611,100,100135,100,101999,100,100128,100,,,100110,200,,,99947,100,,,99923,100,,,99813,100
2019-06-28 10:02:24.492795002,100746,100,100693,323,100826,234,100662,323,101000,323,100508,100,101203,100,100192,100,101375,100,100135,100,101611,100,100128,100,101999,100,100110,200,,,99947,100,,,99923,100,,,99811,100
2019-06-28 10:02:30.000000000,100746,252,100693,252,100826,158,100662,247,101000,247,100508,247,101203,100,100192,100,101375,100,100135,100,101611,100,100128,100,101999,100,100110,200,,,99947,100,,,99923,100,,,99811,100
2019-06-28 10:02:35.547145985,100746,252,100693,252,100826,158,100662,247,101000,247,100582,100,101203,100,100508,247,101375,100,100192,100,101611,100,100135,100,101999,100,100128,100,,,100110,200,,,99947,100,,,99923,100
2019-06-28 10:02:40.000000000,100746,212,100693,212,100826,123,100662,212,101000,212,100582,212,101203,212,100508,212,101375,100,100192,100,101611,100,100135,100,101999,100,100128,100,,,100110,200,,,99947,100,,,99923,100
2019-06-28 10:02:40.115943857,100746,212,100693,112,100826,123,100662,212,101000,212,100582,212,101203,212,100508,212,101375,100,100192,100,101611,100,100135,100,101999,100,100128,100,,,100110,200,,,99947,100,,,99923,100
2019-06-28 10:02:41.934661184,100746,212,100693,112,100826,123,100662,212,101000,212,100582,212,101203,212,100580,100,101375,100,100508,212,101611,100,100192,100,101999,100,100135,100,,,100128,100,,,100110,200,,,99947,100
2019-06-28 10:02:45.310203362,100746,212,100693,12,100826,123,100662,212,101000,212,100582,212,101203,212,100580,100,101375,100,100508,212,101611,100,100192,100,101999,100,100135,100,,,100128,100,,,100110,200,,,99947,100
2019-06-28 10:02:50.000000000,100746,323,100662,323,100826,234,100582,323,101000,100,100580,100,101203,100,100508,100,101375,100,100192,100,101611,100,100135,100,101999,100,100128,100,,,100110,200,,,99947,100,,,99923,100
2019-06-28 10:02:53.011880666,100746,323,100662,223,100826,234,100582,323,101000,100,100580,100,101203,100,100508,100,101375,100,100192,100,101611,100,100135,100,101999,100,100128,100,,,100110,200,,,99947,100,,,99923,100
2019-06-28 10:02:59.812778233,100746,323,100662,123,100826,234,100582,323,101000,100,100580,100,101203,100,100508,100,101375,100,100192,100,101611,100,100135,100,101999,100,100128,100,,,100110,200,,,99947,100,,,99923,100
2019-06-28 10:03:00.000000000,100746,546,100582,546,100826,11,100580,100,101000,100,100508,100,101203,100,100192,100,101375,100,100135,100,101611,100,100128,100,101999,100,100110,200,,,99947,100,,,99923,100,,,99811,100
2019-06-28 10:03:10.000000000,100746,546,100582,546,100826,11,100580,100,101000,100,100508,100,101203,100,100192,100,101375,100,100135,100,101611,100,100128,100,101999,100,100110,200,,,99947,100,,,99923,100,,,99811,100
2019-06-28 10:03:20.000000000,100746,212,100582,212,100826,123,100580,212,101000,212,100508,212,101203,212,100192,212,101375,100,100135,100,101611,100,100128,100,101999,100,100110,200,,,99947,100,,,99923,100,,,99811,100
2019-06-28 10:03:23.490400835,100746,212,100582,112,100826,123,100580,212,101000,212,100508,212,101203,212,100192,212,101375,100,100135,100,101611,100,100128,100,101999,100,100110,200,,,99947,100,,,99923,100,,,99811,100
2019-06-28 10:03:24.513067486,100746,112,100582,12,100826,123,100580,212,101000,212,100508,212,101203,212,100192,212,101375,100,100135,100,101611,100,100128,100,101999,100,100110,200,,,99947,100,,,99923,100,,,99811,100
2019-06-28 10:03:30.000000000,100826,234,100580,323,101000,323,100508,323,101203,100,100192,100,101375,100,100135,100,101611,100,100128,100,101999,100,100110,200,,,99947,100,,,99923,100,,,99811,100,,,99464,100
2019-06-28 10:03:39.526624120,100826,234,100580,323,101000,323,100508,323,101203,100,100251,100,101375,100,100192,100,101611,100,100135,100,101999,100,100128,100,,,100110,200,,,99947,100,,,99923,100,,,99811,100
2019-06-28 10:03:40.000000000,100826,234,100580,323,101000,323,100508,323,101203,100,100251,100,101375,100,100192,100,101611,100,100135,100,101999,100,100128,100,,,100110,200,,,99947,100,,,99923,100,,,99811,100
2019-06-28 10:03:50.000000000,100826,100,100580,189,101000,189,100508,189,101203,189,100251,189,101375,189,100192,189,101611,189,100135,189,101999,100,100128,100,,,100110,200,,,99947,100,,,99923,100,,,99811,100
2019-06-28 10:04:00.000000000,100826,234,100580,323,101000,323,100508,323,101203,100,100251,100,101375,100,100192,100,101611,100,100135,100,101999,100,100128,100,,,100110,200,,,99947,100,,,99923,100,,,99811,100
2019-06-28 10:04:06.900876932,100826,234,100580,323,101000,323,100508,323,101203,100,100251,100,101375,100,100192,100,101611,100,100135,100,101999,100,100128,100,,,100110,100,,,99947,100,,,99923,100,,,99811,100
2019-06-28 10:04:10.000000000,100826,100,100580,189,101000,189,100508,189,101203,189,100251,189,101375,189,100192,189,101611,189,100135,189,101999,100,100128,100,,,100110,100,,,99947,100,,,99923,100,,,99811,100
2019-06-28 10:04:17.163512041,100826,100,100580,189,101000,189,100508,189,101203,189,100388,100,101375,189,100251,189,101611,189,100192,189,101999,100,100135,189,,,100128,100,,,100110,100,,,99947,100,,,99923,100
2019-06-28 10:04:20.000000000,100826,100,100580,189,101000,189,100508,189,101203,189,100388,189,101375,189,100251,189,101611,189,100192,189,101999,100,100135,100,,,100128,100,,,100110,100,,,99947,100,,,99923,100
2019-06-28 10:04:23.577154627,100826,100,100580,89,101000,189,100508,189,101203,189,100388,189,101375,189,100251,189,101611,189,100192,189,101999,100,100135,100,,,100128,100,,,100110,100,,,99947,100,,,99923,100
2019-06-28 10:04:30.000000000,100826,123,100508,212,101000,212,100388,212,101203,212,100251,212,101375,212,100192,212,101611,100,100135,100,101999,100,100128,100,,,100110,100,,,99947,100,,,99923,100,,,99811,100
2019-06-28 10:04:40.000000000,100826,100,100508,189,101000,189,100388,189,101203,189,100251,189,101375,189,100192,189,101611,189,100135,189,101999,100,100128,100,,,100110,100,,,99947,100,,,99923,100,,,99811,100
2019-06-28 10:04:50.000000000,100826,457,100508,546,101000,100,100388,100,101203,100,100251,100,101375,100,100192,100,101611,100,100135,100,101999,100,100128,100,,,100110,100,,,99947,100,,,99923,100,,,99811,100
2019-06-28 10:04:54.275987497,100826,457,100508,546,101000,100,100388,100,101203,100,100251,100,101375,100,100192,100,101611,100,100135,100,101999,100,100128,100,,,100110,100,,,99971,100,,,99947,100,,,99923,100
2019-06-28 10:05:00.000000000,100826,163,100508,252,101000,247,100388,247,101203,247,100251,247,101375,100,100192,100,101611,100,100135,100,101999,100,100128,100,,,100110,100,,,99971,100,,,99947,100,,,99923,100
2019-06-28 10:05:03.295449389,100826,163,100508,152,101000,247,100388,247,101203,247,100251,247,101375,100,100192,100,101611,100,100135,100,101999,100,100128,100,,,100110,100,,,99971,100,,,99947,100,,,99923,100
2019-06-28 10:05:10.000000000,100826,100,100388,189,101000,189,100251,189,101203,189,100192,189,101375,189,100135,189,101611,189,100128,189,101999,100,100110,100,,,99971,100,,,99947,100,,,99923,100,,,99811,100
2019-06-28 10:05:20.000000000,100826,457,100388,546,101000,100,100251,100,101203,100,100192,100,101375,100,100135,100,101611,100,100128,100,101999,100,100110,100,,,99971,100,,,99947,100,,,99923,100,,,99811,100
2019-06-28 10:05:30.000000000,100826,234,100388,323,101000,323,100251,323,101203,100,100192,100,101375,100,100135,100,101611,100,100128,100,101999,100,100110,100,,,99971,100,,,99947,100,,,99923,100,,,99811,100
2019-06-28 10:05:38.067390557,100826,234,100388,223,101000,323,100251,323,101203,100,100192,100,101375,100,100135,100,101611,100,100128,100,101999,100,100110,100,,,99947,100,,,99923,100,,,99811,100,,,99464,100
2019-06-28 10:05:40.000000000,100826,123,100251,212,101000,212,100192,212,101203,212,100135,212,101375,212,100128,212,101611,100,100110,100,101999,100,99947,100,,,99923,100,,,99811,100,,,99464,100,,,,
2019-06-28 10:05:40.417589663,100826,123,100251,112,101000,212,100192,212,101203,212,100135,212,101375,212,100128,212,101611,100,100110,100,101999,100,99947,100,,,99923,100,,,99811,100,,,99464,100,,,,
2019-06-28 10:05:41.046429128,100388,100,100251,112,100826,123,100192,212,101000,212,100135,212,101203,212,100128,212,101375,212,100110,100,101611,100,99947,100,101999,100,99923,100,,,99811,100,,,99464,100,,,,
2019-06-28 10:05:50.000000000,100388,546,100192,546,100826,11,100135,100,101000,100,100128,100,101203,100,100110,100,101375,100,99947,100,101611,100,99923,100,101999,100,99811,100,,,99464,100,,,,,,,,
2019-06-28 10:05:53.570490611,100388,546,100192,546,100826,11,100135,100,101000,100,100128,100,101203,100,100110,100,101375,100,100080,100,101611,100,99947,100,101999,100,99923,100,,,99811,100,,,99464,100,,,,
2019-06-28 10:06:00.000000000,100388,323,100192,323,100826,234,100135,323,101000,100,100128,100,101203,100,100110,100,101375,100,100080,100,101611,100,99947,100,101999,100,99923,100,,,99811,100,,,99464,100,,,,
2019-06-28 10:06:05.240080527,100388,323,100192,323,100826,234,100135,323,101000,100,100128,100,101203,100,100110,100,101375,100,100080,100,101611,100,99973,100,101999,100,99947,100,,,99923,100,,,99811,100,,,99464,100
2019-06-28 10:06:10.000000000,100388,252,100192,252,100826,158,100135,247,101000,247,100128,247,101203,100,100110,100,101375,100,100080,100,101611,100,99973,100,101999,100,99947,100,,,99923,100,,,99811,100,,,99464,100
2019-06-28 10:06:10.322238047,100388,252,100192,252,100826,158,100135,247,101000,247,100128,247,101203,100,100110,100,101375,100,100080,100,101611,100,99973,100,,,99947,100,,,99923,100,,,99902,100,,,99811,100
2019-06-28 10:06:11.210318707,100388,252,100192,252,100826,158,100135,247,101000,247,100128,247,101203,100,100110,100,101375,100,100080,100,101611,100,99947,100,,,99923,100,,,99902,100,,,99811,100,,,99767,100
2019-06-28 10:06:20.000000000,100388,546,100192,546,100826,11,100135,100,101000,100,100128,100,101203,100,100110,100,101375,100,100080,100,101611,100,99947,100,,,99923,100,,,99902,100,,,99811,100,,,99767,100
2019-06-28 10:06:28.800971304,100388,546,100192,546,100826,11,100135,100,101000,100,100128,100,101203,100,100110,100,101375,100,100080,100,101611,100,99992,100,,,99947,100,,,99923,100,,,99902,100,,,99811,100
2019-06-28 10:06:30.000000000,100388,212,100192,212,100826,123,100135,212,101000,212,100128,212,101203,212,100110,212,101375,100,100080,100,101611,100,99992,100,,,99947,100,,,99923,100,,,99902,100,,,99811,100
2019-06-28 10:06:40.000000000,100388,189,100192,189,100826,100,100135,189,101000,189,100128,189,101203,189,100110,189,101375,189,100080,189,101611,100,99992,100,,,99947,100,,,99923,100,,,99902,100,,,99811,100
2019-06-28 10:06:44.520551053,100192,11,100135,189,100388,189,100128,189,100826,100,100110,189,101000,189,100080,189,101203,189,99992,100,101375,189,99947,100,101611,100,99923,100,,,99902,100,,,99811,100,,,99767,100
2019-06-28 10:06:50.000000000,100192,234,100135,323,100388,323,100128,323,100826,11,100110,100,101000,100,100080,100,101203,100,99992,100,101375,100,99947,100,101611,100,99923,100,,,99902,100,,,99811,100,,,99767,100
2019-06-28 10:06:58.328114556,100192,234,100135,323,100251,100,100128,323,100388,323,100080,100,100826,11,99992,100,101000,100,99947,100,101203,100,99923,100,101375,100,99902,100,101611,100,99811,100,,,99767,100,,,99464,100
2019-06-28 10:07:00.000000000,100192,234,100135,323,100251,323,100128,323,100388,100,100080,100,100826,11,99992,100,101000,100,99947,100,101203,100,99923,100,101375,100,99902,100,101611,100,99811,100,,,99767,100,,,99464,100
2019-06-28 10:07:10.000000000,100192,234,100135,323,100251,323,100128,323,100388,100,100080,100,100826,11,99992,100,101000,100,99947,100,101203,100,99923,100,101375,100,99902,100,101611,100,99811,100,,,99767,100,,,99464,100
2019-06-28 10:07:13.536156201,100159,100,100135,323,100192,234,100128,323,100251,323,100080,100,100388,100,99992,100,100826,11,99947,100,101000,100,99923,100,101203,100,99902,100,101375,100,99811,100,101611,100,99767,100,,,99464,100
2019-06-28 10:07:20.000000000,100159,189,100135,189,100192,100,100128,189,100251,189,100080,189,100388,189,99992,189,100826,100,99947,189,101000,100,99923,100,101203,100,99902,100,101375,100,99811,100,101611,100,99767,100,,,99464,100
2019-06-28 10:07:30.000000000,100159,546,100135,546,100192,11,100128,100,100251,100,100080,100,100388,100,99992,100,100826,11,99947,100,101000,100,99923,100,101203,100,99902,100,101375,100,99811,100,101611,100,99767,100,,,99464,100
2019-06-28 10:07:40.000000000,100159,189,100135,189,100192,100,100128,189,100251,189,100080,189,100388,189,99992,189,100826,100,99947,189,101000,100,99923,100,101203,100,99902,100,101375,100,99811,100,101611,100,99767,100,,,99464,100
2019-06-28 10:07:40.696111789,100159,189,100135,189,100192,100,100128,189,100251,289,100080,189,100388,189,99992,189,100826,100,99947,189,101000,100,99923,100,101203,100,99902,100,101375,100,99811,100,101611,100,99767,100,,,99464,100
2019-06-28 10:07:50.000000000,100159,189,100135,189,100192,100,100128,189,100251,289,100080,189,100388,189,99992,189,100826,100,99947,189,101000,100,99923,100,101203,100,99902,100,101375,100,99811,100,101611,100,99767,100,,,99464,100
2019-06-28 10:08:00.000000000,100159,189,100135,189,100192,100,100128,189,100251,289,100080,189,100388,189,99992,189,100826,100,99947,189,101000,100,99923,100,101203,100,99902,100,101375,100,99811,100,101611,100,99767,100,,,99464,100
2019-06-28 10:08:10.000000000,100159,189,100135,189,100192,100,100128,189,100251,289,100080,189,100388,189,99992,189,100826,100,99947,189,101000,100,99923,100,101203,100,99902,100,101375,100,99811,100,101611,100,99767,100,,,99464,100
2019-06-28 10:08:20.000000000,100159,546,100135,546,100192,11,100128,100,100251,200,100080,100,100388,100,99992,100,100826,11,99947,100,101000,100,99923,100,101203,100,99902,100,101375,100,99811,100,101611,100,99767,100,,,99464,100
2019-06-28 10:08:28.298138990,100159,546,100135,546,100192,11,100128,100,100251,300,100080,100,100388,100,99992,100,100826,11,99947,100,101000,100,99902,100,101203,100,99811,100,101375,100,99767,100,101611,100,99464,100,,,,
2019-06-28 10:08:30.000000000,100159,212,100135,212,100192,123,100128,212,100251,412,100080,212,100388,212,99992,212,100826,11,99947,100,101000,100,99902,100,101203,100,99811,100,101375,100,99767,100,101611,100,99464,100,,,,
2019-06-28 10:08:40.000000000,100159,189,100135,189,100192,100,100128,189,100251,389,100080,189,100388,189,99992,189,100826,100,99947,189,101000,100,99902,100,101203,100,99811,100,101375,100,99767,100,101611,100,99464,100,,,,
2019-06-28 10:08:48.221306929,100159,189,100135,89,100192,100,100128,189,100251,389,100080,189,100388,189,99992,189,100826,100,99947,189,101000,100,99902,100,101203,100,99811,100,101375,100,99767,100,101611,100,99464,100,,,,
2019-06-28 10:08:50.000000000,100159,212,100128,212,100192,123,100080,212,100251,412,99992,212,100388,212,99947,212,100826,11,99902,100,101000,100,99811,100,101203,100,99767,100,101375,100,99464,100,101611,100,,,,,,
2019-06-28 10:09:00.000000000,100159,212,100128,212,100192,123,100080,212,100251,412,99992,212,100388,212,99947,212,100826,11,99902,100,101000,100,99811,100,101203,100,99767,100,101375,100,99464,100,101611,100,,,,,,
2019-06-28 10:09:01.833930522,100159,212,100128,112,100192,123,100080,212,100251,412,99992,212,100388,212,99947,212,100826,11,99902,100,101000,100,99811,100,101203,100,99767,100,101375,100,99464,100,101611,100,,,,,,
2019-06-28 10:09:06.606602903,100159,212,100128,12,100192,123,100080,212,100251,412,99992,212,100388,212,99947,212,100826,11,99902,100,101000,100,99811,100,101203,100,99767,100,101375,100,99464,100,101611,100,,,,,,
2019-06-28 10:09:10.000000000,100159,252,100080,252,100192,158,99992,247,100251,447,99947,247,100388,100,99902,100,100826,11,99811,100,101000,100,99767,100,101203,100,99464,100,101375,100,,,101611,100,,,,,,
2019-06-28 10:09:20.000000000,100159,189,100080,189,100192,100,99992,189,100251,389,99947,189,100388,189,99902,189,100826,100,99811,189,101000,100,99767,100,101203,100,99464,100,101375,100,,,101611,100,,,,,,
2019-06-28 10:09:30.000000000,100159,252,100080,252,100192,158,99992,247,100251,447,99947,247,100388,100,99902,100,100826,11,99811,100,101000,100,99767,100,101203,100,99464,100,101375,100,,,101611,100,,,,,,
2019-06-28 10:09:39.252303469,100159,252,100080,152,100192,158,99992,247,100251,447,99947,247,100388,100,99902,100,100826,11,99811,100,101000,100,99767,100,101203,100,99464,100,101375,100,,,101611,100,,,,,,
2019-06-28 10:09:40.000000000,100159,189,99992,189,100192,100,99947,189,100251,389,99902,189,100388,189,99811,189,100826,100,99767,189,101000,100,99464,100,101203,100,,,101375,100,,,101611,100,,,,,,
2019-06-28 10:09:50.000000000,100159,212,99992,212,100192,123,99947,212,100251,412,99902,212,100388,212,99811,212,100826,11,99767,100,101000,100,99464,100,101203,100,,,101375,100,,,101611,100,,,,,,
2019-06-28 10:10:00.000000000,100159,323,99992,323,100192,234,99947,323,100251,300,99902,100,100388,100,99811,100,100826,11,99767,100,101000,100,99464,100,101203,100,,,101375,100,,,101611,100,,,,,,
2019-06-28 10:10:10.000000000,100159,252,99992,252,100192,158,99947,247,100251,447,99902,247,100388,100,99811,100,100826,11,99767,100,101000,100,99464,100,101203,100,,,101375,100,,,101611,100,,,,,,
