,ask_price_1,ask_size_1,bid_price_1,bid_size_1,ask_price_2,ask_size_2,bid_price_2,bid_size_2,ask_price_3,ask_size_3,bid_price_3,bid_size_3,ask_price_4,ask_size_4,bid_price_4,bid_size_4,ask_price_5,ask_size_5,bid_price_5,bid_size_5,ask_price_6,ask_size_6,bid_price_6,bid_size_6,ask_price_7,ask_size_7,bid_price_7,bid_size_7,ask_price_8,ask_size_8,bid_price_8,bid_size_8,ask_price_9,ask_size_9,bid_price_9,bid_size_9,ask_price_10,ask_size_10,bid_price_10,bid_size_10
2019-06-28 09:30:00.000000001,,,99803,100,,,,,,,,,,,,,,,,,,,,,,,,,,,,,,,,,,,,
2019-06-28 09:30:00.000000003,100031,100,99908,100,,,99803,100,,,,,,,,,,,,,,,,,,,,,,,,,,,,,,,,
2019-06-28 09:30:00.000000004,100010,100,99908,100,100031,100,99803,100,,,,,,,,,,,,,,,,,,,,,,,,,,,,,,,,
2019-06-28 09:30:00.000000006,100010,100,99950,100,100031,100,99908,100,,,99803,100,,,,,,,,,,,,,,,,,,,,,,,,,,,,
2019-06-28 09:30:00.000000009,100010,100,99950,100,100031,100,99930,100,,,99908,100,,,99803,100,,,,,,,,,,,,,,,,,,,,,,,,
2019-06-28 09:30:00.000000011,100006,100,99950,100,100010,100,99930,100,100031,100,99908,100,,,99803,100,,,,,,,,,,,,,,,,,,,,,,,,
2019-06-28 09:30:00.000000013,100006,100,99950,100,100010,100,99930,100,100031,100,99908,100,100082,100,99803,100,,,,,,,,,,,,,,,,,,,,,,,,
2019-06-28 09:30:00.000000014,100006,100,99968,100,100010,100,99950,100,100031,100,99930,100,100082,100,99908,100,,,99803,100,,,,,,,,,,,,,,,,,,,,
2019-06-28 09:30:00.000000016,99990,100,99968,100,100006,100,99950,100,100010,100,99930,100,100031,100,99908,100,100082,100,99803,100,,,,,,,,,,,,,,,,,,,,
2019-06-28 09:30:00.000000018,99990,100,99968,100,100006,100,99950,100,100010,100,99934,100,100031,100,99930,100,100082,100,99908,100,,,99803,100,,,,,,,,,,,,,,,,
2019-06-28 09:30:00.000000020,99990,100,99968,100,100006,100,99950,100,100010,100,99934,100,100031,100,99930,100,100082,100,99908,100,,,99874,100,,,99803,100,,,,,,,,,,,,
2019-06-28 09:30:00.000000022,99990,100,99968,100,100006,100,99950,100,100010,100,99934,100,100031,100,99930,100,100052,100,99908,100,100082,100,99874,100,,,99803,100,,,,,,,,,,,,
2019-06-28 09:30:00.000000023,99990,100,99968,100,100006,100,99950,100,100010,100,99934,100,100031,100,99930,100,100052,100,99908,100,100082,100,99874,100,100098,100,99803,100,,,,,,,,,,,,
2019-06-28 09:30:00.000000024,99990,100,99968,100,100006,100,99950,100,100010,100,99934,100,100031,100,99930,100,100052,100,99908,100,100078,100,99874,100,100082,100,99803,100,100098,100,,,,,,,,,,
2019-06-28 09:30:00.000000030,99990,100,99968,100,100006,100,99950,100,100010,100,99934,100,100024,100,99930,100,100031,100,99908,100,100052,100,99874,100,100078,100,99803,100,100082,100,,,100098,100,,,,,,
2019-06-28 09:30:00.000000031,99978,100,99968,100,99990,100,99950,100,100006,100,99934,100,100010,100,99930,100,100024,100,99908,100,100031,100,99874,100,100052,100,99803,100,100078,100,,,100082,100,,,100098,100,,
2019-06-28 09:30:00.000000033,99978,100,99968,100,99990,100,99950,100,100006,100,99934,100,100010,100,99930,100,100024,100,99908,100,100030,100,99874,100,100031,100,99803,100,100052,100,,,100078,100,,,100082,100,,
2019-06-28 09:30:00.000000036,99978,100,99968,100,99990,100,99950,100,100006,100,99934,100,100010,100,99930,100,100024,100,99908,100,100030,100,99874,100,100031,100,99803,100,100052,100,,,100078,100,,,100082,100,,
2019-06-28 09:30:00.000000039,99978,100,99971,100,99990,100,99968,100,100006,100,99950,100,100010,100,99934,100,100024,100,99930,100,100030,100,99908,100,100031,100,99874,100,100052,100,99803,100,100078,100,,,100082,100,,
2019-06-28 09:30:00.000000040,99978,100,99968,100,99990,100,99950,100,100006,100,99934,100,100010,100,99930,100,100024,100,99908,100,100030,100,99874,100,100031,100,99872,100,100052,100,99803,100,100078,100,,,100082,100,,
2019-06-28 09:30:00.000000041,99978,100,99968,100,99990,100,99950,100,100006,100,99934,100,100010,100,99930,100,100024,100,99908,100,100030,100,99874,100,100031,100,99872,100,100052,100,99803,100,100078,200,,,100082,100,,
2019-06-28 09:30:00.000000042,99978,100,99968,100,99990,100,99950,100,100006,100,99934,100,100010,100,99930,100,100024,100,99908,100,100030,100,99874,100,100031,100,99872,100,100042,100,99803,100,100052,100,,,100055,100,,
2019-06-28 09:30:00.000000043,99978,100,99968,100,99990,100,99950,100,100006,100,99934,100,100010,100,99930,100,100024,100,99908,100,100030,100,99874,100,100031,100,99872,100,100042,100,99803,100,100052,100,99796,100,100055,100,,
2019-06-28 09:30:00.000000046,99990,100,99968,100,100006,100,99950,100,100010,100,99934,100,100024,100,99930,100,100030,100,99908,100,100031,100,99874,100,100042,100,99872,100,100052,100,99803,100,100055,100,99796,100,100078,200,,
2019-06-28 09:30:00.000000047,99990,100,99971,100,100006,100,99968,100,100010,100,99950,100,100024,100,99934,100,100030,100,99930,100,100031,100,99908,100,100042,100,99874,100,100052,100,99872,100,100055,100,99803,100,100078,200,99796,100
2019-06-28 09:30:00.000000048,99990,100,99971,100,100006,100,99968,100,100010,100,99950,100,100024,100,99938,100,100030,100,99934,100,100031,100,99930,100,100042,100,99908,100,100052,100,99874,100,100055,100,99872,100,100078,200,99803,100
2019-06-28 09:30:00.000000050,99990,100,99968,100,100006,100,99950,100,100010,100,99938,100,100024,100,99934,100,100030,100,99930,100,100031,100,99908,100,100042,100,99874,200,100052,100,99872,100,100055,100,99803,100,100078,200,99796,100
2019-06-28 09:30:00.000000055,99990,100,99968,100,100006,100,99950,100,100010,100,99938,100,100024,100,99934,100,100030,100,99930,100,100031,100,99908,100,100042,100,99874,200,100052,100,99872,100,100055,100,99803,100,100078,200,99796,100
2019-06-28 09:30:00.000000061,99990,100,99968,100,100006,100,99950,100,100010,100,99938,100,100024,100,99934,100,100030,100,99930,100,100031,100,99908,100,100042,100,99892,100,100052,100,99874,200,100055,100,99872,100,100078,200,99803,100
2019-06-28 09:30:00.000000062,99990,100,99968,100,100006,100,99950,100,100010,100,99938,100,100024,100,99934,100,100030,100,99930,100,100031,100,99908,100,100033,100,99892,100,100042,100,99874,200,100052,100,99872,100,100055,100,99852,100
2019-06-28 09:30:00.000000064,99990,100,99968,100,100006,100,99950,100,100010,100,99938,100,100018,100,99934,100,100024,100,99930,100,100030,100,99908,100,100031,100,99892,100,100033,100,99874,200,100042,100,99872,100,100052,100,99852,100
2019-06-28 09:30:00.000000069,99990,100,99968,100,100006,100,99950,100,100010,100,99938,100,100018,100,99934,100,100024,100,99930,100,100030,100,99908,100,100031,100,99892,100,100033,100,99874,200,100042,100,99872,100,100052,100,99852,100
2019-06-28 09:30:00.000000071,99990,100,99968,100,100006,100,99950,100,100010,100,99938,100,100018,100,99934,100,100024,100,99930,100,100030,100,99908,100,100031,100,99892,100,100033,100,99874,200,100042,100,99872,100,100052,100,99852,100
2019-06-28 09:30:00.000000072,99990,100,99968,100,100006,100,99961,100,100010,100,99950,100,100018,100,99938,100,100024,100,99934,100,100030,100,99930,100,100031,100,99908,100,100033,100,99892,100,100042,100,99874,200,100052,100,99872,100
2019-06-28 09:30:00.000000073,99990,100,99988,100,100006,100,99968,100,100010,100,99961,100,100018,100,99950,100,100024,100,99938,100,100030,100,99934,100,100031,100,99930,100,100033,100,99908,100,100042,100,99892,100,100052,100,99874,200
2019-06-28 09:30:00.000000074,100006,100,99988,100,100010,100,99968,100,100018,100,99961,100,100024,100,99950,100,100030,100,99938,100,100031,100,99934,100,100033,100,99930,100,100042,100,99908,100,100052,100,99892,100,100055,100,99874,200
2019-06-28 09:30:00.000000075,100006,100,99989,100,100010,100,99988,100,100018,100,99968,100,100024,100,99961,100,100030,100,99950,100,100031,100,99938,100,100033,100,99934,100,100042,100,99930,100,100052,100,99908,100,100055,100,99892,100
2019-06-28 09:30:00.000000080,99990,100,99989,100,100006,100,99988,100,100010,100,99968,100,100018,100,99961,100,100024,100,99950,100,100030,100,99938,100,100031,100,99934,100,100033,100,99930,100,100042,100,99908,100,100052,100,99892,100
2019-06-28 09:30:00.000000084,99990,100,99989,100,100006,100,99988,100,100010,100,99968,100,100018,100,99961,100,100024,100,99954,100,100030,100,99950,100,100031,100,99938,100,100033,100,99934,100,100042,100,99930,100,100052,100,99917,100
2019-06-28 09:30:00.000000085,99990,100,99989,100,100006,100,99988,100,100010,100,99971,100,100018,100,99968,100,100024,100,99967,100,100030,100,99961,100,100031,100,99954,100,100033,100,99950,100,100042,100,99940,100,100052,100,99938,100
2019-06-28 09:30:00.000000086,99990,100,99989,100,100006,100,99988,100,100010,100,99971,100,100018,100,99968,100,100024,100,99967,100,100030,100,99961,100,100031,100,99954,100,100033,100,99950,100,100042,100,99940,200,100052,100,99938,100
2019-06-28 09:30:00.000000087,99990,100,99989,100,100006,100,99988,100,100007,100,99971,100,100010,100,99968,100,100018,100,99967,100,100024,100,99961,100,100030,100,99954,100,100031,100,99950,100,100033,100,99940,200,100042,100,99938,100
2019-06-28 09:30:00.000000088,99990,100,99989,100,100006,100,99988,100,100007,100,99971,100,100010,100,99968,100,100018,100,99967,100,100024,100,99961,100,100030,100,99954,100,100031,100,99950,100,100033,100,99940,200,100042,100,99938,100
2019-06-28 09:30:00.000000090,100006,100,99989,100,100007,100,99988,100,100010,100,99971,100,100018,100,99968,100,100024,100,99967,100,100030,100,99961,100,100031,100,99954,200,100033,100,99950,100,100042,100,99940,200,100052,100,99938,100
2019-06-28 09:30:00.000000091,100006,100,99990,100,100007,100,99989,100,100010,100,99988,100,100018,100,99971,100,100024,100,99968,100,100030,100,99967,100,100031,100,99961,100,100033,100,99954,200,100042,100,99950,100,100052,100,99940,200
2019-06-28 09:30:00.000000094,100006,100,99990,100,100007,100,99989,100,100010,100,99988,100,100018,100,99985,100,100024,100,99971,100,100030,100,99968,100,100031,100,99967,100,100033,100,99961,100,100042,100,99954,200,100052,100,99950,100
2019-06-28 09:30:00.000000095,100006,100,99990,100,100007,100,99989,100,100008,100,99988,100,100010,100,99985,100,100018,100,99971,100,100024,100,99968,100,100030,100,99967,100,100031,100,99961,100,100033,100,99954,200,100042,100,99950,100
2019-06-28 09:30:00.000000096,100006,100,99990,100,100007,100,99989,100,100008,100,99988,100,100010,100,99985,100,100018,100,99971,100,100024,100,99968,100,100030,100,99967,100,100031,100,99961,100,100033,100,99954,200,100042,100,99950,100
2019-06-28 09:30:00.000000097,100006,100,99990,100,100007,100,99989,100,100008,100,99988,100,100010,100,99985,100,100018,100,99971,100,100024,100,99968,100,100030,100,99967,100,100031,100,99961,100,100033,100,99955,100,100042,100,99954,200
2019-06-28 09:30:00.000000099,100006,100,99990,100,100007,100,99989,100,100008,100,99988,100,100010,100,99985,100,100018,100,99971,100,100024,100,99968,100,100030,100,99967,100,100031,100,99961,100,100033,100,99955,100,100042,100,99954,200
2019-06-28 09:30:10.000000000,100006,210,99990,210,100007,210,99989,210,100008,210,99988,210,100010,210,99985,210,100018,100,99971,100,100024,100,99968,100,100030,100,99967,100,100031,100,99961,100,100033,100,99955,100,100042,100,99954,200
2019-06-28 09:30:20.000000000,100006,249,99990,249,100007,245,99989,245,100008,245,99988,245,100010,100,99985,100,100018,100,99971,100,100024,100,99968,100,100030,100,99967,100,100031,100,99961,100,100033,100,99955,100,100042,100,99954,200
2019-06-28 09:30:30.000000000,100006,188,99990,188,100007,188,99989,188,100008,188,99988,188,100010,188,99985,188,100018,188,99971,188,100024,100,99968,100,100030,100,99967,100,100031,100,99961,100,100033,100,99955,100,100042,100,99954,200
2019-06-28 09:30:40.000000000,100006,188,99990,188,100007,188,99989,188,100008,188,99988,188,100010,188,99985,188,100018,188,99971,188,100024,100,99968,100,100030,100,99967,100,100031,100,99961,100,100033,100,99955,100,100042,100,99954,200
2019-06-28 09:30:43.680880200,100006,188,99990,188,100007,188,99989,188,100008,188,99988,188,100010,188,99985,188,100018,188,99971,188,100024,100,99968,100,100030,100,99967,100,100031,100,99961,100,100033,100,99955,100,100052,100,99954,200
2019-06-28 09:30:50.000000000,100006,319,99990,319,100007,319,99989,319,100008,100,99988,100,100010,100,99985,100,100018,100,99971,100,100024,100,99968,100,100030,100,99967,100,100031,100,99961,100,100033,100,99955,100,100052,100,99954,200
2019-06-28 09:31:00.000000000,100006,188,99990,188,100007,188,99989,188,100008,188,99988,188,100010,188,99985,188,100018,188,99971,188,100024,100,99968,100,100030,100,99967,100,100031,100,99961,100,100033,100,99955,100,100052,100,99954,200
2019-06-28 09:31:10.000000000,100006,249,99990,249,100007,245,99989,245,100008,245,99988,245,100010,100,99985,100,100018,100,99971,100,100024,100,99968,100,100030,100,99967,100,100031,100,99961,100,100033,100,99955,100,100052,100,99954,200
2019-06-28 09:31:20.000000000,100006,319,99990,319,100007,319,99989,319,100008,100,99988,100,100010,100,99985,100,100018,100,99971,100,100024,100,99968,100,100030,100,99967,100,100031,100,99961,100,100033,100,99955,100,100052,100,99954,200
2019-06-28 09:31:28.737890746,100006,319,99990,219,100007,319,99989,319,100008,100,99988,100,100010,100,99985,100,100018,100,99971,100,100024,100,99968,100,100030,100,99967,100,100031,100,99961,100,100033,100,99955,100,100052,100,99954,200
2019-06-28 09:31:30.000000000,100006,188,99989,188,100007,188,99988,188,100008,188,99985,188,100010,188,99971,188,100018,188,99968,188,100024,100,99967,100,100030,100,99961,100,100031,100,99955,100,100033,100,99954,200,100052,100,99950,100
2019-06-28 09:31:30.081570349,100006,188,99989,188,100007,188,99988,188,100008,188,99985,188,100010,188,99971,188,100018,188,99968,188,100024,100,99967,100,100030,100,99961,100,100031,100,99955,100,100033,100,99954,200,100052,100,99950,100
2019-06-28 09:31:32.850111572,100006,188,99989,188,100007,188,99988,188,100008,188,99985,188,100010,188,99971,188,100018,188,99968,188,100024,100,99967,100,100030,100,99961,100,100031,100,99955,100,100033,100,99954,200,100052,100,99950,100
2019-06-28 09:31:37.354399692,100006,188,99989,188,100007,188,99988,188,100008,188,99985,188,100010,188,99971,188,100018,188,99968,188,100024,100,99967,100,100030,100,99961,100,100031,100,99955,100,100033,100,99954,200,100052,100,99950,100
2019-06-28 09:31:40.000000000,100006,188,99989,188,100007,188,99988,188,100008,188,99985,188,100010,188,99971,188,100018,188,99968,188,100024,100,99967,100,100030,100,99961,100,100031,100,99955,100,100033,100,99954,200,100052,100,99950,100
2019-06-28 09:31:50.000000000,100006,538,99989,538,100007,100,99988,100,100008,100,99985,100,100010,100,99971,100,100018,100,99968,100,100024,100,99967,100,100030,100,99961,100,100031,100,99955,100,100033,100,99954,200,100052,100,99950,100
2019-06-28 09:31:59.725058304,99990,100,99989,538,100006,538,99988,100,100007,100,99985,100,100008,100,99971,100,100010,100,99968,100,100018,100,99967,100,100024,100,99961,100,100030,100,99955,100,100031,100,99954,200,100033,100,99950,100
2019-06-28 09:32:00.000000000,99990,538,99989,538,100006,100,99988,100,100007,100,99985,100,100008,100,99971,100,100010,100,99968,100,100018,100,99967,100,100024,100,99961,100,100030,100,99955,100,100031,100,99954,200,100033,100,99950,100
2019-06-28 09:32:00.325152779,99990,538,99989,438,100006,100,99985,100,100007,100,99971,100,100008,100,99968,100,100010,100,99967,100,100018,100,99961,100,100024,100,99955,100,100030,100,99954,200,100031,100,99950,100,100033,100,99946,100
2019-06-28 09:32:10.000000000,99990,319,99985,319,100006,319,99971,319,100007,100,99968,100,100008,100,99967,100,100010,100,99961,100,100018,100,99955,100,100024,100,99954,200,100030,100,99950,100,100031,100,99946,100,100033,100,99940,200
2019-06-28 09:32:19.221070233,99990,319,99985,319,100006,319,99971,319,100007,100,99968,100,100008,100,99967,100,100010,100,99961,100,100018,100,99955,100,100024,100,99954,200,100030,100,99950,100,100031,100,99946,100,100033,100,99940,200
2019-06-28 09:32:20.000000000,99990,538,99985,538,100006,100,99971,100,100007,100,99968,100,100008,100,99967,100,100010,100,99961,100,100018,100,99955,100,100024,100,99954,200,100030,100,99950,100,100031,100,99946,100,100033,100,99940,200
2019-06-28 09:32:24.496924922,99990,538,99985,438,100006,100,99971,100,100007,100,99968,100,100008,100,99967,100,100010,100,99961,100,100018,100,99955,100,100024,100,99954,200,100030,100,99950,100,100031,100,99946,100,100033,100,99940,200
2019-06-28 09:32:26.237669857,99990,538,99985,338,100006,100,99971,100,100007,100,99968,100,100008,100,99967,100,100010,100,99961,100,100018,100,99955,100,100024,100,99954,200,100030,100,99950,100,100031,100,99946,100,100033,100,99940,200
2019-06-28 09:32:30.000000000,99990,249,99971,249,100006,245,99968,245,100007,245,99967,245,100008,100,99961,100,100010,100,99955,100,100018,100,99954,200,100024,100,99950,100,100030,100,99946,100,100031,100,99940,200,100033,100,99938,100
2019-06-28 09:32:33.405355802,99985,100,99971,249,99990,249,99968,245,100006,245,99967,245,100007,245,99961,100,100008,100,99955,100,100010,100,99954,200,100018,100,99950,100,100024,100,99946,100,100030,100,99940,200,100031,100,99938,100
2019-06-28 09:32:40.000000000,99985,188,99971,188,99990,188,99968,188,100006,188,99967,188,100007,188,99961,188,100008,188,99955,188,100010,100,99954,200,100018,100,99950,100,100024,100,99946,100,100030,100,99940,200,100031,100,99938,100
2019-06-28 09:32:50.000000000,99985,538,99971,538,99990,100,99968,100,100006,100,99967,100,100007,100,99961,100,100008,100,99955,100,100010,100,99954,200,100018,100,99950,100,100024,100,99946,100,100030,100,99940,200,100031,100,99938,100
2019-06-28 09:33:00.000000000,99985,249,99971,249,99990,245,99968,245,100006,245,99967,245,100007,100,99961,100,100008,100,99955,100,100010,100,99954,200,100018,100,99950,100,100024,100,99946,100,100030,100,99940,200,100031,100,99938,100
2019-06-28 09:33:10.000000000,99985,319,99971,319,99990,319,99968,319,100006,100,99967,100,100007,100,99961,100,100008,100,99955,100,100010,100,99954,200,100018,100,99950,100,100024,100,99946,100,100030,100,99940,200,100031,100,99938,100
2019-06-28 09:33:11.054017847,99985,419,99971,319,99990,319,99968,319,100006,100,99967,100,100007,100,99961,100,100008,100,99955,100,100010,100,99954,200,100018,100,99950,100,100024,100,99946,100,100030,100,99940,200,100031,100,99938,100
2019-06-28 09:33:14.139887162,99985,419,99971,319,99990,319,99968,319,100006,100,99967,100,100007,100,99961,100,100008,100,99955,100,100010,100,99954,200,100018,100,99950,100,100024,100,99946,100,100030,100,99940,200,100031,100,99938,100
2019-06-28 09:33:20.000000000,99985,419,99971,319,99990,319,99968,319,100006,100,99967,100,100007,100,99961,100,100008,100,99955,100,100010,100,99954,200,100018,100,99950,100,100024,100,99946,100,100030,100,99940,200,100031,100,99938,100
2019-06-28 09:33:22.693162273,99985,519,99971,319,99990,319,99968,319,100006,100,99967,100,100007,100,99961,100,100008,100,99955,100,100010,100,99954,200,100018,100,99950,100,100024,100,99946,100,100030,100,99940,200,100031,100,99938,100
2019-06-28 09:33:30.000000000,99985,410,99971,210,99990,210,99968,210,100006,210,99967,210,100007,210,99961,210,100008,100,99955,100,100010,100,99954,200,100018,100,99950,100,100024,100,99946,100,100030,100,99940,200,100031,100,99938,100
2019-06-28 09:33:40.000000000,99985,738,99971,538,99990,100,99968,100,100006,100,99967,100,100007,100,99961,100,100008,100,99955,100,100010,100,99954,200,100018,100,99950,100,100024,100,99946,100,100030,100,99940,200,100031,100,99938,100
2019-06-28 09:33:41.420858048,99985,838,99971,538,99990,100,99968,100,100006,100,99967,100,100007,100,99961,100,100008,100,99955,100,100010,100,99954,200,100018,100,99950,100,100024,100,99946,100,100030,100,99940,200,100031,100,99938,100
2019-06-28 09:33:48.239791553,99985,938,99971,538,99990,100,99968,100,100006,100,99967,100,100007,100,99961,100,100008,100,99955,100,100010,100,99954,200,100018,100,99950,100,100024,100,99946,100,100030,100,99940,200,100031,100,99938,100
2019-06-28 09:33:49.064867579,99985,1038,99971,538,99990,100,99968,100,100007,100,99967,100,100008,100,99961,100,100010,100,99955,100,100018,100,99954,200,100024,100,99950,100,100030,100,99946,100,100031,100,99940,200,100033,100,99938,100
2019-06-28 09:33:50.000000000,99985,1038,99971,538,99990,100,99968,100,100007,100,99967,100,100008,100,99961,100,100010,100,99955,100,100018,100,99954,200,100024,100,99950,100,100030,100,99946,100,100031,100,99940,200,100033,100,99938,100
2019-06-28 09:33:52.225390601,99985,1038,99971,538,99990,100,99968,100,100007,100,99967,100,100008,100,99961,100,100010,100,99955,100,100018,100,99954,100,100024,100,99950,100,100030,100,99946,100,100031,100,99940,200,100033,100,99938,100
2019-06-28 09:34:00.000000000,99985,749,99971,249,99990,245,99968,245,100007,245,99967,245,100008,100,99961,100,100010,100,99955,100,100018,100,99954,100,100024,100,99950,100,100030,100,99946,100,100031,100,99940,200,100033,100,99938,100
2019-06-28 09:34:08.598438329,99985,749,99971,149,99990,245,99968,245,100007,245,99967,245,100008,100,99961,100,100010,100,99955,100,100018,100,99954,100,100024,100,99950,100,100030,100,99946,100,100031,100,99940,200,100033,100,99938,100
2019-06-28 09:34:10.000000000,99985,1038,99968,538,99990,100,99967,100,100007,100,99961,100,100008,100,99955,100,100010,100,99954,100,100018,100,99950,100,100024,100,99946,100,100030,100,99940,200,100031,100,99938,100,100033,100,99936,100
2019-06-28 09:34:20.000000000,99985,688,99968,188,99990,188,99967,188,100007,188,99961,188,100008,188,99955,188,100010,188,99954,188,100018,100,99950,100,100024,100,99946,100,100030,100,99940,200,100031,100,99938,100,100033,100,99936,100
2019-06-28 09:34:22.560154285,99985,688,99968,188,99990,188,99967,188,100007,188,99961,188,100008,188,99955,188,100010,188,99954,188,100018,100,99950,100,100024,100,99946,100,100030,100,99940,200,100031,100,99938,100,100033,100,99936,100
2019-06-28 09:34:30.000000000,99985,688,99968,188,99990,188,99967,188,100007,188,99961,188,100008,188,99955,188,100010,188,99954,188,100018,100,99950,100,100024,100,99946,100,100030,100,99940,200,100031,100,99938,100,100033,100,99936,100
2019-06-28 09:34:40.000000000,99985,710,99968,210,99990,210,99967,210,100007,210,99961,210,100008,210,99955,210,100010,100,99954,100,100018,100,99950,100,100024,100,99946,100,100030,100,99940,200,100031,100,99938,100,100033,100,99936,100
2019-06-28 09:34:50.000000000,99985,688,99968,188,99990,188,99967,188,100007,188,99961,188,100008,188,99955,188,100010,188,99954,188,100018,100,99950,100,100024,100,99946,100,100030,100,99940,200,100031,100,99938,100,100033,100,99936,100
2019-06-28 09:35:00.000000000,99985,710,99968,210,99990,210,99967,210,100007,210,99961,210,100008,210,99955,210,100010,100,99954,100,100018,100,99950,100,100024,100,99946,100,100030,100,99940,200,100031,100,99938,100,100033,100,99936,100
2019-06-28 09:35:09.618231341,99985,710,99968,210,99990,210,99967,210,100007,210,99961,210,100008,210,99955,210,100010,100,99954,100,100018,100,99950,100,100024,100,99946,100,100030,100,99940,200,100031,100,99938,100,100033,100,99936,100
2019-06-28 09:35:10.000000000,99985,710,99968,210,99990,210,99967,210,100007,210,99961,210,100008,210,99955,210,100010,100,99954,100,100018,100,99950,100,100024,100,99946,100,100030,100,99940,200,100031,100,99938,100,100033,100,99936,100
2019-06-28 09:35:12.297170203,99985,610,99968,210,99990,210,99967,210,100007,210,99961,210,100008,210,99955,210,100010,100,99954,100,100018,100,99950,100,100024,100,99946,100,100030,100,99940,200,100031,100,99938,100,100033,100,99936,100
2019-06-28 09:35:16.605064661,99985,610,99968,110,99990,210,99967,210,100007,210,99961,210,100008,210,99955,210,100010,100,99954,100,100018,100,99950,100,100024,100,99946,100,100030,100,99940,200,100031,100,99938,100,100033,100,99936,100
2019-06-28 09:35:20.000000000,99985,649,99967,249,99990,245,99961,245,100007,245,99955,245,100008,100,99954,100,100010,100,99950,100,100018,100,99946,100,100024,100,99940,200,100030,100,99938,100,100031,100,99936,100,100033,100,99934,100
2019-06-28 09:35:22.206080803,99985,649,99967,249,99990,245,99961,245,100007,245,99955,245,100008,100,99954,100,100010,100,99950,100,100018,100,99946,100,100024,100,99940,200,100030,100,99938,100,100031,100,99936,100,100033,100,99927,100
2019-06-28 09:35:30.000000000,99985,719,99967,319,99990,319,99961,319,100007,100,99955,100,100008,100,99954,100,100010,100,99950,100,100018,100,99946,100,100024,100,99940,200,100030,100,99938,100,100031,100,99936,100,100033,100,99927,100
2019-06-28 09:35:32.500041271,99985,719,99967,219,99990,319,99961,319,100007,100,99955,100,100008,100,99954,100,100010,100,99950,100,100018,100,99946,100,100024,100,99940,200,100030,100,99938,100,100031,100,99936,100,100033,100,99927,100
2019-06-28 09:35:40.000000000,99985,588,99961,188,99990,188,99955,188,100007,188,99954,188,100008,188,99950,188,100010,188,99946,188,100018,100,99940,200,100024,100,99938,100,100030,100,99936,100,100031,100,99927,100,100033,100,99917,100
2019-06-28 09:35:47.211560590,99968,100,99961,188,99985,588,99955,188,99990,188,99954,188,100007,188,99950,188,100008,188,99946,188,100010,188,99940,200,100018,100,99938,100,100024,100,99936,100,100030,100,99927,100,100031,100,99917,100
2019-06-28 09:35:50.000000000,99968,210,99961,210,99985,610,99955,210,99990,210,99954,210,100007,210,99950,210,100008,100,99946,100,100010,100,99940,200,100018,100,99938,100,100024,100,99936,100,100030,100,99927,100,100031,100,99917,100
2019-06-28 09:35:58.678293576,99968,210,99961,210,99985,610,99955,110,99990,210,99954,210,100007,210,99950,210,100008,100,99946,100,100010,100,99940,200,100018,100,99938,100,100024,100,99936,100,100030,100,99927,100,100031,100,99917,100
2019-06-28 09:36:00.000000000,99968,319,99961,319,99985,719,99954,319,99990,100,99950,100,100007,100,99946,100,100008,100,99940,200,100010,100,99938,100,100018,100,99936,100,100024,100,99927,100,100030,100,99917,100,100031,100,99908,100
2019-06-28 09:36:10.000000000,99968,210,99961,210,99985,610,99954,210,99990,210,99950,210,100007,210,99946,210,100008,100,99940,200,100010,100,99938,100,100018,100,99936,100,100024,100,99927,100,100030,100,99917,100,100031,100,99908,100
2019-06-28 09:36:11.279525952,99968,210,99961,210,99985,610,99954,210,99990,210,99950,210,100007,210,99946,210,100008,100,99940,200,100010,100,99938,100,100024,100,99936,100,100030,100,99927,100,100031,100,99917,100,100033,100,99908,100
2019-06-28 09:36:20.000000000,99968,538,99961,538,99985,500,99954,100,99990,100,99950,100,100007,100,99946,100,100008,100,99940,200,100010,100,99938,100,100024,100,99936,100,100030,100,99927,100,100031,100,99917,100,100033,100,99908,100
2019-06-28 09:36:22.012472033,99968,538,99961,538,99985,500,99954,100,99990,100,99950,100,100007,100,99946,100,100008,100,99940,200,100024,100,99938,100,100030,100,99936,100,100031,100,99927,100,100033,100,99917,100,100052,100,99908,100
2019-06-28 09:36:30.000000000,99968,188,99961,188,99985,588,99954,188,99990,188,99950,188,100007,188,99946,188,100008,188,99940,288,100024,100,99938,100,100030,100,99936,100,100031,100,99927,100,100033,100,99917,100,100052,100,99908,100
2019-06-28 09:36:30.770810139,99968,188,99961,188,99985,588,99954,188,99990,188,99950,188,100007,188,99946,188,100008,188,99940,288,100024,100,99938,100,100030,100,99936,100,100031,100,99927,100,100033,100,99917,100,100052,100,99908,100
2019-06-28 09:36:40.000000000,99968,188,99961,188,99985,588,99954,188,99990,188,99950,188,100007,188,99946,188,100008,188,99940,288,100024,100,99938,100,100030,100,99936,100,100031,100,99927,100,100033,100,99917,100,100052,100,99908,100
2019-06-28 09:36:49.067407533,99968,288,99961,188,99985,588,99954,188,99990,88,99950,188,100007,188,99946,188,100008,188,99940,288,100024,100,99938,100,100030,100,99936,100,100031,100,99927,100,100033,100,99917,100,100052,100,99908,100
2019-06-28 09:36:50.000000000,99968,288,99961,188,99985,588,99954,188,100007,188,99950,188,100008,188,99946,188,100024,188,99940,288,100030,100,99938,100,100031,100,99936,100,100033,100,99927,100,100052,100,99917,100,100055,100,99908,100
2019-06-28 09:37:00.000000000,99968,638,99961,538,99985,500,99954,100,100007,100,99950,100,100008,100,99946,100,100024,100,99940,200,100030,100,99938,100,100031,100,99936,100,100033,100,99927,100,100052,100,99917,100,100055,100,99908,100
2019-06-28 09:37:00.311776579,99968,738,99961,538,99985,400,99954,100,100007,100,99950,100,100008,100,99946,100,100024,100,99940,200,100030,100,99938,100,100031,100,99936,100,100033,100,99927,100,100052,100,99917,100,100055,100,99908,100
2019-06-28 09:37:03.836206691,99968,838,99961,538,99985,400,99954,100,100007,100,99950,100,100008,100,99946,100,100024,100,99940,200,100030,100,99938,100,100031,100,99936,100,100033,100,99927,100,100052,100,99917,100,100055,100,99908,100
2019-06-28 09:37:10.000000000,99968,510,99961,210,99985,510,99954,210,100007,210,99950,210,100008,210,99946,210,100024,100,99940,200,100030,100,99938,100,100031,100,99936,100,100033,100,99927,100,100052,100,99917,100,100055,100,99908,100
2019-06-28 09:37:14.465180430,99968,510,99961,210,99985,510,99954,210,100007,210,99950,210,100008,210,99946,210,100024,100,99940,200,100030,100,99938,100,100031,100,99936,100,100033,100,99927,100,100052,100,99917,100,100055,100,99908,100
2019-06-28 09:37:20.000000000,99968,619,99961,319,99985,619,99954,319,100007,100,99950,100,100008,100,99946,100,100024,100,99940,200,100030,100,99938,100,100031,100,99936,100,100033,100,99927,100,100052,100,99917,100,100055,100,99908,100
2019-06-28 09:37:30.000000000,99968,510,99961,210,99985,510,99954,210,100007,210,99950,210,100008,210,99946,210,100024,100,99940,200,100030,100,99938,100,100031,100,99936,100,100033,100,99927,100,100052,100,99917,100,100055,100,99908,100
2019-06-28 09:37:32.951388636,99968,510,99961,110,99985,510,99954,210,100007,210,99950,210,100008,210,99946,210,100024,100,99940,200,100030,100,99938,100,100031,100,99936,100,100033,100,99927,100,100052,100,99917,100,100055,100,99908,100
2019-06-28 09:37:40.000000000,99968,838,99954,538,99985,400,99950,100,100007,100,99946,100,100008,100,99940,200,100024,100,99938,100,100030,100,99936,100,100031,100,99927,100,100033,100,99917,100,100052,100,99908,100,100055,100,99874,100
2019-06-28 09:37:45.401130961,99968,838,99954,438,99985,400,99950,100,100007,100,99946,100,100008,100,99940,200,100024,100,99938,100,100030,100,99936,100,100031,100,99927,100,100033,100,99917,100,100052,100,99908,100,100055,100,99874,100
2019-06-28 09:37:45.534954167,99968,838,99954,338,99985,400,99950,100,100007,100,99946,100,100008,100,99940,200,100024,100,99938,100,100030,100,99936,100,100033,100,99927,100,100052,100,99917,100,100055,100,99908,100,100078,100,99874,100
2019-06-28 09:37:50.000000000,99968,549,99950,249,99985,545,99946,245,100007,245,99940,345,100008,100,99938,100,100024,100,99936,100,100030,100,99927,100,100033,100,99917,100,100052,100,99908,100,100055,100,99874,100,100078,100,99872,100
2019-06-28 09:38:00.000000000,99968,838,99950,538,99985,400,99946,100,100007,100,99940,200,100008,100,99938,100,100024,100,99936,100,100030,100,99927,100,100033,100,99917,100,100052,100,99908,100,100055,100,99874,100,100078,100,99872,100
2019-06-28 09:38:04.439977965,99968,838,99950,538,99985,400,99946,100,100007,100,99940,200,100008,100,99938,100,100024,100,99936,100,100030,100,99932,100,100033,100,99927,100,100052,100,99917,100,100055,100,99908,100,100078,100,99874,100
2019-06-28 09:38:09.041009194,99968,738,99950,538,99985,400,99946,100,100007,100,99940,200,100008,100,99938,100,100024,100,99936,100,100030,100,99932,100,100033,100,99927,100,100052,100,99917,100,100055,100,99908,100,100078,100,99874,100
2019-06-28 09:38:09.806310059,99968,738,99950,538,99985,400,99946,100,100007,100,99940,200,100008,100,99938,100,100024,100,99936,100,100030,100,99932,100,100033,100,99927,100,100052,100,99917,100,100055,100,99908,100,100078,100,99874,100
2019-06-28 09:38:10.000000000,99968,388,99950,188,99985,488,99946,188,100007,188,99940,288,100008,188,99938,188,100024,188,99936,188,100030,100,99932,100,100033,100,99927,100,100052,100,99917,100,100055,100,99908,100,100078,100,99874,100
2019-06-28 09:38:12.508349074,99968,388,99950,88,99985,488,99946,188,100007,188,99940,288,100008,188,99938,188,100024,188,99936,188,100030,100,99932,100,100033,100,99927,100,100052,100,99917,100,100055,100,99908,100,100078,100,99874,100
2019-06-28 09:38:20.000000000,99968,410,99946,210,99985,510,99940,310,100007,210,99938,210,100008,210,99936,210,100024,100,99932,100,100030,100,99927,100,100033,100,99917,100,100052,100,99908,100,100055,100,99874,100,100078,100,99872,100
2019-06-28 09:38:30.000000000,99968,449,99946,249,99985,545,99940,345,100007,245,99938,245,100008,100,99936,100,100024,100,99932,100,100030,100,99927,100,100033,100,99917,100,100052,100,99908,100,100055,100,99874,100,100078,100,99872,100
2019-06-28 09:38:39.450358801,99968,449,99946,249,99985,545,99940,345,100007,245,99938,245,100008,100,99936,100,100024,100,99932,100,100030,100,99927,100,100033,100,99917,100,100052,100,99908,100,100055,100,99874,100,100078,100,99872,100
2019-06-28 09:38:40.000000000,99968,738,99946,538,99985,400,99940,200,100007,100,99938,100,100008,100,99936,100,100024,100,99932,100,100030,100,99927,100,100033,100,99917,100,100052,100,99908,100,100055,100,99874,100,100078,100,99872,100
2019-06-28 09:38:40.661034233,99968,638,99946,538,99985,400,99940,200,100007,100,99938,100,100008,100,99936,100,100024,100,99932,100,100030,100,99927,100,100033,100,99917,100,100052,100,99908,100,100055,100,99874,100,100078,100,99872,100
2019-06-28 09:38:43.288664348,99968,538,99946,538,99985,400,99940,200,100007,100,99938,100,100008,100,99936,100,100024,100,99932,100,100030,100,99927,100,100033,100,99917,100,100055,100,99908,100,100078,100,99874,100,100082,100,99872,100
2019-06-28 09:38:49.636231805,99968,438,99946,538,99985,400,99940,200,100007,100,99938,100,100008,100,99936,100,100024,100,99932,100,100030,100,99927,100,100033,100,99917,100,100055,100,99908,100,100078,100,99874,100,100082,100,99872,100
2019-06-28 09:38:50.000000000,99985,488,99946,188,100007,188,99940,288,100008,188,99938,188,100024,188,99936,188,100030,188,99932,188,100033,100,99927,100,100055,100,99917,100,100078,100,99908,100,100082,100,99874,100,100098,100,99872,100
2019-06-28 09:39:00.000000000,99985,619,99946,319,100007,319,99940,419,100008,100,99938,100,100024,100,99936,100,100030,100,99932,100,100033,100,99927,100,100055,100,99917,100,100078,100,99908,100,100082,100,99874,100,100098,100,99872,100
2019-06-28 09:39:09.018588349,99985,619,99946,319,100007,319,99940,419,100008,100,99938,100,100024,100,99936,100,100030,100,99932,100,100033,100,99927,100,100055,100,99917,100,100078,100,99908,100,100082,100,99874,100,100098,100,99872,100
2019-06-28 09:39:10.000000000,99985,619,99946,319,100007,319,99940,419,100008,100,99938,100,100024,100,99936,100,100030,100,99932,100,100033,100,99927,100,100055,100,99917,100,100078,100,99908,100,100082,100,99874,100,100098,100,99872,100
2019-06-28 09:39:20.000000000,99985,619,99946,319,100007,319,99940,419,100008,100,99938,100,100024,100,99936,100,100030,100,99932,100,100033,100,99927,100,100055,100,99917,100,100078,100,99908,100,100082,100,99874,100,100098,100,99872,100
2019-06-28 09:39:30.000000000,99985,488,99946,188,100007,188,99940,288,100008,188,99938,188,100024,188,99936,188,100030,188,99932,188,100033,100,99927,100,100055,100,99917,100,100078,100,99908,100,100082,100,99874,100,100098,100,99872,100
2019-06-28 09:39:40.000000000,99985,549,99946,249,100007,245,99940,345,100008,245,99938,245,100024,100,99936,100,100030,100,99932,100,100033,100,99927,100,100055,100,99917,100,100078,100,99908,100,100082,100,99874,100,100098,100,99872,100
2019-06-28 09:39:43.709495657,99985,549,99946,249,100007,245,99940,345,100008,245,99938,245,100024,100,99936,100,100030,100,99932,100,100033,100,99927,100,100055,100,99917,100,100078,100,99908,100,100082,100,99874,100,100098,100,99872,100
2019-06-28 09:39:45.139282281,99985,449,99946,249,100007,245,99940,345,100008,245,99938,245,100024,100,99936,100,100030,100,99932,100,100033,100,99927,100,100055,100,99917,100,100078,100,99908,100,100082,100,99874,100,100098,100,99872,100
2019-06-28 09:39:50.000000000,99985,388,99946,188,100007,188,99940,288,100008,188,99938,188,100024,188,99936,188,100030,188,99932,188,100033,100,99927,100,100055,100,99917,100,100078,100,99908,100,100082,100,99874,100,100098,100,99872,100
2019-06-28 09:40:00.000000000,99985,388,99946,188,100007,188,99940,288,100008,188,99938,188,100024,188,99936,188,100030,188,99932,188,100033,100,99927,100,100055,100,99917,100,100078,100,99908,100,100082,100,99874,100,100098,100,99872,100
2019-06-28 09:40:10.000000000,99985,738,99946,538,100007,100,99940,200,100008,100,99938,100,100024,100,99936,100,100030,100,99932,100,100033,100,99927,100,100055,100,99917,100,100078,100,99908,100,100082,100,99874,100,100098,100,99872,100
2019-06-28 09:40:20.000000000,99985,410,99946,210,100007,210,99940,310,100008,210,99938,210,100024,210,99936,210,100030,100,99932,100,100033,100,99927,100,100055,100,99917,100,100078,100,99908,100,100082,100,99874,100,100098,100,99872,100
2019-06-28 09:40:27.504484093,99985,310,99946,210,100007,210,99940,310,100008,210,99938,210,100024,210,99936,210,100030,100,99932,100,100033,100,99917,100,100055,100,99908,100,100078,100,99874,100,100082,100,99872,100,100098,100,99769,100
2019-06-28 09:40:30.000000000,99985,419,99946,319,100007,319,99940,419,100008,100,99938,100,100024,100,99936,100,100030,100,99932,100,100033,100,99917,100,100055,100,99908,100,100078,100,99874,100,100082,100,99872,100,100098,100,99769,100
2019-06-28 09:40:40.000000000,99985,288,99946,188,100007,188,99940,288,100008,188,99938,188,100024,188,99936,188,100030,188,99932,188,100033,100,99917,100,100055,100,99908,100,100078,100,99874,100,100082,100,99872,100,100098,100,99769,100
2019-06-28 09:40:50.000000000,99985,310,99946,210,100007,210,99940,310,100008,210,99938,210,100024,210,99936,210,100030,100,99932,100,100033,100,99917,100,100055,100,99908,100,100078,100,99874,100,100082,100,99872,100,100098,100,99769,100
2019-06-28 09:41:00.000000000,99985,638,99946,538,100007,100,99940,200,100008,100,99938,100,100024,100,99936,100,100030,100,99932,100,100033,100,99917,100,100055,100,99908,100,100078,100,99874,100,100082,100,99872,100,100098,100,99769,100
2019-06-28 09:41:09.390057053,99985,638,99946,438,100007,100,99940,200,100008,100,99938,100,100024,100,99936,100,100030,100,99932,100,100033,100,99917,100,100055,100,99908,100,100078,100,99874,100,100082,100,99872,100,100098,100,99769,100
2019-06-28 09:41:10.000000000,99985,638,99940,638,100007,100,99938,100,100008,100,99936,100,100024,100,99932,100,100030,100,99917,100,100033,100,99908,100,100055,100,99874,100,100078,100,99872,100,100082,100,99769,100,100098,100,99739,100
2019-06-28 09:41:14.319840503,99985,538,99940,638,100007,100,99938,100,100008,100,99936,100,100024,100,99932,100,100030,100,99917,100,100033,100,99908,100,100078,100,99874,100,100082,100,99872,100,100098,100,99769,100,100255,100,99739,100
2019-06-28 09:41:20.000000000,99985,319,99940,419,100007,319,99938,319,100008,100,99936,100,100024,100,99932,100,100030,100,99917,100,100033,100,99908,100,100078,100,99874,100,100082,100,99872,100,100098,100,99769,100,100255,100,99739,100
2019-06-28 09:41:30.000000000,99985,319,99940,419,100007,319,99938,319,100008,100,99936,100,100024,100,99932,100,100030,100,99917,100,100033,100,99908,100,100078,100,99874,100,100082,100,99872,100,100098,100,99769,100,100255,100,99739,100
2019-06-28 09:41:40.000000000,99985,538,99940,638,100007,100,99938,100,100008,100,99936,100,100024,100,99932,100,100030,100,99917,100,100033,100,99908,100,100078,100,99874,100,100082,100,99872,100,100098,100,99769,100,100255,100,99739,100
2019-06-28 09:41:50.000000000,99985,188,99940,288,100007,188,99938,188,100008,188,99936,188,100024,188,99932,188,100030,188,99917,188,100033,100,99908,100,100078,100,99874,100,100082,100,99872,100,100098,100,99769,100,100255,100,99739,100
2019-06-28 09:41:59.040501025,99985,188,99940,288,100007,188,99938,188,100008,188,99936,188,100024,188,99932,188,100030,188,99917,188,100033,100,99908,100,100078,100,99874,100,100082,100,99872,100,100255,100,99867,100,100297,100,99769,100
2019-06-28 09:42:00.000000000,99985,319,99940,419,100007,319,99938,319,100008,100,99936,100,100024,100,99932,100,100030,100,99917,100,100033,100,99908,100,100078,100,99874,100,100082,100,99872,100,100255,100,99867,100,100297,100,99769,100
2019-06-28 09:42:08.568804012,99984,100,99940,419,99985,319,99938,319,100007,319,99936,100,100008,100,99932,100,100024,100,99917,100,100030,100,99908,100,100033,100,99874,100,100078,100,99872,100,100082,100,99867,100,100255,100,99769,100
2019-06-28 09:42:10.000000000,99984,249,99940,349,99985,245,99938,245,100007,245,99936,245,100008,100,99932,100,100024,100,99917,100,100030,100,99908,100,100033,100,99874,100,100078,100,99872,100,100082,100,99867,100,100255,100,99769,100
2019-06-28 09:42:20.000000000,99984,188,99940,288,99985,188,99938,188,100007,188,99936,188,100008,188,99932,188,100024,188,99917,188,100030,100,99908,100,100033,100,99874,100,100078,100,99872,100,100082,100,99867,100,100255,100,99769,100
2019-06-28 09:42:30.000000000,99984,319,99940,419,99985,319,99938,319,100007,100,99936,100,100008,100,99932,100,100024,100,99917,100,100030,100,99908,100,100033,100,99874,100,100078,100,99872,100,100082,100,99867,100,100255,100,99769,100
2019-06-28 09:42:39.925383766,99984,419,99940,419,99985,319,99938,319,100007,100,99936,100,100008,100,99932,100,100024,100,99917,100,100030,100,99908,100,100033,100,99874,100,100078,100,99872,100,100082,100,99867,100,100255,100,99769,100
2019-06-28 09:42:40.000000000,99984,638,99940,638,99985,100,99938,100,100007,100,99936,100,100008,100,99932,100,100024,100,99917,100,100030,100,99908,100,100033,100,99874,100,100078,100,99872,100,100082,100,99867,100,100255,100,99769,100
2019-06-28 09:42:50.000000000,99984,638,99940,638,99985,100,99938,100,100007,100,99936,100,100008,100,99932,100,100024,100,99917,100,100030,100,99908,100,100033,100,99874,100,100078,100,99872,100,100082,100,99867,100,100255,100,99769,100
2019-06-28 09:43:00.000000000,99984,419,99940,419,99985,319,99938,319,100007,100,99936,100,100008,100,99932,100,100024,100,99917,100,100030,100,99908,100,100033,100,99874,100,100078,100,99872,100,100082,100,99867,100,100255,100,99769,100
2019-06-28 09:43:10.000000000,99984,310,99940,310,99985,210,99938,210,100007,210,99936,210,100008,210,99932,210,100024,100,99917,100,100030,100,99908,100,100033,100,99874,100,100078,100,99872,100,100082,100,99867,100,100255,100,99769,100
2019-06-28 09:43:16.331107074,99984,310,99940,310,99985,210,99938,210,100007,210,99936,210,100008,210,99932,210,100024,100,99917,100,100030,100,99908,100,100033,100,99874,100,100078,100,99867,100,100082,100,99769,100,100255,100,99739,100
2019-06-28 09:43:20.000000000,99984,310,99940,310,99985,210,99938,210,100007,210,99936,210,100008,210,99932,210,100024,100,99917,100,100030,100,99908,100,100033,100,99874,100,100078,100,99867,100,100082,100,99769,100,100255,100,99739,100
2019-06-28 09:43:23.881493258,99984,310,99940,310,99985,210,99938,210,100007,210,99936,210,100008,210,99932,210,100024,100,99917,100,100030,100,99908,100,100033,100,99874,100,100078,100,99867,100,100082,100,99769,100,100255,100,99739,100
2019-06-28 09:43:30.000000000,99984,288,99940,288,99985,188,99938,188,100007,188,99936,188,100008,188,99932,188,100024,188,99917,188,100030,100,99908,100,100033,100,99874,100,100078,100,99867,100,100082,100,99769,100,100255,100,99739,100
2019-06-28 09:43:40.000000000,99984,288,99940,288,99985,188,99938,188,100007,188,99936,188,100008,188,99932,188,100024,188,99917,188,100030,100,99908,100,100033,100,99874,100,100078,100,99867,100,100082,100,99769,100,100255,100,99739,100
2019-06-28 09:43:50.000000000,99984,288,99940,288,99985,188,99938,188,100007,188,99936,188,100008,188,99932,188,100024,188,99917,188,100030,100,99908,100,100033,100,99874,100,100078,100,99867,100,100082,100,99769,100,100255,100,99739,100
2019-06-28 09:44:00.000000000,99984,638,99940,638,99985,100,99938,100,100007,100,99936,100,100008,100,99932,100,100024,100,99917,100,100030,100,99908,100,100033,100,99874,100,100078,100,99867,100,100082,100,99769,100,100255,100,99739,100
2019-06-28 09:44:10.000000000,99984,310,99940,310,99985,210,99938,210,100007,210,99936,210,100008,210,99932,210,100024,100,99917,100,100030,100,99908,100,100033,100,99874,100,100078,100,99867,100,100082,100,99769,100,100255,100,99739,100
2019-06-28 09:44:20.000000000,99984,349,99940,349,99985,245,99938,245,100007,245,99936,245,100008,100,99932,100,100024,100,99917,100,100030,100,99908,100,100033,100,99874,100,100078,100,99867,100,100082,100,99769,100,100255,100,99739,100
2019-06-28 09:44:29.378166170,99984,449,99940,349,99985,245,99938,245,100007,245,99936,245,100008,100,99932,100,100024,100,99917,100,100030,100,99908,100,100033,100,99874,100,100078,100,99867,100,100082,100,99769,100,100255,100,99739,100
2019-06-28 09:44:30.000000000,99984,738,99940,638,99985,100,99938,100,100007,100,99936,100,100008,100,99932,100,100024,100,99917,100,100030,100,99908,100,100033,100,99874,100,100078,100,99867,100,100082,100,99769,100,100255,100,99739,100
2019-06-28 09:44:32.314987757,99984,738,99940,538,99985,100,99938,100,100007,100,99936,100,100024,100,99932,100,100030,100,99917,100,100033,100,99908,100,100078,100,99874,100,100082,100,99867,100,100255,100,99769,100,100297,100,99739,100
2019-06-28 09:44:32.686888602,99984,738,99940,438,99985,100,99938,100,100007,100,99936,100,100024,100,99932,100,100030,100,99917,100,100033,100,99908,100,100078,100,99874,100,100082,100,99867,100,100255,100,99769,100,100297,100,99739,100
2019-06-28 09:44:40.000000000,99984,738,99938,538,99985,100,99936,100,100007,100,99932,100,100024,100,99917,100,100030,100,99908,100,100033,100,99874,100,100078,100,99867,100,100082,100,99769,100,100255,100,99739,100,100297,100,99592,100
2019-06-28 09:44:50.000000000,99984,449,99938,249,99985,245,99936,245,100007,245,99932,245,100024,100,99917,100,100030,100,99908,100,100033,100,99874,100,100078,100,99867,100,100082,100,99769,100,100255,100,99739,100,100297,100,99592,100
2019-06-28 09:44:59.827890884,99984,449,99938,249,99985,245,99936,245,100007,245,99932,245,100024,100,99917,100,100030,100,99908,100,100033,100,99874,100,100078,100,99867,100,100082,100,99799,100,100255,100,99769,100,100297,100,99739,100
2019-06-28 09:45:00.000000000,99984,738,99938,538,99985,100,99936,100,100007,100,99932,100,100024,100,99917,100,100030,100,99908,100,100033,100,99874,100,100078,100,99867,100,100082,100,99799,100,100255,100,99769,100,100297,100,99739,100
2019-06-28 09:45:10.000000000,99984,449,99938,249,99985,245,99936,245,100007,245,99932,245,100024,100,99917,100,100030,100,99908,100,100033,100,99874,100,100078,100,99867,100,100082,100,99799,100,100255,100,99769,100,100297,100,99739,100
2019-06-28 09:45:20.000000000,99984,410,99938,210,99985,210,99936,210,100007,210,99932,210,100024,210,99917,210,100030,100,99908,100,100033,100,99874,100,100078,100,99867,100,100082,100,99799,100,100255,100,99769,100,100297,100,99739,100
2019-06-28 09:45:24.952915536,99984,310,99938,210,99985,210,99936,210,100007,210,99932,210,100024,210,99917,210,100030,100,99908,100,100033,100,99874,100,100078,100,99867,100,100082,100,99799,100,100255,100,99769,100,100297,100,99739,100
2019-06-28 09:45:30.000000000,99984,288,99938,188,99985,188,99936,188,100007,188,99932,188,100024,188,99917,188,100030,188,99908,188,100033,100,99874,100,100078,100,99867,100,100082,100,99799,100,100255,100,99769,100,100297,100,99739,100
2019-06-28 09:45:40.000000000,99984,349,99938,249,99985,245,99936,245,100007,245,99932,245,100024,100,99917,100,100030,100,99908,100,100033,100,99874,100,100078,100,99867,100,100082,100,99799,100,100255,100,99769,100,100297,100,99739,100
2019-06-28 09:45:47.138595381,99940,100,99938,249,99984,349,99936,245,99985,245,99932,245,100007,245,99917,100,100024,100,99908,100,100030,100,99874,100,100033,100,99867,100,100078,100,99799,100,100082,100,99769,100,100255,100,99739,100
2019-06-28 09:45:50.000000000,99940,319,99938,319,99984,419,99936,319,99985,100,99932,100,100007,100,99917,100,100024,100,99908,100,100030,100,99874,100,100033,100,99867,100,100078,100,99799,100,100082,100,99769,100,100255,100,99739,100
2019-06-28 09:46:00.000000000,99940,188,99938,188,99984,288,99936,188,99985,188,99932,188,100007,188,99917,188,100024,188,99908,188,100030,100,99874,100,100033,100,99867,100,100078,100,99799,100,100082,100,99769,100,100255,100,99739,100
2019-06-28 09:46:10.000000000,99940,249,99938,249,99984,345,99936,245,99985,245,99932,245,100007,100,99917,100,100024,100,99908,100,100030,100,99874,100,100033,100,99867,100,100078,100,99799,100,100082,100,99769,100,100255,100,99739,100
2019-06-28 09:46:15.653910774,99940,249,99938,149,99984,345,99936,245,99985,245,99932,245,100007,100,99917,100,100024,100,99908,100,100030,100,99874,100,100033,100,99867,100,100078,100,99799,100,100082,100,99769,100,100255,100,99739,100
2019-06-28 09:46:20.000000000,99940,210,99936,210,99984,310,99932,210,99985,210,99917,210,100007,210,99908,210,100024,100,99874,100,100030,100,99867,100,100033,100,99799,100,100078,100,99769,100,100082,100,99739,100,100255,100,99592,100
2019-06-28 09:46:23.140246597,99940,210,99936,210,99984,210,99932,210,99985,210,99917,210,100007,210,99908,210,100024,100,99874,100,100030,100,99867,100,100033,100,99799,100,100078,100,99769,100,100082,100,99739,100,100255,100,99592,100
2019-06-28 09:46:30.000000000,99940,210,99936,210,99984,210,99932,210,99985,210,99917,210,100007,210,99908,210,100024,100,99874,100,100030,100,99867,100,100033,100,99799,100,100078,100,99769,100,100082,100,99739,100,100255,100,99592,100
2019-06-28 09:46:40.000000000,99940,319,99936,319,99984,319,99932,319,99985,100,99917,100,100007,100,99908,100,100024,100,99874,100,100030,100,99867,100,100033,100,99799,100,100078,100,99769,100,100082,100,99739,100,100255,100,99592,100
2019-06-28 09:46:50.000000000,99940,319,99936,319,99984,319,99932,319,99985,100,99917,100,100007,100,99908,100,100024,100,99874,100,100030,100,99867,100,100033,100,99799,100,100078,100,99769,100,100082,100,99739,100,100255,100,99592,100
2019-06-28 09:46:53.148995058,99940,219,99936,319,99984,319,99932,319,99985,100,99917,100,100007,100,99908,100,100024,100,99874,100,100030,100,99867,100,100033,100,99799,100,100078,100,99769,100,100082,100,99739,100,100255,100,99592,100
2019-06-28 09:46:59.963335638,99940,119,99936,319,99984,319,99932,319,99985,100,99917,100,100007,100,99908,100,100024,100,99874,100,100030,100,99867,100,100033,100,99799,100,100078,100,99769,100,100082,100,99739,100,100255,100,99592,100
2019-06-28 09:47:00.000000000,99984,188,99936,188,99985,188,99932,188,100007,188,99917,188,100024,188,99908,188,100030,188,99874,188,100033,100,99867,100,100078,100,99799,100,100082,100,99769,100,100255,100,99739,100,100297,100,99592,100
2019-06-28 09:47:10.000000000,99984,188,99936,188,99985,188,99932,188,100007,188,99917,188,100024,188,99908,188,100030,188,99874,188,100033,100,99867,100,100078,100,99799,100,100082,100,99769,100,100255,100,99739,100,100297,100,99592,100
2019-06-28 09:47:19.583613771,99984,188,99936,88,99985,188,99932,188,100007,188,99917,188,100024,188,99908,188,100030,188,99874,188,100033,100,99867,100,100078,100,99799,100,100082,100,99769,100,100255,100,99739,100,100297,100,99592,100
2019-06-28 09:47:20.000000000,99984,538,99932,538,99985,100,99917,100,100007,100,99908,100,100024,100,99874,100,100030,100,99867,100,100033,100,99799,100,100078,100,99769,100,100082,100,99739,100,100255,100,99592,100,100297,100,99501,100
2019-06-28 09:47:30.000000000,99984,188,99932,188,99985,188,99917,188,100007,188,99908,188,100024,188,99874,188,100030,188,99867,188,100033,100,99799,100,100078,100,99769,100,100082,100,99739,100,100255,100,99592,100,100297,100,99501,100
2019-06-28 09:47:40.000000000,99984,210,99932,210,99985,210,99917,210,100007,210,99908,210,100024,210,99874,210,100030,100,99867,100,100033,100,99799,100,100078,100,99769,100,100082,100,99739,100,100255,100,99592,100,100297,100,99501,100
2019-06-28 09:47:50.000000000,99984,319,99932,319,99985,319,99917,319,100007,100,99908,100,100024,100,99874,100,100030,100,99867,100,100033,100,99799,100,100078,100,99769,100,100082,100,99739,100,100255,100,99592,100,100297,100,99501,100
2019-06-28 09:48:00.000000000,99984,188,99932,188,99985,188,99917,188,100007,188,99908,188,100024,188,99874,188,100030,188,99867,188,100033,100,99799,100,100078,100,99769,100,100082,100,99739,100,100255,100,99592,100,100297,100,99501,100
2019-06-28 09:48:10.000000000,99984,538,99932,538,99985,100,99917,100,100007,100,99908,100,100024,100,99874,100,100030,100,99867,100,100033,100,99799,100,100078,100,99769,100,100082,100,99739,100,100255,100,99592,100,100297,100,99501,100
2019-06-28 09:48:20.000000000,99984,538,99932,538,99985,100,99917,100,100007,100,99908,100,100024,100,99874,100,100030,100,99867,100,100033,100,99799,100,100078,100,99769,100,100082,100,99739,100,100255,100,99592,100,100297,100,99501,100
2019-06-28 09:48:30.000000000,99984,538,99932,538,99985,100,99917,100,100007,100,99908,100,100024,100,99874,100,100030,100,99867,100,100033,100,99799,100,100078,100,99769,100,100082,100,99739,100,100255,100,99592,100,100297,100,99501,100
2019-06-28 09:48:32.053554434,99984,538,99932,538,99985,100,99917,100,100007,100,99908,100,100024,100,99867,100,100030,100,99799,100,100033,100,99769,100,100078,100,99739,100,100082,100,99592,100,100255,100,99501,100,100297,100,99468,100
2019-06-28 09:48:35.647660298,99984,438,99932,438,99985,100,99917,100,100007,100,99908,100,100024,100,99867,100,100030,100,99799,100,100033,100,99769,100,100078,100,99739,100,100082,100,99592,100,100255,100,99501,100,100297,100,99468,100
2019-06-28 09:48:40.000000000,99985,249,99917,249,100007,245,99908,245,100024,245,99867,245,100030,100,99799,100,100033,100,99769,100,100078,100,99739,100,100082,100,99592,100,100255,100,99501,100,100297,100,99468,100,100399,100,99399,100
2019-06-28 09:48:50.000000000,99985,538,99917,538,100007,100,99908,100,100024,100,99867,100,100030,100,99799,100,100033,100,99769,100,100078,100,99739,100,100082,100,99592,100,100255,100,99501,100,100297,100,99468,100,100399,100,99399,100
2019-06-28 09:49:00.000000000,99985,319,99917,319,100007,319,99908,319,100024,100,99867,100,100030,100,99799,100,100033,100,99769,100,100078,100,99739,100,100082,100,99592,100,100255,100,99501,100,100297,100,99468,100,100399,100,99399,100
2019-06-28 09:49:10.000000000,99985,188,99917,188,100007,188,99908,188,100024,188,99867,188,100030,188,99799,188,100033,188,99769,188,100078,100,99739,100,100082,100,99592,100,100255,100,99501,100,100297,100,99468,100,100399,100,99399,100
2019-06-28 09:49:20.000000000,99985,319,99917,319,100007,319,99908,319,100024,100,99867,100,100030,100,99799,100,100033,100,99769,100,100078,100,99739,100,100082,100,99592,100,100255,100,99501,100,100297,100,99468,100,100399,100,99399,100
2019-06-28 09:49:25.044105734,99985,319,99937,100,100007,319,99917,319,100024,100,99908,319,100030,100,99867,100,100033,100,99799,100,100078,100,99769,100,100082,100,99739,100,100255,100,99592,100,100297,100,99501,100,100399,100,99468,100
2019-06-28 09:49:30.000000000,99985,249,99937,249,100007,245,99917,245,100024,245,99908,245,100030,100,99867,100,100033,100,99799,100,100078,100,99769,100,100082,100,99739,100,100255,100,99592,100,100297,100,99501,100,100399,100,99468,100
2019-06-28 09:49:40.000000000,99985,319,99937,319,100007,319,99917,319,100024,100,99908,100,100030,100,99867,100,100033,100,99799,100,100078,100,99769,100,100082,100,99739,100,100255,100,99592,100,100297,100,99501,100,100399,100,99468,100
2019-06-28 09:49:50.000000000,99985,538,99937,538,100007,100,99917,100,100024,100,99908,100,100030,100,99867,100,100033,100,99799,100,100078,100,99769,100,100082,100,99739,100,100255,100,99592,100,100297,100,99501,100,100399,100,99468,100
2019-06-28 09:50:00.000000000,99985,210,99937,210,100007,210,99917,210,100024,210,99908,210,100030,210,99867,210,100033,100,99799,100,100078,100,99769,100,100082,100,99739,100,100255,100,99592,100,100297,100,99501,100,100399,100,99468,100
2019-06-28 09:50:10.000000000,99985,249,99937,249,100007,245,99917,245,100024,245,99908,245,100030,100,99867,100,100033,100,99799,100,100078,100,99769,100,100082,100,99739,100,100255,100,99592,100,100297,100,99501,100,100399,100,99468,100
2019-06-28 09:50:12.757013912,99985,149,99937,249,100007,245,99917,245,100024,245,99908,245,100030,100,99867,100,100033,100,99799,100,100078,100,99769,100,100082,100,99739,100,100255,100,99592,100,100297,100,99501,100,100399,100,99468,100
2019-06-28 09:50:17.310299931,99985,49,99937,249,100007,245,99917,245,100024,245,99908,245,100030,100,99867,100,100033,100,99799,100,100078,100,99769,100,100082,100,99739,100,100255,100,99501,100,100297,100,99468,100,100399,100,99399,100
2019-06-28 09:50:20.000000000,100007,188,99937,188,100024,188,99917,188,100030,188,99908,188,100033,188,99867,188,100078,188,99799,188,100082,100,99769,100,100255,100,99739,100,100297,100,99501,100,100399,100,99468,100,100737,100,99399,100
2019-06-28 09:50:25.977115406,100007,88,99937,188,100024,188,99917,188,100030,188,99908,188,100033,188,99867,188,100078,188,99799,188,100082,100,99769,100,100255,100,99739,100,100297,100,99501,100,100399,100,99468,100,100737,100,99399,100
2019-06-28 09:50:30.000000000,100024,319,99937,319,100030,319,99917,319,100033,100,99908,100,100078,100,99867,100,100082,100,99799,100,100255,100,99769,100,100297,100,99739,100,100399,100,99501,100,100737,100,99468,100,100806,100,99399,100
2019-06-28 09:50:38.411084080,100024,319,99985,100,100030,319,99937,319,100033,100,99917,319,100078,100,99908,100,100082,100,99867,100,100255,100,99799,100,100297,100,99769,100,100399,100,99739,100,100737,100,99501,100,100806,100,99468,100
2019-06-28 09:50:40.000000000,100024,249,99985,249,100030,245,99937,245,100033,245,99917,245,100078,100,99908,100,100082,100,99867,100,100255,100,99799,100,100297,100,99769,100,100399,100,99739,100,100737,100,99501,100,100806,100,99468,100
2019-06-28 09:50:50.000000000,100024,249,99985,249,100030,245,99937,245,100033,245,99917,245,100078,100,99908,100,100082,100,99867,100,100255,100,99799,100,100297,100,99769,100,100399,100,99739,100,100737,100,99501,100,100806,100,99468,100
2019-06-28 09:50:53.381692990,100024,249,99985,349,100030,245,99937,245,100033,245,99917,245,100078,100,99908,100,100082,100,99867,100,100255,100,99799,100,100297,100,99769,100,100399,100,99739,100,100737,100,99501,100,100806,100,99468,100
2019-06-28 09:51:00.000000000,100024,249,99985,349,100030,245,99937,245,100033,245,99917,245,100078,100,99908,100,100082,100,99867,100,100255,100,99799,100,100297,100,99769,100,100399,100,99739,100,100737,100,99501,100,100806,100,99468,100
2019-06-28 09:51:08.000455920,100024,249,99985,449,100030,245,99937,245,100033,245,99917,245,100078,100,99908,100,100082,100,99867,100,100255,100,99799,100,100297,100,99769,100,100399,100,99739,100,100737,100,99501,100,100806,100,99468,100
2019-06-28 09:51:10.000000000,100024,188,99985,388,100030,188,99937,188,100033,188,99917,188,100078,188,99908,188,100082,188,99867,188,100255,100,99799,100,100297,100,99769,100,100399,100,99739,100,100737,100,99501,100,100806,100,99468,100
2019-06-28 09:51:20.000000000,100024,249,99985,449,100030,245,99937,245,100033,245,99917,245,100078,100,99908,100,100082,100,99867,100,100255,100,99799,100,100297,100,99769,100,100399,100,99739,100,100737,100,99501,100,100806,100,99468,100
2019-06-28 09:51:29.108693632,100024,249,99985,449,100030,245,99937,245,100033,245,99917,245,100078,100,99908,100,100082,100,99867,100,100174,100,99769,100,100255,100,99739,100,100297,100,99501,100,100399,100,99468,100,100737,100,99399,100
2019-06-28 09:51:30.000000000,100024,188,99985,388,100030,188,99937,188,100033,188,99917,188,100078,188,99908,188,100082,188,99867,188,100174,100,99769,100,100255,100,99739,100,100297,100,99501,100,100399,100,99468,100,100737,100,99399,100
2019-06-28 09:51:36.683202168,100024,188,99985,388,100030,188,99937,188,100033,188,99917,188,100078,188,99908,188,100082,88,99867,188,100162,100,99769,100,100174,100,99739,100,100255,100,99501,100,100297,100,99468,100,100399,100,99399,100
2019-06-28 09:51:40.000000000,100024,188,99985,388,100030,188,99937,188,100033,188,99917,188,100078,188,99908,188,100162,188,99867,188,100174,100,99769,100,100255,100,99739,100,100297,100,99501,100,100399,100,99468,100,100737,100,99399,100
2019-06-28 09:51:50.000000000,100024,538,99985,738,100030,100,99937,100,100033,100,99917,100,100078,100,99908,100,100162,100,99867,100,100174,100,99769,100,100255,100,99739,100,100297,100,99501,100,100399,100,99468,100,100737,100,99399,100
2019-06-28 09:51:55.671654602,100001,100,99985,738,100024,538,99937,100,100030,100,99917,100,100033,100,99908,100,100078,100,99867,100,100174,100,99769,100,100255,100,99739,100,100297,100,99501,100,100399,100,99468,100,100737,100,99399,100
2019-06-28 09:52:00.000000000,100001,538,99985,738,100024,100,99937,100,100030,100,99917,100,100033,100,99908,100,100078,100,99867,100,100174,100,99769,100,100255,100,99739,100,100297,100,99501,100,100399,100,99468,100,100737,100,99399,100
2019-06-28 09:52:03.731186055,100001,438,99985,738,100024,100,99937,100,100030,100,99917,100,100033,100,99908,100,100078,100,99867,100,100174,100,99769,100,100255,100,99739,100,100297,100,99501,100,100399,100,99468,100,100806,100,99399,100
2019-06-28 09:52:10.000000000,100024,210,99985,410,100030,210,99937,210,100033,210,99917,210,100078,210,99908,210,100174,100,99867,100,100255,100,99769,100,100297,100,99739,100,100399,100,99501,100,100806,100,99468,100,,,99399,100
2019-06-28 09:52:20.000000000,100024,188,99985,388,100030,188,99937,188,100033,188,99917,188,100078,188,99908,188,100174,188,99867,188,100255,100,99769,100,100297,100,99739,100,100399,100,99501,100,100806,100,99468,100,,,99399,100
2019-06-28 09:52:28.658539399,100024,188,99985,388,100030,188,99937,188,100033,188,99917,188,100078,188,99908,188,100115,100,99867,188,100174,188,99769,100,100255,100,99739,100,100297,100,99501,100,100399,100,99468,100,100806,100,99155,100
2019-06-28 09:52:30.000000000,100024,249,99985,449,100030,245,99937,245,100033,245,99917,245,100078,100,99908,100,100115,100,99867,100,100174,100,99769,100,100255,100,99739,100,100297,100,99501,100,100399,100,99468,100,100806,100,99155,100
2019-06-28 09:52:40.000000000,100024,538,99985,738,100030,100,99937,100,100033,100,99917,100,100078,100,99908,100,100115,100,99867,100,100174,100,99769,100,100255,100,99739,100,100297,100,99501,100,100399,100,99468,100,100806,100,99155,100
2019-06-28 09:52:49.723856108,100024,538,99985,738,100030,100,99937,100,100033,100,99917,100,100078,100,99908,100,100115,100,99867,100,100174,100,99769,100,100255,100,99739,100,100297,100,99627,100,100399,100,99501,100,100806,100,99468,100
2019-06-28 09:52:50.000000000,100024,538,99985,738,100030,100,99937,100,100033,100,99917,100,100078,100,99908,100,100115,100,99867,100,100174,100,99769,100,100255,100,99739,100,100297,100,99627,100,100399,100,99501,100,100806,100,99468,100
2019-06-28 09:52:51.791341427,100024,538,99985,738,100030,100,99937,100,100033,100,99917,100,100078,100,99908,100,100115,100,99867,100,100174,100,99769,100,100255,100,99749,100,100297,100,99739,100,100399,100,99627,100,100806,100,99501,100
2019-06-28 09:53:00.000000000,100024,538,99985,738,100030,100,99937,100,100033,100,99917,100,100078,100,99908,100,100115,100,99867,100,100174,100,99769,100,100255,100,99749,100,100297,100,99739,100,100399,100,99627,100,100806,100,99501,100
2019-06-28 09:53:08.762980497,100000,100,99985,638,100024,538,99937,100,100030,100,99917,100,100033,100,99908,100,100078,100,99867,100,100115,100,99769,100,100174,100,99749,100,100255,100,99739,100,100297,100,99627,100,100399,100,99501,100
2019-06-28 09:53:10.000000000,100000,249,99985,349,100024,245,99937,245,100030,245,99917,245,100033,100,99908,100,100078,100,99867,100,100115,100,99769,100,100174,100,99749,100,100255,100,99739,100,100297,100,99627,100,100399,100,99501,100
2019-06-28 09:53:20.000000000,100000,538,99985,638,100024,100,99937,100,100030,100,99917,100,100033,100,99908,100,100078,100,99867,100,100115,100,99769,100,100174,100,99749,100,100255,100,99739,100,100297,100,99627,100,100399,100,99501,100
2019-06-28 09:53:25.303950161,100000,538,99985,638,100024,100,99937,100,100030,100,99917,100,100033,100,99908,100,100078,100,99867,100,100115,100,99769,100,100174,100,99749,100,100255,100,99739,100,100297,100,99627,100,100399,100,99501,100
2019-06-28 09:53:30.000000000,100000,538,99985,638,100024,100,99937,100,100030,100,99917,100,100033,100,99908,100,100078,100,99867,100,100115,100,99769,100,100174,100,99749,100,100255,100,99739,100,100297,100,99627,100,100399,100,99501,100
2019-06-28 09:53:40.000000000,100000,188,99985,288,100024,188,99937,188,100030,188,99917,188,100033,188,99908,188,100078,188,99867,188,100115,100,99769,100,100174,100,99749,100,100255,100,99739,100,100297,100,99627,100,100399,100,99501,100
2019-06-28 09:53:50.000000000,100000,538,99985,638,100024,100,99937,100,100030,100,99917,100,100033,100,99908,100,100078,100,99867,100,100115,100,99769,100,100174,100,99749,100,100255,100,99739,100,100297,100,99627,100,100399,100,99501,100
2019-06-28 09:53:50.200085264,100000,638,99985,638,100024,100,99937,100,100030,100,99917,100,100033,100,99908,100,100078,100,99867,100,100115,100,99769,100,100174,100,99749,100,100255,100,99739,100,100297,100,99627,100,100399,100,99501,100
2019-06-28 09:54:00.000000000,100000,310,99985,310,100024,210,99937,210,100030,210,99917,210,100033,210,99908,210,100078,100,99867,100,100115,100,99769,100,100174,100,99749,100,100255,100,99739,100,100297,100,99627,100,100399,100,99501,100
2019-06-28 09:54:09.757153045,100000,310,99985,210,100024,210,99937,210,100030,210,99917,210,100033,210,99908,210,100078,100,99867,100,100115,100,99769,100,100174,100,99749,100,100255,100,99739,100,100297,100,99627,100,100399,100,99501,100
2019-06-28 09:54:10.000000000,100000,349,99985,249,100024,245,99937,245,100030,245,99917,245,100033,100,99908,100,100078,100,99867,100,100115,100,99769,100,100174,100,99749,100,100255,100,99739,100,100297,100,99627,100,100399,100,99501,100
2019-06-28 09:54:18.851709185,100000,249,99985,249,100024,245,99937,245,100030,245,99917,245,100033,100,99908,100,100078,100,99867,100,100115,100,99769,100,100174,100,99749,100,100255,100,99739,100,100297,100,99627,100,100399,100,99501,100
2019-06-28 09:54:20.000000000,100000,210,99985,210,100024,210,99937,210,100030,210,99917,210,100033,210,99908,210,100078,100,99867,100,100115,100,99769,100,100174,100,99749,100,100255,100,99739,100,100297,100,99627,100,100399,100,99501,100
2019-06-28 09:54:21.282121903,99999,100,99985,210,100000,210,99937,210,100024,210,99917,210,100030,210,99908,210,100033,210,99867,100,100078,100,99769,100,100115,100,99749,100,100174,100,99739,100,100255,100,99627,100,100297,100,99501,100
2019-06-28 09:54:29.024699913,99999,100,99985,110,100000,210,99937,210,100024,210,99917,210,100030,210,99908,210,100033,210,99867,100,100078,100,99769,100,100115,100,99749,100,100174,100,99739,100,100255,100,99627,100,100297,100,99501,100
2019-06-28 09:54:30.000000000,99999,249,99937,249,100000,245,99917,245,100024,245,99908,245,100030,100,99867,100,100033,100,99769,100,100078,100,99749,100,100115,100,99739,100,100174,100,99627,100,100255,100,99501,100,100297,100,99484,100
2019-06-28 09:54:40.000000000,99999,249,99937,249,100000,245,99917,245,100024,245,99908,245,100030,100,99867,100,100033,100,99769,100,100078,100,99749,100,100115,100,99739,100,100174,100,99627,100,100255,100,99501,100,100297,100,99484,100
2019-06-28 09:54:48.787545149,99999,249,99937,249,100000,245,99917,245,100024,245,99908,245,100030,100,99867,100,100033,100,99769,100,100035,100,99749,100,100078,100,99739,100,100115,100,99627,100,100174,100,99501,100,100255,100,99484,100
2019-06-28 09:54:50.000000000,99999,249,99937,249,100000,245,99917,245,100024,245,99908,245,100030,100,99867,100,100033,100,99769,100,100035,100,99749,100,100078,100,99739,100,100115,100,99627,100,100174,100,99501,100,100255,100,99484,100
2019-06-28 09:55:00.000000000,99999,538,99937,538,100000,100,99917,100,100024,100,99908,100,100030,100,99867,100,100033,100,99769,100,100035,100,99749,100,100078,100,99739,100,100115,100,99627,100,100174,100,99501,100,100255,100,99484,100
2019-06-28 09:55:10.000000000,99999,249,99937,249,100000,245,99917,245,100024,245,99908,245,100030,100,99867,100,100033,100,99769,100,100035,100,99749,100,100078,100,99739,100,100115,100,99627,100,100174,100,99501,100,100255,100,99484,100
2019-06-28 09:55:20.000000000,99999,210,99937,210,100000,210,99917,210,100024,210,99908,210,100030,210,99867,210,100033,100,99769,100,100035,100,99749,100,100078,100,99739,100,100115,100,99627,100,100174,100,99501,100,100255,100,99484,100
2019-06-28 09:55:30.000000000,99999,319,99937,319,100000,319,99917,319,100024,100,99908,100,100030,100,99867,100,100033,100,99769,100,100035,100,99749,100,100078,100,99739,100,100115,100,99627,100,100174,100,99501,100,100255,100,99484,100
2019-06-28 09:55:36.650154790,99999,319,99986,100,100000,319,99937,319,100024,100,99917,319,100030,100,99908,100,100033,100,99867,100,100035,100,99769,100,100078,100,99749,100,100115,100,99739,100,100174,100,99627,100,100255,100,99501,100
2019-06-28 09:55:40.000000000,99999,188,99986,188,100000,188,99937,188,100024,188,99917,188,100030,188,99908,188,100033,188,99867,188,100035,100,99769,100,100078,100,99749,100,100115,100,99739,100,100174,100,99627,100,100255,100,99501,100
2019-06-28 09:55:50.000000000,99999,249,99986,249,100000,245,99937,245,100024,245,99917,245,100030,100,99908,100,100033,100,99867,100,100035,100,99769,100,100078,100,99749,100,100115,100,99739,100,100174,100,99627,100,100255,100,99501,100
2019-06-28 09:55:53.470269272,99999,149,99986,249,100000,245,99937,245,100024,245,99917,245,100030,100,99908,100,100033,100,99867,100,100035,100,99769,100,100078,100,99749,100,100174,100,99739,100,100255,100,99627,100,100297,100,99501,100
2019-06-28 09:56:00.000000000,100000,249,99986,249,100024,245,99937,245,100030,245,99917,245,100033,100,99908,100,100035,100,99867,100,100078,100,99769,100,100174,100,99749,100,100255,100,99739,100,100297,100,99627,100,100399,100,99501,100
2019-06-28 09:56:06.574760439,100000,249,99987,100,100024,245,99986,249,100030,245,99937,245,100033,100,99917,245,100035,100,99908,100,100078,100,99867,100,100174,100,99769,100,100255,100,99749,100,100297,100,99739,100,100399,100,99627,100
2019-06-28 09:56:10.000000000,100000,249,99987,249,100024,245,99986,245,100030,245,99937,245,100033,100,99917,100,100035,100,99908,100,100078,100,99867,100,100174,100,99769,100,100255,100,99749,100,100297,100,99739,100,100399,100,99627,100
2019-06-28 09:56:17.117271363,100000,249,99987,349,100024,245,99986,245,100030,245,99937,245,100033,100,99917,100,100035,100,99908,100,100078,100,99867,100,100174,100,99769,100,100255,100,99749,100,100297,100,99739,100,100399,100,99627,100
2019-06-28 09:56:20.000000000,100000,210,99987,310,100024,210,99986,210,100030,210,99937,210,100033,210,99917,210,100035,100,99908,100,100078,100,99867,100,100174,100,99769,100,100255,100,99749,100,100297,100,99739,100,100399,100,99627,100
2019-06-28 09:56:30.000000000,100000,188,99987,288,100024,188,99986,188,100030,188,99937,188,100033,188,99917,188,100035,188,99908,188,100078,100,99867,100,100174,100,99769,100,100255,100,99749,100,100297,100,99739,100,100399,100,99627,100
2019-06-28 09:56:36.287919983,100000,188,99987,288,100024,188,99986,188,100030,188,99937,188,100033,188,99917,188,100035,188,99908,188,100078,100,99867,100,100174,100,99769,100,100255,100,99749,100,100297,100,99739,100,100338,100,99627,100
2019-06-28 09:56:37.255458446,100000,188,99987,288,100024,188,99986,188,100030,188,99937,188,100033,188,99917,188,100035,188,99908,188,100078,100,99867,100,100174,100,99749,100,100255,100,99739,100,100297,100,99627,100,100298,100,99501,100
2019-06-28 09:56:40.000000000,100000,210,99987,310,100024,210,99986,210,100030,210,99937,210,100033,210,99917,210,100035,100,99908,100,100078,100,99867,100,100174,100,99749,100,100255,100,99739,100,100297,100,99627,100,100298,100,99501,100
2019-06-28 09:56:50.000000000,100000,210,99987,310,100024,210,99986,210,100030,210,99937,210,100033,210,99917,210,100035,100,99908,100,100078,100,99867,100,100174,100,99749,100,100255,100,99739,100,100297,100,99627,100,100298,100,99501,100
2019-06-28 09:57:00.000000000,100000,188,99987,288,100024,188,99986,188,100030,188,99937,188,100033,188,99917,188,100035,188,99908,188,100078,100,99867,100,100174,100,99749,100,100255,100,99739,100,100297,100,99627,100,100298,100,99501,100
2019-06-28 09:57:10.000000000,100000,210,99987,310,100024,210,99986,210,100030,210,99937,210,100033,210,99917,210,100035,100,99908,100,100078,100,99867,100,100174,100,99749,100,100255,100,99739,100,100297,100,99627,100,100298,100,99501,100
2019-06-28 09:57:12.476701423,100000,110,99987,310,100024,210,99986,210,100030,210,99937,210,100033,210,99917,210,100035,100,99908,100,100078,100,99867,100,100174,100,99749,100,100255,100,99739,100,100297,100,99627,100,100298,100,99501,100
2019-06-28 09:57:19.715920633,100000,110,99987,310,100024,210,99986,210,100030,210,99937,210,100033,210,99917,210,100035,100,99908,100,100078,100,99867,100,100174,100,99749,100,100297,100,99739,100,100298,100,99627,100,100338,100,99501,100
2019-06-28 09:57:20.000000000,100024,249,99987,349,100030,245,99986,245,100033,245,99937,245,100035,100,99917,100,100078,100,99908,100,100174,100,99867,100,100297,100,99749,100,100298,100,99739,100,100338,100,99627,100,100399,100,99501,100
2019-06-28 09:57:30.000000000,100024,188,99987,288,100030,188,99986,188,100033,188,99937,188,100035,188,99917,188,100078,188,99908,188,100174,100,99867,100,100297,100,99749,100,100298,100,99739,100,100338,100,99627,100,100399,100,99501,100
2019-06-28 09:57:40.000000000,100024,249,99987,349,100030,245,99986,245,100033,245,99937,245,100035,100,99917,100,100078,100,99908,100,100174,100,99867,100,100297,100,99749,100,100298,100,99739,100,100338,100,99627,100,100399,100,99501,100
2019-06-28 09:57:49.916581262,100024,249,99987,349,100030,245,99986,245,100033,245,99937,245,100035,100,99917,100,100078,100,99908,100,100174,100,99867,100,100297,100,99749,100,100298,100,99739,100,100338,100,99627,100,100399,100,99501,100
2019-06-28 09:57:50.000000000,100024,249,99987,349,100030,245,99986,245,100033,245,99937,245,100035,100,99917,100,100078,100,99908,100,100174,100,99867,100,100297,100,99749,100,100298,100,99739,100,100338,100,99627,100,100399,100,99501,100
2019-06-28 09:57:53.044372506,100024,249,99987,349,100030,245,99986,245,100033,245,99937,245,100035,100,99917,100,100078,100,99908,100,100174,100,99867,100,100297,100,99749,100,100298,100,99739,100,100338,100,99627,100,100399,100,99501,100
2019-06-28 09:58:00.000000000,100024,188,99987,288,100030,188,99986,188,100033,188,99937,188,100035,188,99917,188,100078,188,99908,188,100174,100,99867,100,100297,100,99749,100,100298,100,99739,100,100338,100,99627,100,100399,100,99501,100
2019-06-28 09:58:03.132641220,100024,88,99987,288,100030,188,99986,188,100033,188,99937,188,100035,188,99917,188,100078,188,99908,188,100174,100,99867,100,100297,100,99749,100,100298,100,99739,100,100338,100,99627,100,100399,100,99501,100
2019-06-28 09:58:06.987454940,100024,88,99987,288,100030,188,99986,88,100033,188,99937,188,100035,188,99917,188,100078,188,99908,188,100174,100,99867,100,100297,100,99749,100,100298,100,99739,100,100338,100,99627,100,100399,100,99501,100
2019-06-28 09:58:10.000000000,100030,319,99987,419,100033,319,99937,319,100035,100,99917,100,100078,100,99908,100,100174,100,99867,100,100297,100,99749,100,100298,100,99739,100,100338,100,99627,100,100399,100,99501,100,100806,100,99484,100
2019-06-28 09:58:20.000000000,100030,319,99987,419,100033,319,99937,319,100035,100,99917,100,100078,100,99908,100,100174,100,99867,100,100297,100,99749,100,100298,100,99739,100,100338,100,99627,100,100399,100,99501,100,100806,100,99484,100
2019-06-28 09:58:30.000000000,100030,210,99987,310,100033,210,99937,210,100035,210,99917,210,100078,210,99908,210,100174,100,99867,100,100297,100,99749,100,100298,100,99739,100,100338,100,99627,100,100399,100,99501,100,100806,100,99484,100
2019-06-28 09:58:40.000000000,100030,249,99987,349,100033,245,99937,245,100035,245,99917,245,100078,100,99908,100,100174,100,99867,100,100297,100,99749,100,100298,100,99739,100,100338,100,99627,100,100399,100,99501,100,100806,100,99484,100
2019-06-28 09:58:50.000000000,100030,319,99987,419,100033,319,99937,319,100035,100,99917,100,100078,100,99908,100,100174,100,99867,100,100297,100,99749,100,100298,100,99739,100,100338,100,99627,100,100399,100,99501,100,100806,100,99484,100
2019-06-28 09:58:50.285386381,100030,319,100000,100,100033,319,99987,419,100035,100,99937,319,100078,100,99917,100,100174,100,99908,100,100297,100,99867,100,100298,100,99749,100,100338,100,99739,100,100399,100,99627,100,100806,100,99501,100
2019-06-28 09:58:56.722321799,100030,319,100000,100,100033,319,99987,419,100035,100,99937,319,100078,100,99917,100,100174,100,99908,100,100297,100,99867,100,100298,100,99749,100,100338,100,99739,100,100399,100,99627,100,100802,100,99501,100
2019-06-28 09:59:00.000000000,100030,319,100000,319,100033,319,99987,419,100035,100,99937,100,100078,100,99917,100,100174,100,99908,100,100297,100,99867,100,100298,100,99749,100,100338,100,99739,100,100399,100,99627,100,100802,100,99501,100
2019-06-28 09:59:10.000000000,100030,210,100000,210,100033,210,99987,310,100035,210,99937,210,100078,210,99917,210,100174,100,99908,100,100297,100,99867,100,100298,100,99749,100,100338,100,99739,100,100399,100,99627,100,100802,100,99501,100
2019-06-28 09:59:20.000000000,100030,210,100000,210,100033,210,99987,310,100035,210,99937,210,100078,210,99917,210,100174,100,99908,100,100297,100,99867,100,100298,100,99749,100,100338,100,99739,100,100399,100,99627,100,100802,100,99501,100
2019-06-28 09:59:30.000000000,100030,210,100000,210,100033,210,99987,310,100035,210,99937,210,100078,210,99917,210,100174,100,99908,100,100297,100,99867,100,100298,100,99749,100,100338,100,99739,100,100399,100,99627,100,100802,100,99501,100
2019-06-28 09:59:40.000000000,100030,319,100000,319,100033,319,99987,419,100035,100,99937,100,100078,100,99917,100,100174,100,99908,100,100297,100,99867,100,100298,100,99749,100,100338,100,99739,100,100399,100,99627,100,100802,100,99501,100
2019-06-28 09:59:50.000000000,100030,188,100000,188,100033,188,99987,288,100035,188,99937,188,100078,188,99917,188,100174,188,99908,188,100297,100,99867,100,100298,100,99749,100,100338,100,99739,100,100399,100,99627,100,100802,100,99501,100
2019-06-28 10:00:00.000000000,100030,210,100000,210,100033,210,99987,310,100035,210,99937,210,100078,210,99917,210,100174,100,99908,100,100297,100,99867,100,100298,100,99749,100,100338,100,99739,100,100399,100,99627,100,100802,100,99501,100
2019-06-28 10:00:04.787351586,100030,210,100000,310,100033,210,99987,310,100035,210,99937,210,100078,210,99917,210,100174,100,99908,100,100297,100,99867,100,100298,100,99749,100,100338,100,99739,100,100399,100,99627,100,100802,100,99501,100
2019-06-28 10:00:05.277821975,100030,110,100000,310,100033,110,99987,310,100035,210,99937,210,100078,210,99917,210,100174,100,99908,100,100297,100,99867,100,100298,100,99749,100,100338,100,99739,100,100399,100,99627,100,100802,100,99501,100
2019-06-28 10:00:10.000000000,100035,210,100000,310,100078,210,99987,310,100174,210,99937,210,100297,210,99917,210,100298,100,99908,100,100338,100,99867,100,100399,100,99749,100,100802,100,99739,100,100806,100,99627,100,100962,100,99501,100
2019-06-28 10:00:20.000000000,100035,210,100000,310,100078,210,99987,310,100174,210,99937,210,100297,210,99917,210,100298,100,99908,100,100338,100,99867,100,100399,100,99749,100,100802,100,99739,100,100806,100,99627,100,100962,100,99501,100
2019-06-28 10:00:30.000000000,100035,538,100000,638,100078,100,99987,200,100174,100,99937,100,100297,100,99917,100,100298,100,99908,100,100338,100,99867,100,100399,100,99749,100,100802,100,99739,100,100806,100,99627,100,100962,100,99501,100
2019-06-28 10:00:39.450010884,100035,438,100000,638,100078,100,99987,200,100174,100,99937,100,100297,100,99917,100,100298,100,99908,100,100338,100,99867,100,100399,100,99749,100,100802,100,99739,100,100806,100,99627,100,100962,100,99501,100
2019-06-28 10:00:40.000000000,100078,249,100000,349,100174,245,99987,345,100297,245,99937,245,100298,100,99917,100,100338,100,99908,100,100399,100,99867,100,100802,100,99749,100,100806,100,99739,100,100962,100,99627,100,101295,100,99501,100
2019-06-28 10:00:50.000000000,100078,210,100000,310,100174,210,99987,310,100297,210,99937,210,100298,210,99917,210,100338,100,99908,100,100399,100,99867,100,100802,100,99749,100,100806,100,99739,100,100962,100,99627,100,101295,100,99501,100
2019-06-28 10:01:00.000000000,100078,249,100000,349,100174,245,99987,345,100297,245,99937,245,100298,100,99917,100,100338,100,99908,100,100399,100,99867,100,100802,100,99749,100,100806,100,99739,100,100962,100,99627,100,101295,100,99501,100
2019-06-28 10:01:10.000000000,100078,188,100000,288,100174,188,99987,288,100297,188,99937,188,100298,188,99917,188,100338,188,99908,188,100399,100,99867,100,100802,100,99749,100,100806,100,99739,100,100962,100,99627,100,101295,100,99501,100
2019-06-28 10:01:15.954422333,100078,88,100000,288,100174,188,99987,288,100297,188,99937,188,100298,188,99917,188,100338,188,99908,188,100399,100,99867,100,100802,100,99749,100,100806,100,99739,100,100962,100,99627,100,101295,100,99501,100
2019-06-28 10:01:20.000000000,100174,249,100000,349,100297,245,99987,345,100298,245,99937,245,100338,100,99917,100,100399,100,99908,100,100802,100,99867,100,100806,100,99749,100,100962,100,99739,100,101295,100,99627,100,101417,100,99501,100
2019-06-28 10:01:30.000000000,100174,188,100000,288,100297,188,99987,288,100298,188,99937,188,100338,188,99917,188,100399,188,99908,188,100802,100,99867,100,100806,100,99749,100,100962,100,99739,100,101295,100,99627,100,101417,100,99501,100
2019-06-28 10:01:40.000000000,100174,538,100000,638,100297,100,99987,200,100298,100,99937,100,100338,100,99917,100,100399,100,99908,100,100802,100,99867,100,100806,100,99749,100,100962,100,99739,100,101295,100,99627,100,101417,100,99501,100
2019-06-28 10:01:50.000000000,100174,188,100000,288,100297,188,99987,288,100298,188,99937,188,100338,188,99917,188,100399,188,99908,188,100802,100,99867,100,100806,100,99749,100,100962,100,99739,100,101295,100,99627,100,101417,100,99501,100
2019-06-28 10:01:55.668458032,100174,188,100035,100,100297,188,100000,188,100298,188,99987,288,100338,188,99937,188,100399,188,99917,188,100802,100,99908,188,100806,100,99867,100,100962,100,99749,100,101295,100,99739,100,101417,100,99627,100
2019-06-28 10:01:57.074425399,100174,188,100035,100,100297,188,100000,188,100298,188,99987,288,100338,188,99937,188,100399,188,99917,188,100802,100,99908,88,100806,100,99867,100,100962,100,99749,100,101210,100,99739,100,101295,100,99627,100
2019-06-28 10:02:00.000000000,100174,210,100035,210,100297,210,100000,210,100298,210,99987,310,100338,210,99937,210,100399,100,99917,100,100802,100,99867,100,100806,100,99749,100,100962,100,99739,100,101210,100,99627,100,101295,100,99501,100
2019-06-28 10:02:10.000000000,100174,319,100035,319,100297,319,100000,319,100298,100,99987,200,100338,100,99937,100,100399,100,99917,100,100802,100,99867,100,100806,100,99749,100,100962,100,99739,100,101210,100,99627,100,101295,100,99501,100
2019-06-28 10:02:11.155402850,100174,319,100035,419,100297,319,100000,319,100298,100,99987,200,100338,100,99937,100,100399,100,99917,100,100802,100,99867,100,100806,100,99749,100,100962,100,99739,100,101210,100,99627,100,101295,100,99501,100
2019-06-28 10:02:11.754138703,100174,319,100035,419,100297,319,100000,319,100298,100,99987,200,100338,100,99937,100,100399,100,99917,100,100802,100,99867,100,100806,100,99749,100,100962,100,99739,100,101129,100,99627,100,101210,100,99501,100
2019-06-28 10:02:15.319942231,100174,219,100035,419,100297,319,100000,319,100298,100,99987,200,100338,100,99937,100,100399,100,99917,100,100802,100,99867,100,100806,100,99749,100,100962,100,99739,100,101129,100,99627,100,101210,100,99501,100
2019-06-28 10:02:20.000000000,100297,210,100035,310,100298,210,100000,210,100338,210,99987,310,100399,210,99937,210,100802,100,99917,100,100806,100,99867,100,100962,100,99749,100,101129,100,99739,100,101210,100,99627,100,101295,100,99501,100
2019-06-28 10:02:24.650818483,100297,210,100078,100,100298,210,100035,310,100338,210,100000,210,100399,210,99987,310,100802,100,99937,210,100806,100,99917,100,100962,100,99867,100,101129,100,99749,100,101210,100,99739,100,101295,100,99627,100
2019-06-28 10:02:30.000000000,100297,249,100078,249,100298,245,100035,345,100338,245,100000,245,100399,100,99987,200,100802,100,99937,100,100806,100,99917,100,100962,100,99867,100,101129,100,99749,100,101210,100,99739,100,101295,100,99627,100
2019-06-28 10:02:40.000000000,100297,188,100078,188,100298,188,100035,288,100338,188,100000,188,100399,188,99987,288,100802,188,99937,188,100806,100,99917,100,100962,100,99867,100,101129,100,99749,100,101210,100,99739,100,101295,100,99627,100
2019-06-28 10:02:50.000000000,100297,188,100078,188,100298,188,100035,288,100338,188,100000,188,100399,188,99987,288,100802,188,99937,188,100806,100,99917,100,100962,100,99867,100,101129,100,99749,100,101210,100,99739,100,101295,100,99627,100
2019-06-28 10:02:58.286359623,100173,100,100078,188,100297,188,100035,288,100298,188,100000,188,100338,188,99987,288,100399,188,99937,188,100802,188,99917,100,100806,100,99867,100,100962,100,99749,100,101129,100,99739,100,101210,100,99627,100
2019-06-28 10:03:00.000000000,100173,210,100078,210,100297,210,100035,310,100298,210,100000,210,100338,210,99987,310,100399,100,99937,100,100802,100,99917,100,100806,100,99867,100,100962,100,99749,100,101129,100,99739,100,101210,100,99627,100
2019-06-28 10:03:10.000000000,100173,188,100078,188,100297,188,100035,288,100298,188,100000,188,100338,188,99987,288,100399,188,99937,188,100802,100,99917,100,100806,100,99867,100,100962,100,99749,100,101129,100,99739,100,101210,100,99627,100
2019-06-28 10:03:12.065384676,100173,188,100083,100,100297,88,100078,188,100298,188,100035,288,100338,188,100000,188,100399,188,99987,288,100802,100,99937,188,100806,100,99917,100,100962,100,99867,100,101129,100,99749,100,101210,100,99739,100
2019-06-28 10:03:20.000000000,100173,249,100083,249,100298,245,100078,245,100338,245,100035,345,100399,100,100000,100,100802,100,99987,200,100806,100,99937,100,100962,100,99917,100,101129,100,99867,100,101210,100,99749,100,101295,100,99739,100
2019-06-28 10:03:29.750110198,100118,100,100083,249,100173,249,100078,245,100298,245,100035,345,100338,245,100000,100,100399,100,99987,200,100802,100,99937,100,100806,100,99917,100,100962,100,99867,100,101129,100,99749,100,101210,100,99739,100
2019-06-28 10:03:30.000000000,100118,188,100083,188,100173,188,100078,188,100298,188,100035,288,100338,188,100000,188,100399,188,99987,288,100802,100,99937,100,100806,100,99917,100,100962,100,99867,100,101129,100,99749,100,101210,100,99739,100
2019-06-28 10:03:40.000000000,100118,249,100083,249,100173,245,100078,245,100298,245,100035,345,100338,100,100000,100,100399,100,99987,200,100802,100,99937,100,100806,100,99917,100,100962,100,99867,100,101129,100,99749,100,101210,100,99739,100
2019-06-28 10:03:50.000000000,100118,538,100083,538,100173,100,100078,100,100298,100,100035,200,100338,100,100000,100,100399,100,99987,200,100802,100,99937,100,100806,100,99917,100,100962,100,99867,100,101129,100,99749,100,101210,100,99739,100
2019-06-28 10:04:00.000000000,100118,188,100083,188,100173,188,100078,188,100298,188,100035,288,100338,188,100000,188,100399,188,99987,288,100802,100,99937,100,100806,100,99917,100,100962,100,99867,100,101129,100,99749,100,101210,100,99739,100
2019-06-28 10:04:10.000000000,100118,319,100083,319,100173,319,100078,319,100298,100,100035,200,100338,100,100000,100,100399,100,99987,200,100802,100,99937,100,100806,100,99917,100,100962,100,99867,100,101129,100,99749,100,101210,100,99739,100
2019-06-28 10:04:11.515554476,100118,319,100083,319,100173,319,100078,319,100298,100,100035,200,100338,100,100000,100,100399,100,99987,200,100453,100,99937,100,100802,100,99917,100,100806,100,99867,100,100962,100,99749,100,101129,100,99739,100
2019-06-28 10:04:20.000000000,100118,210,100083,210,100173,210,100078,210,100298,210,100035,310,100338,210,100000,210,100399,100,99987,200,100453,100,99937,100,100802,100,99917,100,100806,100,99867,100,100962,100,99749,100,101129,100,99739,100
2019-06-28 10:04:21.736667430,100118,210,100083,210,100173,210,100078,310,100298,210,100035,310,100338,210,100000,210,100399,100,99987,200,100453,100,99937,100,100802,100,99917,100,100806,100,99867,100,100962,100,99749,100,101129,100,99739,100
2019-06-28 10:04:30.000000000,100118,249,100083,249,100173,245,100078,345,100298,245,100035,345,100338,100,100000,100,100399,100,99987,200,100453,100,99937,100,100802,100,99917,100,100806,100,99867,100,100962,100,99749,100,101129,100,99739,100
2019-06-28 10:04:40.000000000,100118,249,100083,249,100173,245,100078,345,100298,245,100035,345,100338,100,100000,100,100399,100,99987,200,100453,100,99937,100,100802,100,99917,100,100806,100,99867,100,100962,100,99749,100,101129,100,99739,100
2019-06-28 10:04:50.000000000,100118,319,100083,319,100173,319,100078,419,100298,100,100035,200,100338,100,100000,100,100399,100,99987,200,100453,100,99937,100,100802,100,99917,100,100806,100,99867,100,100962,100,99749,100,101129,100,99739,100
2019-06-28 10:05:00.000000000,100118,319,100083,319,100173,319,100078,419,100298,100,100035,200,100338,100,100000,100,100399,100,99987,200,100453,100,99937,100,100802,100,99917,100,100806,100,99867,100,100962,100,99749,100,101129,100,99739,100
2019-06-28 10:05:08.191492493,100118,319,100083,319,100173,319,100078,419,100298,100,100035,200,100338,100,100000,100,100399,100,99987,200,100453,100,99937,100,100802,100,99917,100,100806,100,99867,100,100811,100,99749,100,100962,100,99739,100
2019-06-28 10:05:10.000000000,100118,538,100083,538,100173,100,100078,200,100298,100,100035,200,100338,100,100000,100,100399,100,99987,200,100453,100,99937,100,100802,100,99917,100,100806,100,99867,100,100811,100,99749,100,100962,100,99739,100
2019-06-28 10:05:20.000000000,100118,188,100083,188,100173,188,100078,288,100298,188,100035,288,100338,188,100000,188,100399,188,99987,288,100453,100,99937,100,100802,100,99917,100,100806,100,99867,100,100811,100,99749,100,100962,100,99739,100
2019-06-28 10:05:30.000000000,100118,249,100083,249,100173,245,100078,345,100298,245,100035,345,100338,100,100000,100,100399,100,99987,200,100453,100,99937,100,100802,100,99917,100,100806,100,99867,100,100811,100,99749,100,100962,100,99739,100
2019-06-28 10:05:38.506764852,100118,249,100083,249,100173,245,100078,445,100298,245,100035,345,100338,100,100000,100,100399,100,99987,200,100453,100,99937,100,100802,100,99917,100,100806,100,99867,100,100811,100,99749,100,100962,100,99739,100
2019-06-28 10:05:40.000000000,100118,538,100083,538,100173,100,100078,300,100298,100,100035,200,100338,100,100000,100,100399,100,99987,200,100453,100,99937,100,100802,100,99917,100,100806,100,99867,100,100811,100,99749,100,100962,100,99739,100
2019-06-28 10:05:50.000000000,100118,319,100083,319,100173,319,100078,519,100298,100,100035,200,100338,100,100000,100,100399,100,99987,200,100453,100,99937,100,100802,100,99917,100,100806,100,99867,100,100811,100,99749,100,100962,100,99739,100
2019-06-28 10:05:51.973369033,100118,319,100083,319,100173,319,100078,619,100298,100,100035,200,100338,100,100000,100,100399,100,99987,200,100453,100,99937,100,100802,100,99917,100,100806,100,99867,100,100811,100,99749,100,100962,100,99739,100
2019-06-28 10:05:54.292464683,100118,319,100083,319,100173,319,100078,619,100298,100,100035,200,100338,100,100000,100,100399,100,99987,200,100453,100,99937,100,100802,100,99917,100,100806,100,99867,100,100811,100,99749,100,100861,100,99739,100
2019-06-28 10:05:58.876367941,100118,319,100083,319,100173,319,100078,719,100298,100,100035,200,100338,100,99987,200,100399,100,99937,100,100453,100,99917,100,100802,100,99867,100,100806,100,99749,100,100811,100,99739,100,100861,100,99627,100
2019-06-28 10:06:00.000000000,100118,249,100083,249,100173,245,100078,645,100298,245,100035,345,100338,100,99987,200,100399,100,99937,100,100453,100,99917,100,100802,100,99867,100,100806,100,99749,100,100811,100,99739,100,100861,100,99627,100
2019-06-28 10:06:06.680281035,100118,249,100083,249,100173,245,100078,645,100298,245,100035,345,100338,100,99987,200,100399,100,99937,100,100453,100,99917,100,100456,100,99867,100,100802,100,99749,100,100806,100,99739,100,100811,100,99627,100
2019-06-28 10:06:10.000000000,100118,210,100083,210,100173,210,100078,610,100298,210,100035,310,100338,210,99987,310,100399,100,99937,100,100453,100,99917,100,100456,100,99867,100,100802,100,99749,100,100806,100,99739,100,100811,100,99627,100
2019-06-28 10:06:20.000000000,100118,210,100083,210,100173,210,100078,610,100298,210,100035,310,100338,210,99987,310,100399,100,99937,100,100453,100,99917,100,100456,100,99867,100,100802,100,99749,100,100806,100,99739,100,100811,100,99627,100
2019-06-28 10:06:20.297534434,100118,210,100083,210,100173,210,100078,710,100298,210,100035,310,100338,210,99987,310,100399,100,99917,100,100453,100,99867,100,100456,100,99749,100,100802,100,99739,100,100806,100,99627,100,100811,100,99501,100
2019-06-28 10:06:30.000000000,100118,538,100083,538,100173,100,100078,600,100298,100,100035,200,100338,100,99987,200,100399,100,99917,100,100453,100,99867,100,100456,100,99749,100,100802,100,99739,100,100806,100,99627,100,100811,100,99501,100
2019-06-28 10:06:30.383739095,100118,538,100083,538,100173,100,100078,600,100298,100,100035,200,100338,100,99987,200,100399,100,99917,100,100453,100,99867,100,100456,100,99749,100,100802,100,99739,100,100806,100,99627,100,100811,100,99501,100
2019-06-28 10:06:40.000000000,100118,188,100083,188,100173,188,100078,688,100298,188,100035,288,100338,188,99987,288,100399,188,99917,188,100453,100,99867,100,100456,100,99749,100,100802,100,99739,100,100806,100,99627,100,100811,100,99501,100
2019-06-28 10:06:40.861046667,100173,188,100118,12,100298,188,100083,188,100338,188,100078,688,100399,188,100035,288,100453,100,99987,288,100456,100,99917,188,100802,100,99867,100,100806,100,99749,100,100811,100,99739,100,100831,100,99627,100
2019-06-28 10:06:50.000000000,100173,188,100118,100,100298,188,100083,188,100338,188,100078,688,100399,188,100035,288,100453,188,99987,288,100456,100,99917,100,100802,100,99867,100,100806,100,99749,100,100811,100,99739,100,100831,100,99627,100
2019-06-28 10:06:56.072843451,100173,88,100118,100,100298,188,100083,188,100338,188,100078,688,100399,188,100035,288,100453,188,99987,288,100456,100,99867,100,100802,100,99749,100,100806,100,99739,100,100811,100,99627,100,100831,100,99501,100
2019-06-28 10:07:00.000000000,100298,249,100118,161,100338,245,100083,245,100399,245,100078,745,100453,100,100035,200,100456,100,99987,200,100802,100,99867,100,100806,100,99749,100,100811,100,99739,100,100831,100,99627,100,100861,100,99501,100
2019-06-28 10:07:02.909862490,100298,249,100119,100,100338,245,100118,161,100399,245,100083,245,100453,100,100078,745,100456,100,100035,200,100802,100,99987,200,100806,100,99867,100,100811,100,99749,100,100831,100,99739,100,100861,100,99627,100
2019-06-28 10:07:10.000000000,100298,188,100119,188,100338,188,100118,100,100399,188,100083,188,100453,188,100078,688,100456,188,100035,288,100802,100,99987,200,100806,100,99867,100,100811,100,99749,100,100831,100,99739,100,100861,100,99627,100
2019-06-28 10:07:11.836026051,100298,88,100119,188,100338,188,100118,100,100399,188,100083,188,100453,188,100078,688,100456,188,100035,288,100802,100,99987,200,100811,100,99867,100,100831,100,99749,100,100861,100,99739,100,100962,100,99627,100
2019-06-28 10:07:20.000000000,100338,319,100119,319,100399,319,100118,231,100453,100,100083,100,100456,100,100078,600,100802,100,100035,200,100811,100,99987,200,100831,100,99867,100,100861,100,99749,100,100962,100,99739,100,101129,100,99627,100
2019-06-28 10:07:22.973125603,100338,319,100119,319,100399,319,100118,231,100453,100,100083,100,100456,100,100078,600,100802,100,100035,200,100811,100,99987,200,100831,100,99867,100,100832,100,99749,100,100861,100,99739,100,100962,100,99627,100
2019-06-28 10:07:26.590158059,100338,219,100119,319,100399,319,100118,231,100453,100,100083,100,100456,100,100078,600,100802,100,100035,200,100811,100,99987,200,100831,100,99867,100,100832,100,99749,100,100861,100,99739,100,100962,100,99627,100
2019-06-28 10:07:30.000000000,100399,249,100119,249,100453,245,100118,157,100456,245,100083,245,100802,100,100078,600,100811,100,100035,200,100831,100,99987,200,100832,100,99867,100,100861,100,99749,100,100962,100,99739,100,101129,100,99627,100
2019-06-28 10:07:40.000000000,100399,319,100119,319,100453,319,100118,231,100456,100,100083,100,100802,100,100078,600,100811,100,100035,200,100831,100,99987,200,100832,100,99867,100,100861,100,99749,100,100962,100,99739,100,101129,100,99627,100
2019-06-28 10:07:48.313333795,100399,319,100119,319,100453,319,100118,231,100456,100,100083,100,100802,100,100078,500,100811,100,100035,200,100831,100,99987,200,100832,100,99867,100,100861,100,99749,100,100962,100,99739,100,101129,100,99627,100
2019-06-28 10:07:50.000000000,100399,210,100119,210,100453,210,100118,122,100456,210,100083,210,100802,210,100078,610,100811,100,100035,200,100831,100,99987,200,100832,100,99867,100,100861,100,99749,100,100962,100,99739,100,101129,100,99627,100
2019-06-28 10:08:00.000000000,100399,319,100119,319,100453,319,100118,231,100456,100,100083,100,100802,100,100078,500,100811,100,100035,200,100831,100,99987,200,100832,100,99867,100,100861,100,99749,100,100962,100,99739,100,101129,100,99627,100
2019-06-28 10:08:02.967710510,100399,319,100119,319,100453,319,100118,231,100456,100,100083,100,100802,100,100078,500,100811,100,100035,200,100831,100,99987,200,100832,100,99867,100,100962,100,99749,100,101064,100,99739,100,101129,100,99627,100
2019-06-28 10:08:10.000000000,100399,319,100119,319,100453,319,100118,231,100456,100,100083,100,100802,100,100078,500,100811,100,100035,200,100831,100,99987,200,100832,100,99867,100,100962,100,99749,100,101064,100,99739,100,101129,100,99627,100
2019-06-28 10:08:11.545587841,100399,319,100119,319,100453,319,100118,231,100456,100,100083,100,100802,100,100078,500,100811,100,100035,200,100831,100,99987,200,100832,100,99867,100,100962,100,99749,100,101064,100,99739,100,101120,100,99627,100
2019-06-28 10:08:20.000000000,100399,249,100119,249,100453,245,100118,157,100456,245,100083,245,100802,100,100078,500,100811,100,100035,200,100831,100,99987,200,100832,100,99867,100,100962,100,99749,100,101064,100,99739,100,101120,100,99627,100
2019-06-28 10:08:30.000000000,100399,538,100119,538,100453,100,100118,12,100456,100,100083,100,100802,100,100078,500,100811,100,100035,200,100831,100,99987,200,100832,100,99867,100,100962,100,99749,100,101064,100,99739,100,101120,100,99627,100
2019-06-28 10:08:40.000000000,100399,538,100119,538,100453,100,100118,12,100456,100,100083,100,100802,100,100078,500,100811,100,100035,200,100831,100,99987,200,100832,100,99867,100,100962,100,99749,100,101064,100,99739,100,101120,100,99627,100
2019-06-28 10:08:50.000000000,100399,188,100119,188,100453,188,100118,100,100456,188,100083,188,100802,188,100078,588,100811,188,100035,288,100831,100,99987,200,100832,100,99867,100,100962,100,99749,100,101064,100,99739,100,101120,100,99627,100
2019-06-28 10:08:51.745536093,100399,188,100119,188,100453,188,100118,100,100456,188,100083,188,100802,88,100078,588,100811,188,100035,288,100831,100,99987,200,100832,100,99867,100,100962,100,99749,100,101064,100,99739,100,101120,100,99627,100
