,ask_price_1,ask_size_1,bid_price_1,bid_size_1,ask_price_2,ask_size_2,bid_price_2,bid_size_2,ask_price_3,ask_size_3,bid_price_3,bid_size_3,ask_price_4,ask_size_4,bid_price_4,bid_size_4,ask_price_5,ask_size_5,bid_price_5,bid_size_5,ask_price_6,ask_size_6,bid_price_6,bid_size_6,ask_price_7,ask_size_7,bid_price_7,bid_size_7,ask_price_8,ask_size_8,bid_price_8,bid_size_8,ask_price_9,ask_size_9,bid_price_9,bid_size_9,ask_price_10,ask_size_10,bid_price_10,bid_size_10
2019-06-28 09:30:00.000000000,100093,100,99914,100,,,,,,,,,,,,,,,,,,,,,,,,,,,,,,,,,,,,
2019-06-28 09:30:00.000000002,100093,100,99965,100,,,99914,100,,,,,,,,,,,,,,,,,,,,,,,,,,,,,,,,
2019-06-28 09:30:00.000000004,100093,100,99965,100,,,99914,100,,,99891,100,,,99847,100,,,,,,,,,,,,,,,,,,,,,,,,
2019-06-28 09:30:00.000000007,100020,100,99914,100,100093,100,99891,100,100097,100,99847,100,,,,,,,,,,,,,,,,,,,,,,,,,,,,
2019-06-28 09:30:00.000000009,100020,100,99963,100,100093,100,99914,100,100097,100,99891,100,,,99847,100,,,,,,,,,,,,,,,,,,,,,,,,
2019-06-28 09:30:00.000000011,99992,100,99963,100,100020,100,99914,100,100093,100,99891,100,100097,100,99847,100,,,,,,,,,,,,,,,,,,,,,,,,
2019-06-28 09:30:00.000000015,99992,100,99963,100,100020,200,99914,100,100093,100,99891,100,100097,100,99847,100,,,,,,,,,,,,,,,,,,,,,,,,
2019-06-28 09:30:00.000000016,100020,200,99963,100,100093,100,99914,100,100097,100,99891,100,,,99847,100,,,,,,,,,,,,,,,,,,,,,,,,
2019-06-28 09:30:00.000000018,100020,200,99994,100,100093,100,99963,100,100097,100,99914,100,,,99891,100,,,99847,100,,,,,,,,,,,,,,,,,,,,
2019-06-28 09:30:00.000000019,100020,200,99963,100,100093,100,99914,100,100097,100,99891,100,,,99847,100,,,,,,,,,,,,,,,,,,,,,,,,
2019-06-28 09:30:00.000000021,99994,100,99963,100,100020,200,99914,100,100093,100,99891,100,100097,100,99847,100,,,,,,,,,,,,,,,,,,,,,,,,
2019-06-28 09:30:00.000000022,99994,100,99992,100,100020,200,99963,100,100093,100,99914,100,100097,100,99891,100,,,99847,100,,,,,,,,,,,,,,,,,,,,
2019-06-28 09:30:00.000000026,100020,200,99992,100,100093,100,99963,100,100097,100,99914,100,100222,100,99891,100,,,99847,100,,,,,,,,,,,,,,,,,,,,
2019-06-28 09:30:00.000000031,100020,200,99992,100,100043,100,99963,100,100093,100,99914,100,100097,100,99891,100,100222,100,99847,100,,,,,,,,,,,,,,,,,,,,
2019-06-28 09:30:00.000000035,100020,200,99992,100,100043,100,99963,100,100053,100,99914,100,100090,100,99891,100,100093,100,99847,100,100097,100,,,100222,100,,,,,,,,,,,,,,
2019-06-28 09:30:00.000000036,100020,200,99992,100,100043,100,99963,100,100053,100,99930,100,100090,100,99914,100,100093,100,99891,100,100097,100,99847,100,100222,100,,,,,,,,,,,,,,
2019-06-28 09:30:00.000000038,100020,200,99992,100,100043,100,99978,100,100053,100,99963,100,100090,100,99930,100,100093,100,99914,100,100097,100,99891,100,100222,100,99847,100,,,,,,,,,,,,
2019-06-28 09:30:00.000000040,100020,100,99992,100,100043,100,99978,100,100053,100,99963,100,100090,100,99930,100,100093,100,99914,100,100097,100,99891,100,100222,100,99847,100,,,,,,,,,,,,
2019-06-28 09:30:00.000000046,99997,100,99992,100,100020,100,99978,100,100043,100,99963,100,100053,100,99930,100,100090,100,99914,100,100093,100,99891,100,100097,100,99847,100,100222,100,,,,,,,,,,
2019-06-28 09:30:00.000000048,99997,100,99994,100,100020,100,99992,100,100043,100,99978,100,100053,100,99963,100,100090,100,99930,100,100093,100,99914,100,100097,100,99891,100,100222,100,99847,100,,,,,,,,
2019-06-28 09:30:00.000000050,99997,100,99994,100,100020,100,99992,100,100043,100,99978,100,100053,100,99963,100,100090,100,99930,100,100093,100,99914,100,100097,100,99891,100,100106,100,99847,100,100222,100,,,,,,
2019-06-28 09:30:00.000000054,99997,100,99994,200,100020,100,99992,100,100043,100,99978,100,100053,100,99963,100,100090,100,99930,100,100093,100,99914,100,100097,100,99891,100,100106,100,99847,100,100222,100,,,,,,
2019-06-28 09:30:00.000000056,99997,100,99994,200,100020,100,99992,100,100043,100,99978,100,100053,100,99963,100,100081,100,99930,100,100084,100,99914,100,100090,100,99891,100,100093,100,99847,100,100097,100,,,100106,100,,
2019-06-28 09:30:00.000000057,99997,100,99994,200,100020,100,99992,100,100043,100,99978,100,100053,100,99964,100,100062,100,99963,100,100081,100,99930,100,100084,100,99914,100,100090,100,99891,100,100093,100,99847,100,100097,100,,
2019-06-28 09:30:00.000000059,99997,100,99994,300,100020,100,99992,100,100043,100,99978,100,100053,100,99964,100,100062,100,99963,100,100081,100,99930,100,100084,100,99914,100,100090,100,99891,100,100093,100,99847,100,100097,100,,
2019-06-28 09:30:00.000000062,99997,100,99994,400,100020,100,99992,100,100043,100,99978,100,100053,100,99964,100,100062,100,99963,100,100081,100,99930,100,100084,100,99914,100,100090,100,99891,100,100093,100,99847,100,100097,100,,
2019-06-28 09:30:00.000000064,99997,100,99994,400,100020,100,99992,100,100043,100,99978,100,100053,100,99964,100,100055,100,99963,100,100062,100,99930,100,100081,100,99914,100,100084,100,99891,100,100090,100,99847,100,100093,100,,
2019-06-28 09:30:00.000000068,99997,100,99994,400,100020,100,99992,100,100043,100,99978,100,100053,100,99964,100,100055,100,99963,100,100062,100,99930,100,100081,100,99914,100,100084,100,99891,100,100090,100,99847,100,100093,100,,
2019-06-28 09:30:00.000000069,99997,100,99994,500,100020,100,99992,100,100043,100,99978,100,100053,100,99964,100,100055,100,99963,100,100062,100,99930,100,100081,100,99914,100,100084,100,99891,100,100090,100,99847,100,100093,100,99832,100
2019-06-28 09:30:00.000000072,99997,100,99994,500,100020,100,99992,100,100043,100,99978,100,100053,100,99964,100,100055,100,99963,100,100062,100,99939,100,100081,100,99930,100,100084,100,99914,100,100090,100,99891,100,100093,100,99847,100
2019-06-28 09:30:00.000000074,99997,100,99994,500,100020,100,99992,100,100043,100,99978,100,100053,100,99964,100,100055,100,99963,100,100062,100,99939,100,100081,100,99930,100,100084,100,99914,100,100090,100,99913,100,100093,100,99891,100
2019-06-28 09:30:00.000000079,99997,100,99994,400,100020,100,99992,100,100043,100,99978,100,100053,100,99964,100,100055,100,99963,100,100062,100,99953,100,100066,100,99939,100,100074,100,99930,100,100081,100,99914,100,100084,100,99913,100
2019-06-28 09:30:00.000000080,99997,100,99994,400,100020,200,99992,100,100043,100,99978,100,100053,100,99964,100,100055,100,99963,100,100062,100,99953,100,100066,100,99939,100,100074,100,99930,100,100081,100,99914,100,100084,100,99913,100
2019-06-28 09:30:00.000000081,99997,100,99994,400,100020,200,99992,100,100043,100,99978,100,100045,100,99964,100,100053,100,99963,100,100055,100,99953,100,100062,100,99939,100,100066,100,99930,100,100069,100,99914,100,100074,100,99913,100
2019-06-28 09:30:00.000000082,99997,100,99994,400,100020,200,99992,100,100043,100,99978,100,100045,100,99964,100,100053,100,99963,100,100055,100,99953,100,100062,100,99939,100,100066,100,99930,100,100069,100,99914,100,100074,100,99913,100
2019-06-28 09:30:00.000000083,99997,100,99994,300,100020,200,99992,100,100043,100,99978,100,100045,100,99964,100,100053,100,99963,100,100055,100,99953,100,100062,100,99939,100,100066,100,99930,100,100067,100,99914,100,100069,100,99913,100
2019-06-28 09:30:00.000000086,99997,100,99994,300,100020,200,99993,100,100043,100,99992,100,100045,100,99978,100,100053,100,99964,100,100055,100,99963,100,100062,100,99953,100,100066,100,99939,100,100067,100,99930,100,100069,100,99914,100
2019-06-28 09:30:00.000000087,99997,100,99994,300,100020,200,99993,100,100043,100,99992,100,100045,100,99978,100,100053,100,99969,100,100055,100,99964,100,100062,100,99963,100,100066,100,99961,100,100067,100,99953,100,100069,100,99950,100
2019-06-28 09:30:00.000000089,100020,200,99994,300,100043,100,99993,100,100045,100,99992,100,100053,100,99978,100,100055,100,99969,100,100062,100,99964,100,100066,100,99963,100,100067,100,99961,100,100069,100,99953,100,100074,100,99950,100
2019-06-28 09:30:00.000000093,100020,200,99994,400,100043,100,99993,100,100045,100,99992,100,100053,100,99978,100,100055,100,99969,100,100062,100,99964,100,100066,100,99963,100,100067,100,99961,100,100069,100,99953,100,100074,100,99950,100
2019-06-28 09:30:00.000000096,100020,200,100001,100,100043,100,99994,400,100045,100,99993,100,100053,100,99992,100,100055,100,99978,100,100062,100,99969,100,100066,100,99964,100,100067,100,99963,100,100069,100,99961,100,100074,100,99953,100
2019-06-28 09:30:10.000000000,100020,304,100001,204,100043,204,99994,504,100045,204,99993,204,100053,204,99992,204,100055,100,99978,100,100062,100,99969,100,100066,100,99964,100,100067,100,99963,100,100069,100,99961,100,100074,100,99953,100
2019-06-28 09:30:10.719436343,100020,304,100001,204,100043,204,99994,504,100045,204,99993,204,100053,104,99992,204,100055,100,99978,100,100062,100,99969,100,100066,100,99964,100,100067,100,99963,100,100069,100,99961,100,100074,100,99953,100
2019-06-28 09:30:20.000000000,100020,284,100001,184,100043,184,99994,484,100045,184,99993,184,100055,184,99992,184,100062,184,99978,184,100066,100,99969,100,100067,100,99964,100,100069,100,99963,100,100074,100,99961,100,100081,100,99953,100
2019-06-28 09:30:30.000000000,100020,284,100001,184,100043,184,99994,484,100045,184,99993,184,100055,184,99992,184,100062,184,99978,184,100066,100,99969,100,100067,100,99964,100,100069,100,99963,100,100074,100,99961,100,100081,100,99953,100
2019-06-28 09:30:40.000000000,100020,618,100001,518,100043,100,99994,400,100045,100,99993,100,100055,100,99992,100,100062,100,99978,100,100066,100,99969,100,100067,100,99964,100,100069,100,99963,100,100074,100,99961,100,100081,100,99953,100
2019-06-28 09:30:50.000000000,100020,618,100001,518,100043,100,99994,400,100045,100,99993,100,100055,100,99992,100,100062,100,99978,100,100066,100,99969,100,100067,100,99964,100,100069,100,99963,100,100074,100,99961,100,100081,100,99953,100
2019-06-28 09:31:00.000000000,100020,304,100001,204,100043,204,99994,504,100045,204,99993,204,100055,204,99992,204,100062,100,99978,100,100066,100,99969,100,100067,100,99964,100,100069,100,99963,100,100074,100,99961,100,100081,100,99953,100
2019-06-28 09:31:07.095489769,100020,304,100001,104,100043,204,99994,504,100045,204,99993,204,100055,204,99992,204,100062,100,99978,100,100066,100,99969,100,100069,100,99964,100,100074,100,99963,100,100081,100,99961,100,100084,100,99953,100
2019-06-28 09:31:10.000000000,100020,284,99994,484,100043,184,99993,184,100045,184,99992,184,100055,184,99978,184,100062,184,99969,184,100066,100,99964,100,100069,100,99963,100,100074,100,99961,100,100081,100,99953,100,100084,100,99950,100
2019-06-28 09:31:20.000000000,100020,618,99994,818,100043,100,99993,100,100045,100,99992,100,100055,100,99978,100,100062,100,99969,100,100066,100,99964,100,100069,100,99963,100,100074,100,99961,100,100081,100,99953,100,100084,100,99950,100
2019-06-28 09:31:23.488670887,100020,618,99994,718,100043,100,99993,100,100045,100,99992,100,100055,100,99978,100,100062,100,99969,100,100066,100,99964,100,100069,100,99963,100,100074,100,99961,100,100081,100,99953,100,100084,100,99950,100
2019-06-28 09:31:30.000000000,100020,284,99994,384,100043,184,99993,184,100045,184,99992,184,100055,184,99978,184,100062,184,99969,184,100066,100,99964,100,100069,100,99963,100,100074,100,99961,100,100081,100,99953,100,100084,100,99950,100
2019-06-28 09:31:40.000000000,100020,284,99994,384,100043,184,99993,184,100045,184,99992,184,100055,184,99978,184,100062,184,99969,184,100066,100,99964,100,100069,100,99963,100,100074,100,99961,100,100081,100,99953,100,100084,100,99950,100
2019-06-28 09:31:43.052037256,100020,284,99994,384,100043,184,99993,184,100045,184,99992,184,100055,184,99978,184,100062,184,99969,184,100066,100,99964,100,100069,100,99963,100,100074,100,99961,100,100081,100,99953,100,100084,100,99950,100
2019-06-28 09:31:50.000000000,100020,618,99994,718,100043,100,99993,100,100045,100,99992,100,100055,100,99978,100,100062,100,99969,100,100066,100,99964,100,100069,100,99963,100,100074,100,99961,100,100081,100,99953,100,100084,100,99950,100
2019-06-28 09:31:52.335057209,100020,618,100006,100,100043,100,99994,718,100045,100,99993,100,100055,100,99992,100,100062,100,99978,100,100066,100,99969,100,100069,100,99964,100,100074,100,99963,100,100081,100,99961,100,100084,100,99953,100
2019-06-28 09:32:00.000000000,100020,304,100006,204,100043,204,99994,404,100045,204,99993,204,100055,204,99992,204,100062,100,99978,100,100066,100,99969,100,100069,100,99964,100,100074,100,99963,100,100081,100,99961,100,100084,100,99953,100
2019-06-28 09:32:05.577894548,100020,204,100006,104,100043,204,99994,404,100045,204,99993,204,100055,204,99992,204,100062,100,99978,100,100066,100,99969,100,100069,100,99964,100,100074,100,99963,100,100081,100,99961,100,100084,100,99953,100
2019-06-28 09:32:08.584332724,100020,204,100006,104,100043,204,99994,404,100045,204,99993,204,100055,204,99992,204,100062,100,99978,100,100066,100,99969,100,100069,100,99964,100,100074,100,99963,100,100081,100,99961,100,100084,100,99953,100
2019-06-28 09:32:10.000000000,100020,204,99994,404,100043,204,99993,204,100045,204,99992,204,100055,204,99978,204,100062,100,99969,100,100066,100,99964,100,100069,100,99963,100,100074,100,99961,100,100081,100,99953,100,100084,100,99950,100
2019-06-28 09:32:14.613350132,100020,104,99994,404,100043,204,99993,204,100045,204,99992,204,100055,204,99978,204,100062,100,99969,100,100066,100,99964,100,100069,100,99963,100,100074,100,99961,100,100081,100,99953,100,100084,100,99950,100
2019-06-28 09:32:20.000000000,100043,309,99994,509,100045,309,99993,309,100055,100,99992,100,100062,100,99978,100,100066,100,99969,100,100069,100,99964,100,100074,100,99963,100,100081,100,99961,100,100084,100,99953,100,100090,100,99950,100
2019-06-28 09:32:30.000000000,100043,518,99994,718,100045,100,99993,100,100055,100,99992,100,100062,100,99978,100,100066,100,99969,100,100069,100,99964,100,100074,100,99963,100,100081,100,99961,100,100084,100,99953,100,100090,100,99950,100
2019-06-28 09:32:35.578967137,100043,518,99994,718,100045,100,99993,100,100055,100,99992,100,100062,100,99978,100,100066,100,99969,100,100069,100,99964,100,100074,100,99963,100,100084,100,99961,100,100090,100,99953,100,100093,100,99950,100
2019-06-28 09:32:40.000000000,100043,242,99994,442,100045,238,99993,238,100055,238,99992,238,100062,100,99978,100,100066,100,99969,100,100069,100,99964,100,100074,100,99963,100,100084,100,99961,100,100090,100,99953,100,100093,100,99950,100
2019-06-28 09:32:50.000000000,100043,518,99994,718,100045,100,99993,100,100055,100,99992,100,100062,100,99978,100,100066,100,99969,100,100069,100,99964,100,100074,100,99963,100,100084,100,99961,100,100090,100,99953,100,100093,100,99950,100
2019-06-28 09:32:51.884847092,100043,518,100007,100,100045,100,99994,718,100055,100,99993,100,100062,100,99992,100,100066,100,99978,100,100069,100,99969,100,100074,100,99964,100,100084,100,99963,100,100090,100,99961,100,100093,100,99953,100
2019-06-28 09:33:00.000000000,100043,184,100007,184,100045,184,99994,384,100055,184,99993,184,100062,184,99992,184,100066,184,99978,184,100069,100,99969,100,100074,100,99964,100,100084,100,99963,100,100090,100,99961,100,100093,100,99953,100
2019-06-28 09:33:10.000000000,100043,184,100007,184,100045,184,99994,384,100055,184,99993,184,100062,184,99992,184,100066,184,99978,184,100069,100,99969,100,100074,100,99964,100,100084,100,99963,100,100090,100,99961,100,100093,100,99953,100
2019-06-28 09:33:13.383728077,100043,184,100007,284,100045,184,99994,284,100055,184,99993,184,100062,184,99992,184,100066,184,99978,184,100069,100,99969,100,100074,100,99964,100,100084,100,99963,100,100090,100,99961,100,100093,100,99953,100
2019-06-28 09:33:20.000000000,100043,184,100007,284,100045,184,99994,284,100055,184,99993,184,100062,184,99992,184,100066,184,99978,184,100069,100,99969,100,100074,100,99964,100,100084,100,99963,100,100090,100,99961,100,100093,100,99953,100
2019-06-28 09:33:30.000000000,100043,309,100007,409,100045,309,99994,409,100055,100,99993,100,100062,100,99992,100,100066,100,99978,100,100069,100,99969,100,100074,100,99964,100,100084,100,99963,100,100090,100,99961,100,100093,100,99953,100
2019-06-28 09:33:40.000000000,100043,242,100007,342,100045,238,99994,338,100055,238,99993,238,100062,100,99992,100,100066,100,99978,100,100069,100,99969,100,100074,100,99964,100,100084,100,99963,100,100090,100,99961,100,100093,100,99953,100
2019-06-28 09:33:42.755317562,100043,142,100007,342,100045,238,99994,338,100055,238,99993,238,100062,100,99992,100,100066,100,99978,100,100069,100,99969,100,100074,100,99964,100,100084,100,99963,100,100090,100,99961,100,100093,100,99953,100
2019-06-28 09:33:46.995725010,100043,42,100007,342,100045,238,99994,338,100055,238,99993,238,100062,100,99992,100,100066,100,99978,100,100069,100,99969,100,100074,100,99964,100,100084,100,99963,100,100090,100,99961,100,100093,100,99953,100
2019-06-28 09:33:50.000000000,100045,184,100007,284,100055,184,99994,284,100062,184,99993,184,100066,184,99992,184,100069,184,99978,184,100074,100,99969,100,100084,100,99964,100,100090,100,99963,100,100093,100,99961,100,100097,100,99953,100
2019-06-28 09:33:58.990444739,100045,84,100007,284,100055,184,99994,284,100062,184,99993,184,100066,184,99992,184,100069,184,99978,184,100074,100,99969,100,100084,100,99964,100,100090,100,99963,100,100093,100,99961,100,100097,100,99953,100
2019-06-28 09:34:00.000000000,100055,184,100007,284,100062,184,99994,284,100066,184,99993,184,100069,184,99992,184,100074,184,99978,184,100084,100,99969,100,100090,100,99964,100,100093,100,99963,100,100097,100,99961,100,100111,100,99953,100
2019-06-28 09:34:10.000000000,100055,309,100007,409,100062,309,99994,409,100066,100,99993,100,100069,100,99992,100,100074,100,99978,100,100084,100,99969,100,100090,100,99964,100,100093,100,99963,100,100097,100,99961,100,100111,100,99953,100
2019-06-28 09:34:16.410961644,100055,309,100007,409,100062,309,99994,409,100066,100,99993,100,100069,100,99992,100,100074,100,99978,100,100084,100,99969,100,100090,100,99964,100,100093,100,99963,100,100097,100,99961,100,100111,100,99953,100
2019-06-28 09:34:20.000000000,100055,204,100007,304,100062,204,99994,304,100066,204,99993,204,100069,204,99992,204,100074,100,99978,100,100084,100,99969,100,100090,100,99964,100,100093,100,99963,100,100097,100,99961,100,100111,100,99953,100
2019-06-28 09:34:25.322370288,100055,204,100007,304,100062,204,99994,304,100066,204,99993,204,100069,204,99992,204,100074,100,99978,100,100084,100,99969,100,100090,100,99964,100,100093,100,99963,100,100097,100,99961,100,100111,100,99953,100
2019-06-28 09:34:30.000000000,100055,309,100007,409,100062,309,99994,409,100066,100,99993,100,100069,100,99992,100,100074,100,99978,100,100084,100,99969,100,100090,100,99964,100,100093,100,99963,100,100097,100,99961,100,100111,100,99953,100
2019-06-28 09:34:32.828587632,100055,209,100007,409,100062,309,99994,409,100066,100,99993,100,100069,100,99992,100,100074,100,99978,100,100084,100,99969,100,100090,100,99964,100,100093,100,99963,100,100097,100,99961,100,100111,100,99953,100
2019-06-28 09:34:40.000000000,100062,309,100007,409,100066,309,99994,409,100069,100,99993,100,100074,100,99992,100,100084,100,99978,100,100090,100,99969,100,100093,100,99964,100,100097,100,99963,100,100111,100,99961,100,100140,100,99953,100
2019-06-28 09:34:50.000000000,100062,518,100007,618,100066,100,99994,200,100069,100,99993,100,100074,100,99992,100,100084,100,99978,100,100090,100,99969,100,100093,100,99964,100,100097,100,99963,100,100111,100,99961,100,100140,100,99953,100
2019-06-28 09:35:00.000000000,100062,518,100007,618,100066,100,99994,200,100069,100,99993,100,100074,100,99992,100,100084,100,99978,100,100090,100,99969,100,100093,100,99964,100,100097,100,99963,100,100111,100,99961,100,100140,100,99953,100
2019-06-28 09:35:06.303326161,100062,518,100045,100,100066,100,100007,618,100069,100,99994,200,100074,100,99993,100,100084,100,99992,100,100090,100,99978,100,100093,100,99969,100,100097,100,99964,100,100111,100,99963,100,100140,100,99961,100
2019-06-28 09:35:10.000000000,100062,309,100045,309,100066,309,100007,409,100069,100,99994,200,100074,100,99993,100,100084,100,99992,100,100090,100,99978,100,100093,100,99969,100,100097,100,99964,100,100111,100,99963,100,100140,100,99961,100
2019-06-28 09:35:20.000000000,100062,309,100045,309,100066,309,100007,409,100069,100,99994,200,100074,100,99993,100,100084,100,99992,100,100090,100,99978,100,100093,100,99969,100,100097,100,99964,100,100111,100,99963,100,100140,100,99961,100
2019-06-28 09:35:24.921312149,100062,209,100045,309,100066,309,100007,409,100069,100,99994,200,100074,100,99993,100,100084,100,99992,100,100090,100,99978,100,100093,100,99969,100,100097,100,99964,100,100111,100,99963,100,100140,100,99961,100
2019-06-28 09:35:30.000000000,100066,204,100045,204,100069,204,100007,304,100074,204,99994,304,100084,204,99993,204,100090,100,99992,100,100093,100,99978,100,100097,100,99969,100,100111,100,99964,100,100140,100,99963,100,100142,100,99961,100
2019-06-28 09:35:31.198788261,100066,204,100055,100,100069,204,100045,204,100074,204,100007,304,100084,204,99994,204,100090,100,99993,204,100093,100,99992,100,100097,100,99978,100,100111,100,99969,100,100140,100,99964,100,100142,100,99963,100
2019-06-28 09:35:40.000000000,100066,309,100055,309,100069,309,100045,309,100074,100,100007,200,100084,100,99994,100,100090,100,99993,100,100093,100,99992,100,100097,100,99978,100,100111,100,99969,100,100140,100,99964,100,100142,100,99963,100
2019-06-28 09:35:50.000000000,100066,204,100055,204,100069,204,100045,204,100074,204,100007,304,100084,204,99994,204,100090,100,99993,100,100093,100,99992,100,100097,100,99978,100,100111,100,99969,100,100140,100,99964,100,100142,100,99963,100
2019-06-28 09:35:56.311183248,100066,104,100055,204,100069,204,100045,204,100074,204,100007,304,100084,204,99994,204,100090,100,99993,100,100093,100,99992,100,100097,100,99978,100,100111,100,99969,100,100140,100,99964,100,100142,100,99963,100
2019-06-28 09:36:00.000000000,100069,309,100055,309,100074,309,100045,309,100084,100,100007,200,100090,100,99994,100,100093,100,99993,100,100097,100,99992,100,100111,100,99978,100,100140,100,99969,100,100142,100,99964,100,100222,100,99963,100
2019-06-28 09:36:02.544372854,100069,309,100055,409,100074,309,100045,309,100084,100,100007,200,100090,100,99994,100,100093,100,99993,100,100097,100,99992,100,100111,100,99978,100,100140,100,99969,100,100142,100,99964,100,100222,100,99963,100
2019-06-28 09:36:10.000000000,100069,309,100055,409,100074,309,100045,309,100084,100,100007,200,100090,100,99994,100,100093,100,99993,100,100097,100,99992,100,100111,100,99978,100,100140,100,99969,100,100142,100,99964,100,100222,100,99963,100
2019-06-28 09:36:19.548590014,100069,209,100055,409,100074,309,100045,309,100084,100,100007,200,100090,100,99994,100,100093,100,99993,100,100097,100,99992,100,100111,100,99978,100,100140,100,99969,100,100142,100,99964,100,100222,100,99963,100
2019-06-28 09:36:20.000000000,100074,242,100055,342,100084,238,100045,238,100090,238,100007,338,100093,100,99994,100,100097,100,99993,100,100111,100,99992,100,100140,100,99978,100,100142,100,99969,100,100222,100,99964,100,100291,100,99963,100
2019-06-28 09:36:30.000000000,100074,309,100055,409,100084,309,100045,309,100090,100,100007,200,100093,100,99994,100,100097,100,99993,100,100111,100,99992,100,100140,100,99978,100,100142,100,99969,100,100222,100,99964,100,100291,100,99963,100
2019-06-28 09:36:40.000000000,100074,518,100055,618,100084,100,100045,100,100090,100,100007,200,100093,100,99994,100,100097,100,99993,100,100111,100,99992,100,100140,100,99978,100,100142,100,99969,100,100222,100,99964,100,100291,100,99963,100
2019-06-28 09:36:42.421218449,100074,518,100062,100,100084,100,100055,618,100090,100,100045,100,100093,100,100007,200,100097,100,99994,100,100111,100,99993,100,100140,100,99992,100,100142,100,99978,100,100222,100,99969,100,100291,100,99964,100
2019-06-28 09:36:50.000000000,100074,518,100062,518,100084,100,100055,200,100090,100,100045,100,100093,100,100007,200,100097,100,99994,100,100111,100,99993,100,100140,100,99992,100,100142,100,99978,100,100222,100,99969,100,100291,100,99964,100
2019-06-28 09:37:00.000000000,100074,518,100062,518,100084,100,100055,200,100090,100,100045,100,100093,100,100007,200,100097,100,99994,100,100111,100,99993,100,100140,100,99992,100,100142,100,99978,100,100222,100,99969,100,100291,100,99964,100
2019-06-28 09:37:04.212014537,100074,418,100062,518,100084,100,100055,200,100090,100,100045,100,100093,100,100007,200,100097,100,99994,100,100111,100,99993,100,100140,100,99992,100,100142,100,99978,100,100222,100,99969,100,100291,100,99964,100
2019-06-28 09:37:10.000000000,100084,242,100062,242,100090,238,100055,338,100093,238,100045,238,100097,100,100007,200,100111,100,99994,100,100140,100,99993,100,100142,100,99992,100,100222,100,99978,100,100291,100,99969,100,100485,100,99964,100
2019-06-28 09:37:20.000000000,100084,309,100062,309,100090,309,100055,409,100093,100,100045,100,100097,100,100007,200,100111,100,99994,100,100140,100,99993,100,100142,100,99992,100,100222,100,99978,100,100291,100,99969,100,100485,100,99964,100
2019-06-28 09:37:30.000000000,100084,242,100062,242,100090,238,100055,338,100093,238,100045,238,100097,100,100007,200,100111,100,99994,100,100140,100,99993,100,100142,100,99992,100,100222,100,99978,100,100291,100,99969,100,100485,100,99964,100
2019-06-28 09:37:40.000000000,100084,242,100062,242,100090,238,100055,338,100093,238,100045,238,100097,100,100007,200,100111,100,99994,100,100140,100,99993,100,100142,100,99992,100,100222,100,99978,100,100291,100,99969,100,100485,100,99964,100
2019-06-28 09:37:42.741305250,100084,242,100066,100,100090,238,100062,242,100093,238,100055,338,100097,100,100045,238,100111,100,100007,200,100140,100,99994,100,100142,100,99993,100,100222,100,99992,100,100291,100,99978,100,100485,100,99969,100
2019-06-28 09:37:50.000000000,100084,184,100066,184,100090,184,100062,184,100093,184,100055,284,100097,184,100045,184,100111,184,100007,284,100140,100,99994,100,100142,100,99993,100,100222,100,99992,100,100291,100,99978,100,100485,100,99969,100
2019-06-28 09:37:59.879288524,100084,84,100066,184,100090,184,100062,184,100093,184,100055,284,100097,184,100045,184,100111,184,100007,284,100140,100,99994,100,100142,100,99993,100,100222,100,99992,100,100291,100,99978,100,100485,100,99969,100
2019-06-28 09:38:00.000000000,100090,204,100066,204,100093,204,100062,204,100097,204,100055,304,100111,204,100045,204,100140,100,100007,200,100142,100,99994,100,100222,100,99993,100,100291,100,99992,100,100485,100,99978,100,100544,100,99969,100
2019-06-28 09:38:04.216998013,100090,204,100066,204,100093,204,100062,204,100097,204,100055,304,100111,204,100045,204,100140,100,100007,200,100142,100,99994,100,100222,100,99993,100,100291,100,99992,100,100379,100,99978,100,100485,100,99969,100
2019-06-28 09:38:10.000000000,100090,204,100066,204,100093,204,100062,204,100097,204,100055,304,100111,204,100045,204,100140,100,100007,200,100142,100,99994,100,100222,100,99993,100,100291,100,99992,100,100379,100,99978,100,100485,100,99969,100
2019-06-28 09:38:10.382320665,100090,204,100074,100,100093,204,100066,204,100097,204,100062,204,100111,204,100055,304,100140,100,100045,204,100142,100,100007,200,100222,100,99994,100,100291,100,99993,100,100379,100,99992,100,100485,100,99978,100
2019-06-28 09:38:20.000000000,100090,309,100074,309,100093,309,100066,309,100097,100,100062,100,100111,100,100055,200,100140,100,100045,100,100142,100,100007,200,100222,100,99994,100,100291,100,99993,100,100379,100,99992,100,100485,100,99978,100
2019-06-28 09:38:26.209448119,100090,309,100074,309,100093,309,100066,309,100097,100,100062,100,100111,100,100055,200,100140,100,100045,100,100142,100,100007,200,100222,100,99994,100,100291,100,99993,100,100379,100,99992,100,100485,100,99978,100
2019-06-28 09:38:28.638621147,100090,309,100074,309,100093,309,100066,309,100097,100,100062,100,100111,100,100055,200,100140,100,100045,100,100142,100,100007,200,100222,100,99994,100,100291,100,99993,100,100379,100,99992,100,100485,100,99978,100
2019-06-28 09:38:30.000000000,100090,184,100074,184,100093,184,100066,184,100097,184,100062,184,100111,184,100055,284,100140,184,100045,184,100142,100,100007,200,100222,100,99994,100,100291,100,99993,100,100379,100,99992,100,100485,100,99978,100
2019-06-28 09:38:40.000000000,100090,518,100074,518,100093,100,100066,100,100097,100,100062,100,100111,100,100055,200,100140,100,100045,100,100142,100,100007,200,100222,100,99994,100,100291,100,99993,100,100379,100,99992,100,100485,100,99978,100
2019-06-28 09:38:47.413786554,100090,418,100074,518,100093,100,100066,100,100097,100,100062,100,100111,100,100055,200,100140,100,100045,100,100142,100,100007,200,100222,100,99994,100,100291,100,99993,100,100485,100,99992,100,100495,100,99978,100
2019-06-28 09:38:50.000000000,100093,184,100074,184,100097,184,100066,184,100111,184,100062,184,100140,184,100055,284,100142,184,100045,184,100222,100,100007,200,100291,100,99994,100,100485,100,99993,100,100495,100,99992,100,100544,100,99978,100
2019-06-28 09:39:00.000000000,100093,518,100074,518,100097,100,100066,100,100111,100,100062,100,100140,100,100055,200,100142,100,100045,100,100222,100,100007,200,100291,100,99994,100,100485,100,99993,100,100495,100,99992,100,100544,100,99978,100
2019-06-28 09:39:10.000000000,100093,242,100074,242,100097,238,100066,238,100111,238,100062,238,100140,100,100055,200,100142,100,100045,100,100222,100,100007,200,100291,100,99994,100,100485,100,99993,100,100495,100,99992,100,100544,100,99978,100
2019-06-28 09:39:20.000000000,100093,204,100074,204,100097,204,100066,204,100111,204,100062,204,100140,204,100055,304,100142,100,100045,100,100222,100,100007,200,100291,100,99994,100,100485,100,99993,100,100495,100,99992,100,100544,100,99978,100
2019-06-28 09:39:26.442252026,100093,104,100074,204,100097,204,100066,204,100111,204,100062,204,100140,204,100055,304,100142,100,100045,100,100222,100,100007,200,100291,100,99994,100,100485,100,99993,100,100495,100,99992,100,100544,100,99978,100
2019-06-28 09:39:30.000000000,100097,204,100074,204,100111,204,100066,204,100140,204,100062,204,100142,204,100055,304,100222,100,100045,100,100291,100,100007,200,100485,100,99994,100,100495,100,99993,100,100544,100,99992,100,100601,100,99978,100
2019-06-28 09:39:40.000000000,100097,518,100074,518,100111,100,100066,100,100140,100,100062,100,100142,100,100055,200,100222,100,100045,100,100291,100,100007,200,100485,100,99994,100,100495,100,99993,100,100544,100,99992,100,100601,100,99978,100
2019-06-28 09:39:45.032312794,100097,518,100074,518,100111,100,100066,100,100140,100,100062,100,100142,100,100055,200,100222,100,100045,100,100291,100,100007,200,100485,100,99994,100,100495,100,99993,100,100544,100,99992,100,100601,100,99978,100
2019-06-28 09:39:50.000000000,100097,518,100074,518,100111,100,100066,100,100140,100,100062,100,100142,100,100055,200,100222,100,100045,100,100291,100,100007,200,100485,100,99994,100,100495,100,99993,100,100544,100,99992,100,100601,100,99978,100
2019-06-28 09:40:00.000000000,100097,242,100074,242,100111,238,100066,238,100140,238,100062,238,100142,100,100055,200,100222,100,100045,100,100291,100,100007,200,100485,100,99994,100,100495,100,99993,100,100544,100,99992,100,100601,100,99978,100
2019-06-28 09:40:09.325624507,100097,242,100074,242,100111,238,100066,238,100140,238,100062,238,100142,100,100055,200,100222,100,100045,100,100291,100,100007,200,100485,100,99994,100,100495,100,99993,100,100544,100,99992,100,100601,100,99978,100
2019-06-28 09:40:10.000000000,100097,204,100074,204,100111,204,100066,204,100140,204,100062,204,100142,204,100055,304,100222,100,100045,100,100291,100,100007,200,100485,100,99994,100,100495,100,99993,100,100544,100,99992,100,100601,100,99978,100
2019-06-28 09:40:20.000000000,100097,309,100074,309,100111,309,100066,309,100140,100,100062,100,100142,100,100055,200,100222,100,100045,100,100291,100,100007,200,100485,100,99994,100,100495,100,99993,100,100544,100,99992,100,100601,100,99978,100
2019-06-28 09:40:25.486377273,100097,309,100074,309,100111,309,100066,309,100140,100,100062,100,100222,100,100055,200,100291,100,100045,100,100485,100,100007,200,100495,100,99994,100,100544,100,99993,100,100601,100,99992,100,100769,100,99978,100
2019-06-28 09:40:27.728392043,100097,209,100074,309,100111,309,100066,309,100140,100,100062,100,100222,100,100055,200,100291,100,100045,100,100485,100,100007,200,100495,100,99994,100,100544,100,99993,100,100601,100,99992,100,100769,100,99978,100
2019-06-28 09:40:28.446502929,100097,109,100074,309,100111,309,100066,309,100140,100,100062,100,100222,100,100055,200,100291,100,100045,100,100485,100,100007,200,100495,100,99994,100,100544,100,99993,100,100601,100,99992,100,100769,100,99978,100
2019-06-28 09:40:30.000000000,100111,204,100074,204,100140,204,100066,204,100222,204,100062,204,100291,204,100055,304,100485,100,100045,100,100495,100,100007,200,100544,100,99994,100,100601,100,99993,100,100769,100,99992,100,100970,100,99978,100
2019-06-28 09:40:36.645845767,100111,104,100074,204,100140,204,100066,204,100222,204,100062,204,100291,204,100055,304,100485,100,100045,100,100495,100,100007,200,100544,100,99994,100,100601,100,99993,100,100769,100,99992,100,100970,100,99978,100
2019-06-28 09:40:37.021824001,100111,104,100074,204,100140,204,100066,204,100222,204,100062,204,100291,204,100055,204,100485,100,100045,100,100495,100,100007,200,100544,100,99994,100,100601,100,99993,100,100769,100,99992,100,100970,100,99978,100
2019-06-28 09:40:37.349691926,100111,104,100074,204,100140,204,100066,204,100222,204,100062,204,100291,204,100055,204,100485,100,100045,100,100495,100,100007,100,100544,100,99994,100,100601,100,99993,100,100769,100,99992,100,100970,100,99978,100
2019-06-28 09:40:40.000000000,100140,184,100074,184,100222,184,100066,184,100291,184,100062,184,100485,184,100055,184,100495,184,100045,184,100544,100,100007,100,100601,100,99994,100,100769,100,99993,100,100970,100,99992,100,101233,100,99978,100
2019-06-28 09:40:45.031973746,100140,84,100074,184,100222,184,100066,184,100291,184,100062,184,100485,184,100055,184,100495,184,100045,184,100544,100,100007,100,100601,100,99994,100,100769,100,99993,100,100970,100,99992,100,101233,100,99978,100
2019-06-28 09:40:49.098796979,100222,184,100140,16,100291,184,100074,184,100485,184,100066,184,100495,184,100062,184,100544,100,100055,184,100601,100,100045,184,100769,100,100007,100,100970,100,99994,100,101233,100,99993,100,,,99992,100
2019-06-28 09:40:50.000000000,100222,242,100140,158,100291,238,100074,238,100485,238,100066,238,100495,100,100062,100,100544,100,100055,100,100601,100,100045,100,100769,100,100007,100,100970,100,99994,100,101233,100,99993,100,,,99992,100
2019-06-28 09:41:00.000000000,100222,518,100140,434,100291,100,100074,100,100485,100,100066,100,100495,100,100062,100,100544,100,100055,100,100601,100,100045,100,100769,100,100007,100,100970,100,99994,100,101233,100,99993,100,,,99992,100
2019-06-28 09:41:10.000000000,100222,204,100140,120,100291,204,100074,204,100485,204,100066,204,100495,204,100062,204,100544,100,100055,100,100601,100,100045,100,100769,100,100007,100,100970,100,99994,100,101233,100,99993,100,,,99992,100
2019-06-28 09:41:20.000000000,100222,309,100140,225,100291,309,100074,309,100485,100,100066,100,100495,100,100062,100,100544,100,100055,100,100601,100,100045,100,100769,100,100007,100,100970,100,99994,100,101233,100,99993,100,,,99992,100
2019-06-28 09:41:25.518666177,100222,209,100140,225,100291,309,100074,309,100485,100,100066,100,100495,100,100062,100,100544,100,100055,100,100601,100,100045,100,100769,100,100007,100,100970,100,99994,100,101233,100,99993,100,,,99992,100
2019-06-28 09:41:30.000000000,100291,518,100140,434,100485,100,100074,100,100495,100,100066,100,100544,100,100062,100,100601,100,100055,100,100769,100,100045,100,100970,100,100007,100,101233,100,99994,100,,,99993,100,,,99992,100
2019-06-28 09:41:34.153660231,100291,418,100140,434,100485,100,100074,100,100495,100,100066,100,100544,100,100062,100,100601,100,100055,100,100769,100,100045,100,101233,100,100007,100,,,99994,100,,,99993,100,,,99992,100
2019-06-28 09:41:40.000000000,100485,204,100140,120,100495,204,100074,204,100544,204,100066,204,100601,204,100062,204,100769,100,100055,100,101233,100,100045,100,,,100007,100,,,99994,100,,,99993,100,,,99992,100
2019-06-28 09:41:41.127966894,100485,104,100140,120,100495,204,100074,204,100544,204,100066,204,100601,204,100062,204,100769,100,100055,100,101233,100,100045,100,,,100007,100,,,99994,100,,,99993,100,,,99992,100
2019-06-28 09:41:50.000000000,100495,518,100140,434,100544,100,100074,100,100601,100,100066,100,100769,100,100062,100,101233,100,100055,100,,,100045,100,,,100007,100,,,99994,100,,,99993,100,,,99992,100
2019-06-28 09:42:00.000000000,100495,242,100140,158,100544,238,100074,238,100601,238,100066,238,100769,100,100062,100,101233,100,100055,100,,,100045,100,,,100007,100,,,99994,100,,,99993,100,,,99992,100
2019-06-28 09:42:05.493658106,100495,142,100140,158,100544,238,100074,238,100601,238,100066,238,100769,100,100062,100,101233,100,100055,100,,,100045,100,,,100007,100,,,99994,100,,,99993,100,,,99992,100
2019-06-28 09:42:06.151390586,100495,142,100140,158,100544,238,100074,238,100601,238,100066,238,100769,100,100062,100,101233,100,100055,100,101393,100,100045,100,,,100007,100,,,99994,100,,,99993,100,,,99992,100
2019-06-28 09:42:10.000000000,100544,242,100140,158,100601,238,100074,238,100769,238,100066,238,101233,100,100062,100,101393,100,100055,100,,,100045,100,,,100007,100,,,99994,100,,,99993,100,,,99992,100
2019-06-28 09:42:17.302446938,100544,242,100140,158,100601,238,100074,238,100769,238,100066,238,101233,100,100062,100,101393,100,100055,100,101505,100,100045,100,,,100007,100,,,99994,100,,,99993,100,,,99992,100
2019-06-28 09:42:20.000000000,100544,518,100140,434,100601,100,100074,100,100769,100,100066,100,101233,100,100062,100,101393,100,100055,100,101505,100,100045,100,,,100007,100,,,99994,100,,,99993,100,,,99992,100
2019-06-28 09:42:30.000000000,100544,242,100140,158,100601,238,100074,238,100769,238,100066,238,101233,100,100062,100,101393,100,100055,100,101505,100,100045,100,,,100007,100,,,99994,100,,,99993,100,,,99992,100
2019-06-28 09:42:39.197936400,100544,242,100485,100,100601,238,100140,158,100769,238,100074,238,101233,100,100066,238,101393,100,100062,100,101505,100,100055,100,,,100045,100,,,100007,100,,,99994,100,,,99993,100
2019-06-28 09:42:40.000000000,100544,518,100485,518,100601,100,100140,16,100769,100,100074,100,101233,100,100066,100,101393,100,100062,100,101505,100,100055,100,,,100045,100,,,100007,100,,,99994,100,,,99993,100
2019-06-28 09:42:40.602518562,100544,518,100485,518,100601,100,100140,16,100769,100,100074,100,101233,100,100066,100,101393,100,100062,100,101505,100,100055,100,101577,100,100045,100,,,100007,100,,,99994,100,,,99993,100
2019-06-28 09:42:42.818576260,100544,418,100485,518,100601,100,100140,16,100769,100,100074,100,101233,100,100066,100,101393,100,100062,100,101505,100,100055,100,101577,100,100045,100,,,100007,100,,,99994,100,,,99992,100
2019-06-28 09:42:48.177340264,100544,418,100485,518,100601,100,100140,16,100769,100,100074,100,101233,100,100066,100,101393,100,100062,100,101505,100,100055,100,101577,100,100045,100,,,100007,100,,,99992,100,,,99978,100
2019-06-28 09:42:50.000000000,100601,518,100485,518,100769,100,100140,16,101233,100,100074,100,101393,100,100066,100,101505,100,100062,100,101577,100,100055,100,,,100045,100,,,100007,100,,,99992,100,,,99978,100
2019-06-28 09:43:00.000000000,100601,242,100485,242,100769,238,100140,154,101233,238,100074,238,101393,100,100066,100,101505,100,100062,100,101577,100,100055,100,,,100045,100,,,100007,100,,,99992,100,,,99978,100
2019-06-28 09:43:03.757653645,100601,142,100485,242,100769,238,100140,154,101233,238,100074,238,101505,100,100066,100,101577,100,100062,100,,,100055,100,,,100045,100,,,100007,100,,,99992,100,,,99978,100
2019-06-28 09:43:10.000000000,100769,309,100485,309,101233,309,100140,225,101505,100,100074,100,101577,100,100066,100,,,100062,100,,,100055,100,,,100045,100,,,100007,100,,,99992,100,,,99978,100
2019-06-28 09:43:12.582000784,100769,309,100544,100,101233,309,100485,309,101505,100,100140,225,101577,100,100074,100,,,100066,100,,,100062,100,,,100055,100,,,100045,100,,,100007,100,,,99992,100
2019-06-28 09:43:20.000000000,100769,518,100544,518,101233,100,100485,100,101505,100,100140,16,101577,100,100074,100,,,100066,100,,,100062,100,,,100055,100,,,100045,100,,,100007,100,,,99992,100
2019-06-28 09:43:24.843336667,100769,418,100544,518,101233,100,100485,100,101505,100,100140,16,101577,100,100074,100,,,100066,100,,,100062,100,,,100055,100,,,100045,100,,,100007,100,,,99992,100
2019-06-28 09:43:30.000000000,101233,309,100544,309,101505,309,100485,309,101577,100,100140,16,,,100074,100,,,100066,100,,,100062,100,,,100055,100,,,100045,100,,,100007,100,,,99992,100
2019-06-28 09:43:40.000000000,101233,184,100544,184,101505,184,100485,184,101577,184,100140,100,101578,84,100074,184,,,100066,184,,,100062,100,,,100055,100,,,100045,100,,,100007,100,,,99992,100
2019-06-28 09:43:41.788722539,101233,184,100544,184,101505,184,100485,184,101577,184,100140,100,101578,84,100074,184,101897,100,100066,184,,,100062,100,,,100055,100,,,100045,100,,,100007,100,,,99992,100
2019-06-28 09:43:45.847021069,101233,184,100544,184,101505,184,100485,184,101577,184,100140,100,101578,84,100074,184,101897,100,100066,184,101903,100,100062,100,,,100055,100,,,100045,100,,,100007,100,,,99992,100
2019-06-28 09:43:46.170359659,101233,184,100601,100,101505,184,100544,184,101577,184,100485,184,101578,84,100140,100,101897,100,100074,184,101903,100,100066,184,,,100062,100,,,100055,100,,,100045,100,,,100007,100
2019-06-28 09:43:49.200067227,101233,184,100601,100,101505,184,100544,184,101577,184,100485,84,101578,84,100140,100,101897,100,100074,184,101903,100,100066,184,,,100062,100,,,100055,100,,,100045,100,,,100007,100
2019-06-28 09:43:50.000000000,101233,184,100601,184,101505,184,100544,184,101577,184,100140,100,101897,184,100074,184,101903,184,100066,184,,,100062,100,,,100055,100,,,100045,100,,,100007,100,,,99978,100
2019-06-28 09:43:59.683950041,101233,84,100601,184,101505,184,100544,184,101577,184,100140,100,101897,184,100074,184,101903,184,100066,184,,,100062,100,,,100055,100,,,100045,100,,,100007,100,,,99978,100
2019-06-28 09:44:00.000000000,101505,242,100601,242,101577,238,100544,238,101897,238,100140,154,101903,100,100074,100,,,100066,100,,,100062,100,,,100055,100,,,100045,100,,,100007,100,,,99978,100
2019-06-28 09:44:10.000000000,101505,518,100601,518,101577,100,100544,100,101897,100,100140,16,101903,100,100074,100,,,100066,100,,,100062,100,,,100055,100,,,100045,100,,,100007,100,,,99978,100
2019-06-28 09:44:12.275798077,101505,518,100769,100,101577,100,100601,518,101897,100,100544,100,101903,100,100140,16,,,100074,100,,,100066,100,,,100062,100,,,100055,100,,,100045,100,,,100007,100
2019-06-28 09:44:16.402396972,101505,518,100769,100,101577,100,100601,518,101652,100,100544,100,101897,100,100140,16,101903,100,100074,100,,,100066,100,,,100062,100,,,100055,100,,,100045,100,,,100007,100
2019-06-28 09:44:20.000000000,101505,309,100769,309,101577,309,100601,309,101652,100,100544,100,101897,100,100140,16,101903,100,100074,100,,,100066,100,,,100062,100,,,100055,100,,,100045,100,,,100007,100
2019-06-28 09:44:25.626173405,101406,100,100769,309,101505,209,100601,309,101577,309,100544,100,101652,100,100140,16,101897,100,100074,100,101903,100,100066,100,,,100062,100,,,100055,100,,,100045,100,,,100007,100
2019-06-28 09:44:30.000000000,101406,184,100769,184,101577,184,100601,184,101652,184,100544,184,101897,184,100140,100,101903,184,100074,184,,,100066,100,,,100062,100,,,100055,100,,,100045,100,,,100007,100
2019-06-28 09:44:34.381782539,101406,184,100769,284,101577,184,100601,84,101652,184,100544,184,101897,184,100140,100,101903,184,100074,184,,,100066,100,,,100062,100,,,100055,100,,,100045,100,,,100007,100
2019-06-28 09:44:40.000000000,101406,184,100769,284,101577,184,100544,184,101652,184,100140,100,101897,184,100074,184,101903,184,100066,184,,,100062,100,,,100055,100,,,100045,100,,,100007,100,,,99978,100
2019-06-28 09:44:50.000000000,101406,184,100769,284,101577,184,100544,184,101652,184,100140,100,101897,184,100074,184,101903,184,100066,184,,,100062,100,,,100055,100,,,100045,100,,,100007,100,,,99978,100
2019-06-28 09:45:00.000000000,101406,518,100769,618,101577,100,100544,100,101652,100,100140,16,101897,100,100074,100,101903,100,100066,100,,,100062,100,,,100055,100,,,100045,100,,,100007,100,,,99978,100
2019-06-28 09:45:01.980704729,101406,418,100769,618,101577,100,100544,100,101652,100,100140,16,101897,100,100074,100,101903,100,100066,100,,,100062,100,,,100055,100,,,100045,100,,,100007,100,,,99978,100
2019-06-28 09:45:10.000000000,101577,184,100769,284,101652,184,100544,184,101897,184,100140,100,101903,184,100074,184,101904,84,100066,184,,,100062,100,,,100055,100,,,100045,100,,,100007,100,,,99978,100
2019-06-28 09:45:20.000000000,101577,204,100769,304,101652,204,100544,204,101897,204,100140,120,101903,204,100074,204,,,100066,100,,,100062,100,,,100055,100,,,100045,100,,,100007,100,,,99978,100
2019-06-28 09:45:30.000000000,101577,242,100769,342,101652,238,100544,238,101897,238,100140,154,101903,100,100074,100,,,100066,100,,,100062,100,,,100055,100,,,100045,100,,,100007,100,,,99978,100
2019-06-28 09:45:39.658264782,101577,142,100769,342,101652,238,100544,238,101897,238,100140,154,101903,100,100074,100,,,100066,100,,,100062,100,,,100055,100,,,100045,100,,,100007,100,,,99978,100
2019-06-28 09:45:40.000000000,101652,204,100769,304,101897,204,100544,204,101903,204,100140,120,101904,104,100074,204,,,100066,100,,,100062,100,,,100055,100,,,100045,100,,,100007,100,,,99978,100
2019-06-28 09:45:41.178962743,101646,100,100769,304,101652,204,100544,204,101897,204,100140,120,101903,204,100074,204,101904,104,100066,100,,,100062,100,,,100055,100,,,100045,100,,,100007,100,,,99978,100
2019-06-28 09:45:50.000000000,101646,518,100769,618,101652,100,100544,100,101897,100,100140,16,101903,100,100074,100,,,100066,100,,,100062,100,,,100055,100,,,100045,100,,,100007,100,,,99978,100
2019-06-28 09:45:54.540492066,101646,518,101514,100,101652,100,100769,618,101897,100,100544,100,101903,100,100140,16,,,100074,100,,,100066,100,,,100062,100,,,100055,100,,,100045,100,,,100007,100
2019-06-28 09:46:00.000000000,101646,309,101514,309,101652,309,100769,409,101897,100,100544,100,101903,100,100140,16,,,100074,100,,,100066,100,,,100062,100,,,100055,100,,,100045,100,,,100007,100
2019-06-28 09:46:10.000000000,101646,242,101514,242,101652,238,100769,338,101897,238,100544,238,101903,100,100140,16,,,100074,100,,,100066,100,,,100062,100,,,100055,100,,,100045,100,,,100007,100
2019-06-28 09:46:14.697878373,101646,242,101514,242,101652,238,100769,338,101799,100,100544,238,101897,238,100140,16,101903,100,100074,100,,,100066,100,,,100062,100,,,100055,100,,,100045,100,,,100007,100
2019-06-28 09:46:20.000000000,101646,518,101514,518,101652,100,100769,200,101799,100,100544,100,101897,100,100140,16,101903,100,100074,100,,,100066,100,,,100062,100,,,100055,100,,,100045,100,,,100007,100
2019-06-28 09:46:30.000000000,101646,518,101514,518,101652,100,100769,200,101799,100,100544,100,101897,100,100140,16,101903,100,100074,100,,,100066,100,,,100062,100,,,100055,100,,,100045,100,,,100007,100
2019-06-28 09:46:40.000000000,101646,518,101514,518,101652,100,100769,200,101799,100,100544,100,101897,100,100140,16,101903,100,100074,100,,,100066,100,,,100062,100,,,100055,100,,,100045,100,,,100007,100
2019-06-28 09:46:50.000000000,101646,204,101514,204,101652,204,100769,304,101799,204,100544,204,101897,204,100140,120,101903,100,100074,100,,,100066,100,,,100062,100,,,100055,100,,,100045,100,,,100007,100
2019-06-28 09:46:56.643157713,101646,104,101514,204,101652,204,100769,304,101799,204,100544,204,101897,204,100140,120,101903,100,100074,100,,,100066,100,,,100062,100,,,100055,100,,,100045,100,,,100007,100
2019-06-28 09:46:57.129225087,101646,104,101514,204,101652,204,100769,304,101799,204,100544,204,101840,100,100140,120,101897,204,100074,100,101903,100,100066,100,,,100062,100,,,100055,100,,,100045,100,,,100007,100
2019-06-28 09:47:00.000000000,101652,242,101514,242,101799,238,100769,338,101840,238,100544,238,101897,100,100140,16,101903,100,100074,100,,,100066,100,,,100062,100,,,100055,100,,,100045,100,,,100007,100
2019-06-28 09:47:04.251945403,101652,242,101514,142,101799,238,100769,338,101840,238,100544,238,101874,100,100140,16,101897,100,100074,100,101903,100,100066,100,,,100062,100,,,100055,100,,,100045,100,,,100007,100
2019-06-28 09:47:05.032345737,101652,242,101514,142,101799,238,100769,338,101840,238,100544,238,101854,100,100140,16,101874,100,100074,100,101897,100,100066,100,101903,100,100062,100,,,100055,100,,,100045,100,,,100007,100
2019-06-28 09:47:05.834240251,101652,142,101514,142,101799,238,100769,338,101840,238,100544,238,101854,100,100140,16,101874,100,100074,100,101897,100,100066,100,101903,100,100062,100,,,100055,100,,,100045,100,,,100007,100
2019-06-28 09:47:05.917518174,101652,42,101514,142,101799,238,100769,338,101840,238,100544,238,101854,100,100140,16,101874,100,100074,100,101897,100,100066,100,101903,100,100062,100,,,100055,100,,,100045,100,,,100007,100
2019-06-28 09:47:10.000000000,101799,242,100769,342,101840,238,100544,238,101854,238,100140,154,101874,100,100074,100,101897,100,100066,100,101903,100,100062,100,,,100055,100,,,100045,100,,,100007,100,,,99978,100
2019-06-28 09:47:15.506647564,101799,242,100769,342,101840,238,100544,238,101854,238,100140,154,101874,100,100074,100,101897,100,100066,100,101898,100,100062,100,101903,100,100055,100,,,100045,100,,,100007,100,,,99978,100
2019-06-28 09:47:20.000000000,101799,204,100769,304,101840,204,100544,204,101854,204,100140,120,101874,204,100074,204,101897,100,100066,100,101898,100,100062,100,101903,100,100055,100,,,100045,100,,,100007,100,,,99978,100
2019-06-28 09:47:30.000000000,101799,518,100769,618,101840,100,100544,100,101854,100,100140,16,101874,100,100074,100,101897,100,100066,100,101898,100,100062,100,101903,100,100055,100,,,100045,100,,,100007,100,,,99978,100
2019-06-28 09:47:40.000000000,101799,518,100769,618,101840,100,100544,100,101854,100,100140,16,101874,100,100074,100,101897,100,100066,100,101898,100,100062,100,101903,100,100055,100,,,100045,100,,,100007,100,,,99978,100
2019-06-28 09:47:49.511403299,101799,518,100769,618,101840,100,100544,100,101849,100,100140,16,101854,100,100074,100,101874,100,100066,100,101897,100,100062,100,101898,100,100055,100,101903,100,100045,100,,,100007,100,,,99978,100
2019-06-28 09:47:50.000000000,101799,184,100769,284,101840,184,100544,184,101849,184,100140,100,101854,184,100074,184,101874,184,100066,184,101897,100,100062,100,101898,100,100055,100,101903,100,100045,100,,,100007,100,,,99978,100
2019-06-28 09:47:55.572274574,101799,184,101652,100,101840,184,100769,284,101849,184,100544,184,101854,184,100140,100,101874,184,100074,184,101897,100,100066,184,101898,100,100062,100,101903,100,100055,100,,,100045,100,,,99978,100
2019-06-28 09:48:00.000000000,101799,518,101652,518,101840,100,100769,200,101849,100,100544,100,101854,100,100140,16,101874,100,100074,100,101897,100,100066,100,101898,100,100062,100,101903,100,100055,100,,,100045,100,,,99978,100
2019-06-28 09:48:03.111459111,101799,518,101652,518,101840,100,101517,100,101849,100,100769,200,101854,100,100544,100,101874,100,100140,16,101897,100,100074,100,101898,100,100066,100,101903,100,100062,100,,,100055,100,,,100045,100
2019-06-28 09:48:10.000000000,101799,242,101652,242,101840,238,101517,238,101849,238,100769,338,101854,100,100544,100,101874,100,100140,16,101897,100,100074,100,101898,100,100066,100,101903,100,100062,100,,,100055,100,,,100045,100
2019-06-28 09:48:16.536507407,101799,242,101652,242,101840,238,101517,238,101849,238,100769,338,101854,100,100544,100,101874,100,100140,16,101897,100,100074,100,101898,100,100066,100,101903,100,100062,100,101908,100,100055,100,,,100045,100
2019-06-28 09:48:20.000000000,101799,518,101652,518,101840,100,101517,100,101849,100,100769,200,101854,100,100544,100,101874,100,100140,16,101897,100,100074,100,101898,100,100066,100,101903,100,100062,100,101908,100,100055,100,,,100045,100
2019-06-28 09:48:22.300706338,101799,518,101652,518,101840,100,101517,100,101849,100,100769,200,101854,100,100544,100,101861,100,100140,16,101874,100,100074,100,101897,100,100066,100,101898,100,100062,100,101903,100,100055,100,101908,100,100045,100
2019-06-28 09:48:30.000000000,101799,242,101652,242,101840,238,101517,238,101849,238,100769,338,101854,100,100544,100,101861,100,100140,16,101874,100,100074,100,101897,100,100066,100,101898,100,100062,100,101903,100,100055,100,101908,100,100045,100
2019-06-28 09:48:34.726277067,101799,242,101652,142,101840,238,101517,238,101849,238,100769,338,101854,100,100140,16,101861,100,100074,100,101874,100,100066,100,101897,100,100062,100,101898,100,100055,100,101903,100,100045,100,101908,100,99978,100
2019-06-28 09:48:40.000000000,101799,309,101517,309,101840,309,100769,409,101849,100,100140,16,101854,100,100074,100,101861,100,100066,100,101874,100,100062,100,101897,100,100055,100,101898,100,100045,100,101903,100,99978,100,101908,100,99964,100
2019-06-28 09:48:50.000000000,101799,309,101517,309,101840,309,100769,409,101849,100,100140,16,101854,100,100074,100,101861,100,100066,100,101874,100,100062,100,101897,100,100055,100,101898,100,100045,100,101903,100,99978,100,101908,100,99964,100
2019-06-28 09:49:00.000000000,101799,184,101517,184,101840,184,100769,284,101849,184,100140,100,101854,184,100074,184,101861,184,100066,184,101874,100,100062,100,101897,100,100055,100,101898,100,100045,100,101903,100,99978,100,101908,100,99964,100
2019-06-28 09:49:02.626102138,101652,100,101517,184,101799,184,100769,284,101840,184,100140,100,101849,184,100074,184,101854,184,100066,184,101861,184,100062,100,101874,100,100055,100,101897,100,100045,100,101898,100,99978,100,101903,100,99964,100
2019-06-28 09:49:07.019058052,101652,100,101562,100,101799,184,101517,184,101840,184,100769,284,101849,184,100140,100,101854,184,100074,184,101861,184,100066,184,101874,100,100062,100,101897,100,100055,100,101898,100,100045,100,101903,100,99978,100
2019-06-28 09:49:10.000000000,101652,518,101562,518,101799,100,101517,100,101840,100,100769,200,101849,100,100140,16,101854,100,100074,100,101861,100,100066,100,101874,100,100062,100,101897,100,100055,100,101898,100,100045,100,101903,100,99978,100
2019-06-28 09:49:11.200929526,101652,618,101562,518,101799,100,101517,100,101840,100,100769,200,101849,100,100140,16,101854,100,100074,100,101861,100,100066,100,101874,100,100055,100,101897,100,100045,100,101898,100,99978,100,101903,100,99964,100
2019-06-28 09:49:16.627729015,101652,618,101562,518,101799,100,101517,100,101840,100,100769,200,101842,100,100140,16,101849,100,100074,100,101854,100,100066,100,101861,100,100055,100,101874,100,100045,100,101897,100,99978,100,101898,100,99964,100
2019-06-28 09:49:20.000000000,101652,304,101562,204,101799,204,101517,204,101840,204,100769,304,101842,204,100140,120,101849,100,100074,100,101854,100,100066,100,101861,100,100055,100,101874,100,100045,100,101897,100,99978,100,101898,100,99964,100
2019-06-28 09:49:30.000000000,101652,342,101562,242,101799,238,101517,238,101840,238,100769,338,101842,100,100140,16,101849,100,100074,100,101854,100,100066,100,101861,100,100055,100,101874,100,100045,100,101897,100,99978,100,101898,100,99964,100
2019-06-28 09:49:30.153165283,101652,442,101562,242,101799,238,101517,238,101840,238,100769,338,101842,100,100140,16,101849,100,100074,100,101854,100,100066,100,101861,100,100055,100,101874,100,100045,100,101897,100,99978,100,101898,100,99964,100
2019-06-28 09:49:40.000000000,101652,384,101562,184,101799,184,101517,184,101840,184,100769,284,101842,184,100140,100,101849,184,100074,184,101854,100,100066,100,101861,100,100055,100,101874,100,100045,100,101897,100,99978,100,101898,100,99964,100
2019-06-28 09:49:50.000000000,101652,718,101562,518,101799,100,101517,100,101840,100,100769,200,101842,100,100140,16,101849,100,100074,100,101854,100,100066,100,101861,100,100055,100,101874,100,100045,100,101897,100,99978,100,101898,100,99964,100
2019-06-28 09:49:55.614557225,101652,718,101562,418,101799,100,101517,100,101840,100,100769,200,101842,100,100140,16,101849,100,100074,100,101854,100,100066,100,101861,100,100055,100,101874,100,100045,100,101897,100,99978,100,101898,100,99964,100
2019-06-28 09:49:59.006351951,101652,718,101562,418,101799,100,101180,100,101840,100,100769,200,101842,100,100140,16,101849,100,100074,100,101854,100,100066,100,101861,100,100055,100,101874,100,100045,100,101897,100,99978,100,101898,100,99964,100
2019-06-28 09:50:00.000000000,101652,384,101180,184,101799,184,100769,284,101840,184,100140,100,101842,184,100074,184,101849,184,100066,184,101854,100,100055,100,101861,100,100045,100,101874,100,99978,100,101897,100,99964,100,101898,100,99961,100
2019-06-28 09:50:10.000000000,101652,384,101180,184,101799,184,100769,284,101840,184,100140,100,101842,184,100074,184,101849,184,100066,184,101854,100,100055,100,101861,100,100045,100,101874,100,99978,100,101897,100,99964,100,101898,100,99961,100
2019-06-28 09:50:10.486966725,101249,100,101180,184,101652,384,100769,284,101799,184,100140,100,101840,184,100074,184,101842,184,100066,184,101849,184,100055,100,101854,100,100045,100,101861,100,99978,100,101874,100,99964,100,101897,100,99961,100
2019-06-28 09:50:20.000000000,101249,309,101180,309,101652,509,100769,409,101799,100,100140,16,101840,100,100074,100,101842,100,100066,100,101849,100,100055,100,101854,100,100045,100,101861,100,99978,100,101874,100,99964,100,101897,100,99961,100
2019-06-28 09:50:30.000000000,101249,242,101180,242,101652,438,100769,338,101799,238,100140,154,101840,100,100074,100,101842,100,100066,100,101849,100,100055,100,101854,100,100045,100,101861,100,99978,100,101874,100,99964,100,101897,100,99961,100
2019-06-28 09:50:31.880144801,101249,242,101180,242,101652,438,100769,338,101799,238,100646,100,101840,100,100140,154,101842,100,100074,100,101849,100,100066,100,101854,100,100055,100,101861,100,100045,100,101874,100,99978,100,101897,100,99964,100
2019-06-28 09:50:40.000000000,101249,184,101180,184,101652,384,100769,284,101799,184,100646,184,101840,184,100140,100,101842,184,100074,184,101849,100,100066,100,101854,100,100055,100,101861,100,100045,100,101874,100,99978,100,101897,100,99964,100
2019-06-28 09:50:46.818903707,101249,184,101180,184,101652,384,100769,284,101799,184,100646,184,101840,184,100140,100,101842,184,100074,184,101849,100,100055,100,101854,100,100045,100,101861,100,99978,100,101874,100,99964,100,101897,100,99961,100
2019-06-28 09:50:50.000000000,101249,309,101180,309,101652,509,100769,409,101799,100,100646,100,101840,100,100140,16,101842,100,100074,100,101849,100,100055,100,101854,100,100045,100,101861,100,99978,100,101874,100,99964,100,101897,100,99961,100
2019-06-28 09:50:51.191131796,101249,309,101180,309,101651,100,100769,409,101652,509,100646,100,101799,100,100140,16,101840,100,100074,100,101842,100,100055,100,101849,100,100045,100,101854,100,99978,100,101861,100,99964,100,101874,100,99961,100
2019-06-28 09:51:00.000000000,101249,242,101180,242,101651,238,100769,338,101652,438,100646,238,101799,100,100140,16,101840,100,100074,100,101842,100,100055,100,101849,100,100045,100,101854,100,99978,100,101861,100,99964,100,101874,100,99961,100
2019-06-28 09:51:10.000000000,101249,242,101180,242,101651,238,100769,338,101652,438,100646,238,101799,100,100140,16,101840,100,100074,100,101842,100,100055,100,101849,100,100045,100,101854,100,99978,100,101861,100,99964,100,101874,100,99961,100
2019-06-28 09:51:20.000000000,101249,309,101180,309,101651,309,100769,409,101652,300,100646,100,101799,100,100140,16,101840,100,100074,100,101842,100,100055,100,101849,100,100045,100,101854,100,99978,100,101861,100,99964,100,101874,100,99961,100
2019-06-28 09:51:20.848268405,101249,309,101180,309,101651,309,100769,409,101652,300,100646,100,101799,100,100579,100,101840,100,100140,16,101842,100,100074,100,101849,100,100055,100,101854,100,100045,100,101861,100,99978,100,101874,100,99964,100
2019-06-28 09:51:30.000000000,101249,518,101180,518,101651,100,100769,200,101652,300,100646,100,101799,100,100579,100,101840,100,100140,16,101842,100,100074,100,101849,100,100055,100,101854,100,100045,100,101861,100,99978,100,101874,100,99964,100
2019-06-28 09:51:40.000000000,101249,184,101180,184,101651,184,100769,284,101652,384,100646,184,101799,184,100579,184,101840,184,100140,100,101842,100,100074,100,101849,100,100055,100,101854,100,100045,100,101861,100,99978,100,101874,100,99964,100
2019-06-28 09:51:43.130604087,101249,184,101180,184,101651,284,100769,284,101652,384,100646,184,101799,184,100579,184,101840,184,100140,100,101842,100,100074,100,101849,100,100055,100,101854,100,100045,100,101861,100,99978,100,101874,100,99964,100
2019-06-28 09:51:44.125640353,101249,184,101180,184,101651,284,100769,284,101652,384,100646,184,101799,184,100579,184,101840,184,100575,100,101842,100,100140,100,101849,100,100074,100,101854,100,100055,100,101861,100,100045,100,101874,100,99978,100
2019-06-28 09:51:45.160335851,101249,184,101180,84,101651,284,100769,284,101652,384,100646,184,101799,184,100579,184,101840,184,100575,100,101842,100,100140,100,101849,100,100074,100,101854,100,100055,100,101861,100,100045,100,101874,100,99978,100
2019-06-28 09:51:50.000000000,101249,242,100769,342,101651,338,100646,238,101652,438,100579,238,101799,100,100575,100,101840,100,100140,16,101842,100,100074,100,101849,100,100055,100,101854,100,100045,100,101861,100,99978,100,101874,100,99964,100
2019-06-28 09:52:00.000000000,101249,204,100769,304,101651,304,100646,204,101652,404,100579,204,101799,204,100575,204,101840,100,100140,16,101842,100,100074,100,101849,100,100055,100,101854,100,100045,100,101861,100,99978,100,101874,100,99964,100
2019-06-28 09:52:10.000000000,101249,309,100769,409,101651,409,100646,309,101652,300,100579,100,101799,100,100575,100,101840,100,100140,16,101842,100,100074,100,101849,100,100055,100,101854,100,100045,100,101861,100,99978,100,101874,100,99964,100
2019-06-28 09:52:12.298436618,101249,309,100769,409,101651,409,100646,309,101652,300,100579,100,101799,100,100575,100,101840,100,100297,100,101842,100,100140,16,101849,100,100074,100,101854,100,100055,100,101861,100,100045,100,101874,100,99978,100
2019-06-28 09:52:20.000000000,101249,518,100769,618,101651,200,100646,100,101652,300,100579,100,101799,100,100575,100,101840,100,100297,100,101842,100,100140,16,101849,100,100074,100,101854,100,100055,100,101861,100,100045,100,101874,100,99978,100
2019-06-28 09:52:30.000000000,101249,309,100769,409,101651,409,100646,309,101652,300,100579,100,101799,100,100575,100,101840,100,100297,100,101842,100,100140,16,101849,100,100074,100,101854,100,100055,100,101861,100,100045,100,101874,100,99978,100
2019-06-28 09:52:39.465122734,101249,309,100769,309,101651,409,100646,309,101652,300,100579,100,101799,100,100575,100,101840,100,100297,100,101842,100,100140,16,101849,100,100074,100,101854,100,100055,100,101861,100,100045,100,101874,100,99978,100
2019-06-28 09:52:40.000000000,101249,184,100769,184,101651,284,100646,184,101652,384,100579,184,101799,184,100575,184,101840,184,100297,184,101842,100,100140,16,101849,100,100074,100,101854,100,100055,100,101861,100,100045,100,101874,100,99978,100
2019-06-28 09:52:50.000000000,101249,242,100769,242,101651,338,100646,238,101652,438,100579,238,101799,100,100575,100,101840,100,100297,100,101842,100,100140,16,101849,100,100074,100,101854,100,100055,100,101861,100,100045,100,101874,100,99978,100
2019-06-28 09:53:00.000000000,101249,204,100769,204,101651,304,100646,204,101652,404,100579,204,101799,204,100575,204,101840,100,100297,100,101842,100,100140,16,101849,100,100074,100,101854,100,100055,100,101861,100,100045,100,101874,100,99978,100
2019-06-28 09:53:02.037037587,101248,100,100769,204,101249,204,100646,204,101651,304,100579,204,101652,404,100575,204,101799,204,100297,100,101840,100,100140,16,101842,100,100074,100,101849,100,100055,100,101854,100,99978,100,101861,100,99964,100
2019-06-28 09:53:05.595895421,101248,100,100769,104,101249,204,100646,204,101651,304,100579,204,101652,404,100575,204,101799,204,100297,100,101840,100,100140,16,101842,100,100074,100,101849,100,100055,100,101854,100,99978,100,101861,100,99964,100
2019-06-28 09:53:10.000000000,101248,518,100646,518,101249,100,100579,100,101651,200,100575,100,101652,300,100297,100,101799,100,100140,16,101840,100,100074,100,101842,100,100055,100,101849,100,99978,100,101854,100,99964,100,101861,100,99961,100
2019-06-28 09:53:20.000000000,101248,184,100646,184,101249,184,100579,184,101651,284,100575,184,101652,384,100297,184,101799,184,100140,100,101840,100,100074,100,101842,100,100055,100,101849,100,99978,100,101854,100,99964,100,101861,100,99961,100
2019-06-28 09:53:25.970351175,101180,100,100646,184,101248,184,100579,184,101249,184,100575,184,101651,284,100297,184,101652,384,100140,100,101799,184,100074,100,101840,100,100055,100,101842,100,99978,100,101849,100,99964,100,101854,100,99961,100
2019-06-28 09:53:30.000000000,101180,204,100646,204,101248,204,100579,204,101249,204,100575,204,101651,304,100297,204,101652,300,100140,16,101799,100,100074,100,101840,100,100055,100,101842,100,99978,100,101849,100,99964,100,101854,100,99961,100
2019-06-28 09:53:34.752372472,101180,204,100646,104,101248,204,100579,204,101249,204,100575,204,101651,304,100297,204,101652,300,100140,16,101799,100,100074,100,101840,100,100055,100,101842,100,99978,100,101849,100,99964,100,101854,100,99961,100
2019-06-28 09:53:40.000000000,101180,184,100579,184,101248,184,100575,184,101249,184,100297,184,101651,284,100140,100,101652,384,100074,184,101799,100,100055,100,101840,100,99978,100,101842,100,99964,100,101849,100,99961,100,101854,100,99897,100
2019-06-28 09:53:50.000000000,101180,204,100579,204,101248,204,100575,204,101249,204,100297,204,101651,304,100140,120,101652,300,100074,100,101799,100,100055,100,101840,100,99978,100,101842,100,99964,100,101849,100,99961,100,101854,100,99897,100
2019-06-28 09:54:00.000000000,101180,184,100579,184,101248,184,100575,184,101249,184,100297,184,101651,284,100140,100,101652,384,100074,184,101799,100,100055,100,101840,100,99978,100,101842,100,99964,100,101849,100,99961,100,101854,100,99897,100
2019-06-28 09:54:05.291257207,101180,184,100579,184,101248,184,100575,184,101249,184,100297,184,101651,284,100177,100,101652,384,100140,100,101799,100,100074,184,101840,100,100055,100,101842,100,99978,100,101849,100,99964,100,101854,100,99961,100
2019-06-28 09:54:06.150543749,101180,184,100579,184,101248,184,100575,184,101249,184,100385,100,101651,284,100297,184,101652,384,100177,100,101799,100,100140,100,101840,100,100074,184,101842,100,100055,100,101849,100,99978,100,101854,100,99964,100
2019-06-28 09:54:08.003811390,101180,184,100579,84,101248,184,100575,184,101249,184,100385,100,101651,284,100297,184,101652,384,100177,100,101799,100,100140,100,101840,100,100074,184,101842,100,100055,100,101849,100,99978,100,101854,100,99964,100
2019-06-28 09:54:10.000000000,101180,309,100575,309,101248,309,100385,309,101249,100,100297,100,101651,200,100177,100,101652,300,100140,16,101799,100,100074,100,101840,100,100055,100,101842,100,99978,100,101849,100,99964,100,101854,100,99961,100
2019-06-28 09:54:20.000000000,101180,309,100575,309,101248,309,100385,309,101249,100,100297,100,101651,200,100177,100,101652,300,100140,16,101799,100,100074,100,101840,100,100055,100,101842,100,99978,100,101849,100,99964,100,101854,100,99961,100
2019-06-28 09:54:22.665011458,101180,309,100575,209,101248,309,100385,309,101249,100,100297,100,101651,200,100177,100,101652,300,100140,16,101799,100,100074,100,101840,100,100055,100,101842,100,99978,100,101849,100,99964,100,101854,100,99961,100
2019-06-28 09:54:24.755927242,101180,309,100575,109,101248,309,100385,309,101249,100,100297,100,101651,200,100177,100,101652,300,100140,16,101799,100,100074,100,101840,100,100055,100,101842,100,99978,100,101849,100,99964,100,101854,100,99961,100
2019-06-28 09:54:25.824407712,101180,309,100575,109,101248,309,100385,309,101249,100,100297,100,101651,200,100177,100,101652,300,100140,16,101799,100,100122,100,101840,100,100074,100,101842,100,100055,100,101849,100,99978,100,101854,100,99964,100
2019-06-28 09:54:30.000000000,101180,309,100385,309,101248,309,100297,309,101249,100,100177,100,101651,200,100140,16,101652,300,100122,100,101799,100,100074,100,101840,100,100055,100,101842,100,99978,100,101849,100,99964,100,101854,100,99961,100
2019-06-28 09:54:40.000000000,101180,242,100385,242,101248,238,100297,238,101249,238,100177,238,101651,200,100140,16,101652,300,100122,100,101799,100,100074,100,101840,100,100055,100,101842,100,99978,100,101849,100,99964,100,101854,100,99961,100
2019-06-28 09:54:50.000000000,101180,242,100385,242,101248,238,100297,238,101249,238,100177,238,101651,200,100140,16,101652,300,100122,100,101799,100,100074,100,101840,100,100055,100,101842,100,99978,100,101849,100,99964,100,101854,100,99961,100
2019-06-28 09:54:56.053452377,101180,242,100385,142,101248,238,100297,238,101249,238,100177,238,101651,200,100140,16,101652,300,100122,100,101799,100,100074,100,101840,100,100055,100,101842,100,99978,100,101849,100,99964,100,101854,100,99961,100
2019-06-28 09:55:00.000000000,101180,242,100297,242,101248,238,100177,238,101249,238,100140,154,101651,200,100122,100,101652,300,100074,100,101799,100,100055,100,101840,100,99978,100,101842,100,99964,100,101849,100,99961,100,101854,100,99897,100
2019-06-28 09:55:10.000000000,101180,518,100297,518,101248,100,100177,100,101249,100,100140,16,101651,200,100122,100,101652,300,100074,100,101799,100,100055,100,101840,100,99978,100,101842,100,99964,100,101849,100,99961,100,101854,100,99897,100
2019-06-28 09:55:20.000000000,101180,309,100297,309,101248,309,100177,309,101249,100,100140,16,101651,200,100122,100,101652,300,100074,100,101799,100,100055,100,101840,100,99978,100,101842,100,99964,100,101849,100,99961,100,101854,100,99897,100
2019-06-28 09:55:23.350722270,101180,309,100554,100,101248,309,100297,309,101249,100,100177,309,101651,200,100140,16,101652,300,100122,100,101799,100,100074,100,101840,100,100055,100,101842,100,99978,100,101849,100,99964,100,101861,100,99961,100
2019-06-28 09:55:24.572488724,101180,309,100297,309,101248,309,100177,309,101249,100,100140,16,101651,200,100122,100,101652,300,100074,100,101799,100,100055,100,101840,100,99978,100,101842,100,99964,100,101849,100,99961,100,101861,100,99897,100
2019-06-28 09:55:30.000000000,101180,204,100297,204,101248,204,100177,204,101249,204,100140,120,101651,304,100122,204,101652,300,100074,100,101799,100,100055,100,101840,100,99978,100,101842,100,99964,100,101849,100,99961,100,101861,100,99897,100
2019-06-28 09:55:39.595596707,101180,204,100386,100,101248,204,100297,204,101249,204,100177,204,101651,304,100140,120,101652,300,100122,204,101799,100,100074,100,101840,100,100055,100,101842,100,99978,100,101849,100,99964,100,101861,100,99961,100
2019-06-28 09:55:40.000000000,101180,309,100386,309,101248,309,100297,309,101249,100,100177,100,101651,200,100140,16,101652,300,100122,100,101799,100,100074,100,101840,100,100055,100,101842,100,99978,100,101849,100,99964,100,101861,100,99961,100
2019-06-28 09:55:48.687919981,100410,100,100386,309,101180,309,100297,309,101248,309,100177,100,101249,100,100140,16,101651,200,100122,100,101652,300,100074,100,101799,100,100055,100,101840,100,99978,100,101842,100,99964,100,101849,100,99961,100
2019-06-28 09:55:50.000000000,100410,518,100386,518,101180,100,100297,100,101248,100,100177,100,101249,100,100140,16,101651,200,100122,100,101652,300,100074,100,101799,100,100055,100,101840,100,99978,100,101842,100,99964,100,101849,100,99961,100
2019-06-28 09:56:00.000000000,100410,242,100386,242,101180,238,100297,238,101248,238,100177,238,101249,100,100140,16,101651,200,100122,100,101652,300,100074,100,101799,100,100055,100,101840,100,99978,100,101842,100,99964,100,101849,100,99961,100
2019-06-28 09:56:04.134861611,100410,242,100386,242,100754,100,100297,238,101180,238,100177,238,101248,238,100140,16,101249,100,100122,100,101651,200,100074,100,101652,300,100055,100,101799,100,99978,100,101840,100,99964,100,101842,100,99961,100
2019-06-28 09:56:10.000000000,100410,518,100386,518,100754,100,100297,100,101180,100,100177,100,101248,100,100140,16,101249,100,100122,100,101651,200,100074,100,101652,300,100055,100,101799,100,99978,100,101840,100,99964,100,101842,100,99961,100
2019-06-28 09:56:20.000000000,100410,242,100386,242,100754,238,100297,238,101180,238,100177,238,101248,100,100140,16,101249,100,100122,100,101651,200,100074,100,101652,300,100055,100,101799,100,99978,100,101840,100,99964,100,101842,100,99961,100
2019-06-28 09:56:30.000000000,100410,204,100386,204,100754,204,100297,204,101180,204,100177,204,101248,204,100140,120,101249,100,100122,100,101651,200,100074,100,101652,300,100055,100,101799,100,99978,100,101840,100,99964,100,101842,100,99961,100
2019-06-28 09:56:40.000000000,100410,184,100386,184,100754,184,100297,184,101180,184,100177,184,101248,184,100140,100,101249,184,100122,184,101651,200,100074,100,101652,300,100055,100,101799,100,99978,100,101840,100,99964,100,101842,100,99961,100
2019-06-28 09:56:50.000000000,100410,242,100386,242,100754,238,100297,238,101180,238,100177,238,101248,100,100140,16,101249,100,100122,100,101651,200,100074,100,101652,300,100055,100,101799,100,99978,100,101840,100,99964,100,101842,100,99961,100
2019-06-28 09:56:55.225883205,100410,242,100386,142,100754,238,100297,238,101180,238,100177,238,101248,100,100140,16,101249,100,100122,100,101651,200,100074,100,101652,300,100055,100,101799,100,99978,100,101840,100,99964,100,101842,100,99961,100
2019-06-28 09:57:00.000000000,100410,242,100297,242,100754,238,100177,238,101180,238,100140,154,101248,100,100122,100,101249,100,100074,100,101651,200,100055,100,101652,300,99978,100,101799,100,99964,100,101840,100,99961,100,101842,100,99897,100
2019-06-28 09:57:06.813156049,100410,242,100297,242,100754,238,100177,238,101180,238,100140,154,101248,100,100122,100,101249,100,100074,100,101651,200,100055,100,101652,300,99978,100,101799,100,99964,100,101840,100,99961,100,101842,100,99910,100
2019-06-28 09:57:10.000000000,100410,242,100297,242,100754,238,100177,238,101180,238,100140,154,101248,100,100122,100,101249,100,100074,100,101651,200,100055,100,101652,300,99978,100,101799,100,99964,100,101840,100,99961,100,101842,100,99910,100
2019-06-28 09:57:20.000000000,100410,184,100297,184,100754,184,100177,184,101180,184,100140,100,101248,184,100122,184,101249,184,100074,184,101651,200,100055,100,101652,300,99978,100,101799,100,99964,100,101840,100,99961,100,101842,100,99910,100
2019-06-28 09:57:30.000000000,100410,204,100297,204,100754,204,100177,204,101180,204,100140,120,101248,204,100122,204,101249,100,100074,100,101651,200,100055,100,101652,300,99978,100,101799,100,99964,100,101840,100,99961,100,101842,100,99910,100
2019-06-28 09:57:38.424414951,100410,204,100297,204,100754,204,100177,204,101180,204,100140,120,101248,204,100122,204,101249,100,100074,100,101651,200,100055,100,101652,300,100041,100,101799,100,99978,100,101840,100,99964,100,101842,100,99961,100
2019-06-28 09:57:40.000000000,100410,204,100297,204,100754,204,100177,204,101180,204,100140,120,101248,204,100122,204,101249,100,100074,100,101651,200,100055,100,101652,300,100041,100,101799,100,99978,100,101840,100,99964,100,101842,100,99961,100
2019-06-28 09:57:50.000000000,100410,184,100297,184,100754,184,100177,184,101180,184,100140,100,101248,184,100122,184,101249,184,100074,184,101651,200,100055,100,101652,300,100041,100,101799,100,99978,100,101840,100,99964,100,101842,100,99961,100
2019-06-28 09:57:52.622153006,100410,184,100297,84,100754,184,100177,184,101180,184,100140,100,101248,184,100122,184,101249,184,100074,184,101651,200,100055,100,101652,300,100041,100,101799,100,99978,100,101840,100,99964,100,101842,100,99961,100
2019-06-28 09:58:00.000000000,100410,204,100177,204,100754,204,100140,120,101180,204,100122,204,101248,204,100074,204,101249,100,100055,100,101651,200,100041,100,101652,300,99978,100,101799,100,99964,100,101840,100,99961,100,101842,100,99910,100
2019-06-28 09:58:10.000000000,100410,184,100177,184,100754,184,100140,100,101180,184,100122,184,101248,184,100074,184,101249,184,100055,184,101651,200,100041,100,101652,300,99978,100,101799,100,99964,100,101840,100,99961,100,101842,100,99910,100
2019-06-28 09:58:20.000000000,100410,242,100177,242,100754,238,100140,154,101180,238,100122,238,101248,100,100074,100,101249,100,100055,100,101651,200,100041,100,101652,300,99978,100,101799,100,99964,100,101840,100,99961,100,101842,100,99910,100
2019-06-28 09:58:30.000000000,100410,242,100177,242,100754,238,100140,154,101180,238,100122,238,101248,100,100074,100,101249,100,100055,100,101651,200,100041,100,101652,300,99978,100,101799,100,99964,100,101840,100,99961,100,101842,100,99910,100
2019-06-28 09:58:40.000000000,100410,518,100177,518,100754,100,100140,16,101180,100,100122,100,101248,100,100074,100,101249,100,100055,100,101651,200,100041,100,101652,300,99978,100,101799,100,99964,100,101840,100,99961,100,101842,100,99910,100
2019-06-28 09:58:43.144829847,100410,418,100177,518,100754,100,100140,16,101180,100,100122,100,101248,100,100074,100,101249,100,100055,100,101651,200,100041,100,101652,300,99978,100,101799,100,99964,100,101840,100,99961,100,101842,100,99910,100
2019-06-28 09:58:43.472127247,100410,418,100298,100,100754,100,100177,518,101180,100,100140,16,101248,100,100122,100,101249,100,100074,100,101651,200,100055,100,101652,300,100041,100,101799,100,99978,100,101840,100,99964,100,101842,100,99961,100
2019-06-28 09:58:50.000000000,100754,184,100298,184,101180,184,100177,184,101248,184,100140,100,101249,184,100122,184,101651,284,100074,184,101652,300,100055,100,101799,100,100041,100,101840,100,99978,100,101842,100,99964,100,101861,100,99961,100
2019-06-28 09:58:52.605474908,100332,100,100298,184,100754,184,100177,184,101180,184,100140,100,101248,184,100122,184,101249,184,100074,184,101651,284,100055,100,101652,300,100041,100,101799,100,99978,100,101840,100,99964,100,101842,100,99961,100
2019-06-28 09:58:53.458346795,100332,100,100298,184,100754,184,100177,184,101180,184,100140,100,101248,184,100122,184,101249,184,100074,184,101651,284,100055,100,101652,200,100041,100,101799,100,99978,100,101840,100,99964,100,101842,100,99961,100
2019-06-28 09:59:00.000000000,100332,204,100298,204,100754,204,100177,204,101180,204,100140,120,101248,204,100122,204,101249,100,100074,100,101651,200,100055,100,101652,200,100041,100,101799,100,99978,100,101840,100,99964,100,101842,100,99961,100
2019-06-28 09:59:05.738385777,100332,204,100298,204,100421,100,100177,204,100754,204,100140,120,101180,204,100122,204,101248,204,100074,100,101249,100,100055,100,101651,200,100041,100,101652,200,99978,100,101799,100,99964,100,101840,100,99961,100
2019-06-28 09:59:10.000000000,100332,204,100298,204,100421,204,100177,204,100754,204,100140,120,101180,204,100122,204,101248,100,100074,100,101249,100,100055,100,101651,200,100041,100,101652,200,99978,100,101799,100,99964,100,101840,100,99961,100
2019-06-28 09:59:20.000000000,100332,204,100298,204,100421,204,100177,204,100754,204,100140,120,101180,204,100122,204,101248,100,100074,100,101249,100,100055,100,101651,200,100041,100,101652,200,99978,100,101799,100,99964,100,101840,100,99961,100
2019-06-28 09:59:30.000000000,100332,309,100298,309,100421,309,100177,309,100754,100,100140,16,101180,100,100122,100,101248,100,100074,100,101249,100,100055,100,101651,200,100041,100,101652,200,99978,100,101799,100,99964,100,101840,100,99961,100
2019-06-28 09:59:32.895686329,100332,309,100298,309,100421,309,100177,309,100754,100,100140,16,100787,100,100122,100,101180,100,100074,100,101248,100,100055,100,101249,100,100041,100,101651,200,99978,100,101652,200,99964,100,101799,100,99961,100
2019-06-28 09:59:40.000000000,100332,204,100298,204,100421,204,100177,204,100754,204,100140,120,100787,204,100122,204,101180,100,100074,100,101248,100,100055,100,101249,100,100041,100,101651,200,99978,100,101652,200,99964,100,101799,100,99961,100
2019-06-28 09:59:50.000000000,100332,242,100298,242,100421,238,100177,238,100754,238,100140,154,100787,100,100122,100,101180,100,100074,100,101248,100,100055,100,101249,100,100041,100,101651,200,99978,100,101652,200,99964,100,101799,100,99961,100
2019-06-28 10:00:00.000000000,100332,518,100298,518,100421,100,100177,100,100754,100,100140,16,100787,100,100122,100,101180,100,100074,100,101248,100,100055,100,101249,100,100041,100,101651,200,99978,100,101652,200,99964,100,101799,100,99961,100
2019-06-28 10:00:02.895394882,100332,418,100298,518,100421,100,100177,100,100754,100,100140,16,100787,100,100122,100,101180,100,100074,100,101248,100,100055,100,101249,100,100041,100,101651,200,99978,100,101652,200,99964,100,101799,100,99961,100
2019-06-28 10:00:10.000000000,100421,518,100298,518,100754,100,100177,100,100787,100,100140,16,101180,100,100122,100,101248,100,100074,100,101249,100,100055,100,101651,200,100041,100,101652,200,99978,100,101799,100,99964,100,101842,100,99961,100
2019-06-28 10:00:10.184723865,100421,518,100332,100,100754,100,100298,518,100787,100,100177,100,101180,100,100140,16,101248,100,100122,100,101249,100,100074,100,101651,200,100055,100,101652,200,100041,100,101799,100,99978,100,101842,100,99964,100
2019-06-28 10:00:20.000000000,100421,204,100332,204,100754,204,100298,204,100787,204,100177,204,101180,204,100140,120,101248,100,100122,100,101249,100,100074,100,101651,200,100055,100,101652,200,100041,100,101799,100,99978,100,101842,100,99964,100
2019-06-28 10:00:30.000000000,100421,518,100332,518,100754,100,100298,100,100787,100,100177,100,101180,100,100140,16,101248,100,100122,100,101249,100,100074,100,101651,200,100055,100,101652,200,100041,100,101799,100,99978,100,101842,100,99964,100
2019-06-28 10:00:40.000000000,100421,309,100332,309,100754,309,100298,309,100787,100,100177,100,101180,100,100140,16,101248,100,100122,100,101249,100,100074,100,101651,200,100055,100,101652,200,100041,100,101799,100,99978,100,101842,100,99964,100
2019-06-28 10:00:48.182364479,100421,209,100332,309,100754,309,100298,309,100787,100,100177,100,101180,100,100140,16,101248,100,100122,100,101651,200,100074,100,101652,200,100055,100,101799,100,100041,100,101842,100,99978,100,101861,100,99964,100
2019-06-28 10:00:50.000000000,100754,242,100332,242,100787,238,100298,238,101180,238,100177,238,101248,100,100140,16,101651,200,100122,100,101652,200,100074,100,101799,100,100055,100,101842,100,100041,100,101861,100,99978,100,101874,100,99964,100
2019-06-28 10:00:57.516794597,100754,242,100333,100,100787,238,100332,242,101180,238,100298,238,101248,100,100177,238,101651,200,100140,16,101652,200,100122,100,101799,100,100074,100,101842,100,100055,100,101861,100,100041,100,101874,100,99978,100
2019-06-28 10:01:00.000000000,100754,204,100333,204,100787,204,100332,204,101180,204,100298,204,101248,204,100177,204,101651,200,100140,16,101652,200,100122,100,101799,100,100074,100,101842,100,100055,100,101861,100,100041,100,101874,100,99978,100
2019-06-28 10:01:10.000000000,100754,242,100333,242,100787,238,100332,238,101180,238,100298,238,101248,100,100177,100,101651,200,100140,16,101652,200,100122,100,101799,100,100074,100,101842,100,100055,100,101861,100,100041,100,101874,100,99978,100
2019-06-28 10:01:12.556054222,100754,242,100333,342,100787,238,100332,238,101180,238,100298,238,101248,100,100177,100,101651,200,100140,16,101652,200,100122,100,101799,100,100074,100,101842,100,100055,100,101861,100,100041,100,101874,100,99978,100
2019-06-28 10:01:20.000000000,100754,242,100333,342,100787,238,100332,238,101180,238,100298,238,101248,100,100177,100,101651,200,100140,16,101652,200,100122,100,101799,100,100074,100,101842,100,100055,100,101861,100,100041,100,101874,100,99978,100
2019-06-28 10:01:30.000000000,100754,242,100333,342,100787,238,100332,238,101180,238,100298,238,101248,100,100177,100,101651,200,100140,16,101652,200,100122,100,101799,100,100074,100,101842,100,100055,100,101861,100,100041,100,101874,100,99978,100
2019-06-28 10:01:40.000000000,100754,184,100333,284,100787,184,100332,184,101180,184,100298,184,101248,184,100177,184,101651,284,100140,100,101652,200,100122,100,101799,100,100074,100,101842,100,100055,100,101861,100,100041,100,101874,100,99978,100
2019-06-28 10:01:50.000000000,100754,242,100333,342,100787,238,100332,238,101180,238,100298,238,101248,100,100177,100,101651,200,100140,16,101652,200,100122,100,101799,100,100074,100,101842,100,100055,100,101861,100,100041,100,101874,100,99978,100
2019-06-28 10:01:54.523867005,100754,242,100487,100,100787,238,100333,342,101180,238,100332,238,101248,100,100298,238,101651,200,100177,100,101652,200,100140,16,101799,100,100122,100,101842,100,100074,100,101861,100,100055,100,101874,100,100041,100
2019-06-28 10:02:00.000000000,100754,184,100487,184,100787,184,100333,284,101180,184,100332,184,101248,184,100298,184,101651,284,100177,184,101652,200,100140,16,101799,100,100122,100,101842,100,100074,100,101861,100,100055,100,101874,100,100041,100
2019-06-28 10:02:01.974699783,100666,100,100487,184,100754,184,100333,284,100787,184,100332,184,101180,184,100298,184,101248,184,100177,184,101651,284,100140,16,101652,200,100122,100,101799,100,100074,100,101842,100,100055,100,101861,100,100041,100
2019-06-28 10:02:10.000000000,100666,184,100487,184,100754,184,100333,284,100787,184,100332,184,101180,184,100298,184,101248,184,100177,184,101651,200,100140,16,101652,200,100122,100,101799,100,100074,100,101842,100,100055,100,101861,100,100041,100
2019-06-28 10:02:19.951343722,100666,184,100564,100,100754,184,100487,184,100787,184,100333,284,101180,184,100332,184,101248,184,100298,184,101651,200,100177,184,101652,200,100140,16,101799,100,100122,100,101842,100,100074,100,101861,100,100055,100
2019-06-28 10:02:20.000000000,100666,309,100564,309,100754,309,100487,309,100787,100,100333,200,101180,100,100332,100,101248,100,100298,100,101651,200,100177,100,101652,200,100140,16,101799,100,100122,100,101842,100,100074,100,101861,100,100055,100
2019-06-28 10:02:30.000000000,100666,242,100564,242,100754,238,100487,238,100787,238,100333,338,101180,100,100332,100,101248,100,100298,100,101651,200,100177,100,101652,200,100140,16,101799,100,100122,100,101842,100,100074,100,101861,100,100055,100
2019-06-28 10:02:40.000000000,100666,204,100564,204,100754,204,100487,204,100787,204,100333,304,101180,204,100332,204,101248,100,100298,100,101651,200,100177,100,101652,200,100140,16,101799,100,100122,100,101842,100,100074,100,101861,100,100055,100
2019-06-28 10:02:50.000000000,100666,518,100564,518,100754,100,100487,100,100787,100,100333,200,101180,100,100332,100,101248,100,100298,100,101651,200,100177,100,101652,200,100140,16,101799,100,100122,100,101842,100,100074,100,101861,100,100055,100
2019-06-28 10:03:00.000000000,100666,518,100564,518,100754,100,100487,100,100787,100,100333,200,101180,100,100332,100,101248,100,100298,100,101651,200,100177,100,101652,200,100140,16,101799,100,100122,100,101842,100,100074,100,101861,100,100055,100
2019-06-28 10:03:10.000000000,100666,309,100564,309,100754,309,100487,309,100787,100,100333,200,101180,100,100332,100,101248,100,100298,100,101651,200,100177,100,101652,200,100140,16,101799,100,100122,100,101842,100,100074,100,101861,100,100055,100
2019-06-28 10:03:20.000000000,100666,204,100564,204,100754,204,100487,204,100787,204,100333,304,101180,204,100332,204,101248,100,100298,100,101651,200,100177,100,101652,200,100140,16,101799,100,100122,100,101842,100,100074,100,101861,100,100055,100
2019-06-28 10:03:30.000000000,100666,242,100564,242,100754,238,100487,238,100787,238,100333,338,101180,100,100332,100,101248,100,100298,100,101651,200,100177,100,101652,200,100140,16,101799,100,100122,100,101842,100,100074,100,101861,100,100055,100
2019-06-28 10:03:37.683130154,100666,242,100564,142,100754,238,100487,238,100787,238,100333,338,101180,100,100332,100,101248,100,100298,100,101651,200,100177,100,101652,200,100140,16,101799,100,100122,100,101842,100,100074,100,101861,100,100055,100
2019-06-28 10:03:40.000000000,100666,309,100487,309,100754,309,100333,409,100787,100,100332,100,101180,100,100298,100,101248,100,100177,100,101651,200,100140,16,101652,200,100122,100,101799,100,100074,100,101842,100,100055,100,101861,100,100041,100
2019-06-28 10:03:50.000000000,100666,518,100487,518,100754,100,100333,200,100787,100,100332,100,101180,100,100298,100,101248,100,100177,100,101651,200,100140,16,101652,200,100122,100,101799,100,100074,100,101842,100,100055,100,101861,100,100041,100
2019-06-28 10:04:00.000000000,100666,518,100487,518,100754,100,100333,200,100787,100,100332,100,101180,100,100298,100,101248,100,100177,100,101651,200,100140,16,101652,200,100122,100,101799,100,100074,100,101842,100,100055,100,101861,100,100041,100
2019-06-28 10:04:10.000000000,100666,204,100487,204,100754,204,100333,304,100787,204,100332,204,101180,204,100298,204,101248,100,100177,100,101651,200,100140,16,101652,200,100122,100,101799,100,100074,100,101842,100,100055,100,101861,100,100041,100
2019-06-28 10:04:20.000000000,100666,184,100487,184,100754,184,100333,284,100787,184,100332,184,101180,184,100298,184,101248,184,100177,184,101651,200,100140,16,101652,200,100122,100,101799,100,100074,100,101842,100,100055,100,101861,100,100041,100
2019-06-28 10:04:30.000000000,100666,204,100487,204,100754,204,100333,304,100787,204,100332,204,101180,204,100298,204,101248,100,100177,100,101651,200,100140,16,101652,200,100122,100,101799,100,100074,100,101842,100,100055,100,101861,100,100041,100
2019-06-28 10:04:33.378076440,100666,204,100487,204,100754,204,100333,304,100787,204,100332,204,101180,204,100298,104,101248,100,100177,100,101651,200,100140,16,101652,200,100122,100,101799,100,100074,100,101842,100,100055,100,101861,100,100041,100
2019-06-28 10:04:36.986253570,100666,204,100487,204,100754,204,100333,304,100787,204,100332,204,100841,100,100298,104,101180,204,100177,100,101248,100,100140,16,101651,200,100122,100,101652,200,100074,100,101799,100,100055,100,101842,100,100041,100
2019-06-28 10:04:40.000000000,100666,518,100487,518,100754,100,100333,200,100787,100,100332,100,100841,100,100177,100,101180,100,100140,16,101248,100,100122,100,101651,200,100074,100,101652,200,100055,100,101799,100,100041,100,101842,100,99978,100
2019-06-28 10:04:50.000000000,100666,184,100487,184,100754,184,100333,284,100787,184,100332,184,100841,184,100177,184,101180,184,100140,100,101248,100,100122,100,101651,200,100074,100,101652,200,100055,100,101799,100,100041,100,101842,100,99978,100
2019-06-28 10:04:55.814235085,100666,84,100487,184,100754,84,100333,284,100787,184,100332,184,100841,184,100177,184,101180,184,100140,100,101248,100,100122,100,101651,200,100074,100,101652,200,100055,100,101799,100,100041,100,101842,100,99978,100
2019-06-28 10:05:00.000000000,100787,309,100487,309,100841,309,100333,409,101180,100,100332,100,101248,100,100177,100,101651,200,100140,16,101652,200,100122,100,101799,100,100074,100,101842,100,100055,100,101874,100,100041,100,101897,100,99978,100
2019-06-28 10:05:07.264441623,100787,309,100565,100,100841,309,100487,309,101180,100,100333,409,101248,100,100332,100,101651,200,100177,100,101652,100,100140,16,101799,100,100122,100,101842,100,100074,100,101874,100,100055,100,101897,100,100041,100
2019-06-28 10:05:10.000000000,100787,242,100565,242,100841,238,100487,238,101180,238,100333,338,101248,100,100332,100,101651,200,100177,100,101652,100,100140,16,101799,100,100122,100,101842,100,100074,100,101874,100,100055,100,101897,100,100041,100
2019-06-28 10:05:20.000000000,100787,309,100565,309,100841,309,100487,309,101180,100,100333,200,101248,100,100332,100,101651,200,100177,100,101652,100,100140,16,101799,100,100122,100,101842,100,100074,100,101874,100,100055,100,101897,100,100041,100
2019-06-28 10:05:22.292143853,100787,309,100723,100,100841,309,100565,309,101180,100,100487,309,101248,100,100333,200,101651,200,100332,100,101652,100,100177,100,101799,100,100140,16,101842,100,100122,100,101874,100,100074,100,101897,100,100055,100
2019-06-28 10:05:30.000000000,100787,518,100723,518,100841,100,100565,100,101180,100,100487,100,101248,100,100333,200,101651,200,100332,100,101652,100,100177,100,101799,100,100140,16,101842,100,100122,100,101874,100,100074,100,101897,100,100055,100
2019-06-28 10:05:40.000000000,100787,518,100723,518,100841,100,100565,100,101180,100,100487,100,101248,100,100333,200,101651,200,100332,100,101652,100,100177,100,101799,100,100140,16,101842,100,100122,100,101874,100,100074,100,101897,100,100055,100
2019-06-28 10:05:50.000000000,100787,518,100723,518,100841,100,100565,100,101180,100,100487,100,101248,100,100333,200,101651,200,100332,100,101652,100,100177,100,101799,100,100140,16,101842,100,100122,100,101874,100,100074,100,101897,100,100055,100
2019-06-28 10:06:00.000000000,100787,204,100723,204,100841,204,100565,204,101180,204,100487,204,101248,204,100333,304,101651,200,100332,100,101652,100,100177,100,101799,100,100140,16,101842,100,100122,100,101874,100,100074,100,101897,100,100055,100
2019-06-28 10:06:01.462933745,100787,204,100723,204,100841,204,100565,204,100933,100,100487,204,101180,204,100333,304,101248,204,100332,100,101651,200,100177,100,101652,100,100140,16,101799,100,100122,100,101842,100,100074,100,101874,100,100055,100
2019-06-28 10:06:10.000000000,100787,518,100723,518,100841,100,100565,100,100933,100,100487,100,101180,100,100333,200,101248,100,100332,100,101651,200,100177,100,101652,100,100140,16,101799,100,100122,100,101842,100,100074,100,101874,100,100055,100
2019-06-28 10:06:20.000000000,100787,309,100723,309,100841,309,100565,309,100933,100,100487,100,101180,100,100333,200,101248,100,100332,100,101651,200,100177,100,101652,100,100140,16,101799,100,100122,100,101842,100,100074,100,101874,100,100055,100
2019-06-28 10:06:30.000000000,100787,204,100723,204,100841,204,100565,204,100933,204,100487,204,101180,204,100333,304,101248,100,100332,100,101651,200,100177,100,101652,100,100140,16,101799,100,100122,100,101842,100,100074,100,101874,100,100055,100
2019-06-28 10:06:30.429284138,100787,204,100723,204,100841,204,100565,204,100933,204,100487,204,101180,204,100333,304,101248,100,100332,100,101651,200,100177,100,101652,100,100140,16,101799,100,100122,100,101842,100,100074,100,101874,100,100055,100
2019-06-28 10:06:40.000000000,100787,518,100723,518,100841,100,100565,100,100933,100,100487,100,101180,100,100333,200,101248,100,100332,100,101651,200,100177,100,101652,100,100140,16,101799,100,100122,100,101842,100,100074,100,101874,100,100055,100
2019-06-28 10:06:43.451435324,100787,518,100723,518,100841,100,100565,100,100933,100,100487,100,101180,100,100333,200,101248,100,100332,100,101651,200,100305,100,101652,100,100177,100,101799,100,100140,16,101842,100,100122,100,101874,100,100074,100
2019-06-28 10:06:50.000000000,100787,184,100723,184,100841,184,100565,184,100933,184,100487,184,101180,184,100333,284,101248,184,100332,184,101651,200,100305,100,101652,100,100177,100,101799,100,100140,16,101842,100,100122,100,101874,100,100074,100
2019-06-28 10:07:00.000000000,100787,518,100723,518,100841,100,100565,100,100933,100,100487,100,101180,100,100333,200,101248,100,100332,100,101651,200,100305,100,101652,100,100177,100,101799,100,100140,16,101842,100,100122,100,101874,100,100074,100
2019-06-28 10:07:10.000000000,100787,242,100723,242,100841,238,100565,238,100933,238,100487,238,101180,100,100333,200,101248,100,100332,100,101651,200,100305,100,101652,100,100177,100,101799,100,100140,16,101842,100,100122,100,101874,100,100074,100
2019-06-28 10:07:20.000000000,100787,309,100723,309,100841,309,100565,309,100933,100,100487,100,101180,100,100333,200,101248,100,100332,100,101651,200,100305,100,101652,100,100177,100,101799,100,100140,16,101842,100,100122,100,101874,100,100074,100
2019-06-28 10:07:30.000000000,100787,518,100723,518,100841,100,100565,100,100933,100,100487,100,101180,100,100333,200,101248,100,100332,100,101651,200,100305,100,101652,100,100177,100,101799,100,100140,16,101842,100,100122,100,101874,100,100074,100
2019-06-28 10:07:40.000000000,100787,184,100723,184,100841,184,100565,184,100933,184,100487,184,101180,184,100333,284,101248,184,100332,184,101651,200,100305,100,101652,100,100177,100,101799,100,100140,16,101842,100,100122,100,101874,100,100074,100
2019-06-28 10:07:50.000000000,100787,184,100723,184,100841,184,100565,184,100933,184,100487,184,101180,184,100333,284,101248,184,100332,184,101651,200,100305,100,101652,100,100177,100,101799,100,100140,16,101842,100,100122,100,101874,100,100074,100
2019-06-28 10:08:00.000000000,100787,204,100723,204,100841,204,100565,204,100933,204,100487,204,101180,204,100333,304,101248,100,100332,100,101651,200,100305,100,101652,100,100177,100,101799,100,100140,16,101842,100,100122,100,101874,100,100074,100
2019-06-28 10:08:10.000000000,100787,204,100723,204,100841,204,100565,204,100933,204,100487,204,101180,204,100333,304,101248,100,100332,100,101651,200,100305,100,101652,100,100177,100,101799,100,100140,16,101842,100,100122,100,101874,100,100074,100
2019-06-28 10:08:20.000000000,100787,309,100723,309,100841,309,100565,309,100933,100,100487,100,101180,100,100333,200,101248,100,100332,100,101651,200,100305,100,101652,100,100177,100,101799,100,100140,16,101842,100,100122,100,101874,100,100074,100
2019-06-28 10:08:30.000000000,100787,204,100723,204,100841,204,100565,204,100933,204,100487,204,101180,204,100333,304,101248,100,100332,100,101651,200,100305,100,101652,100,100177,100,101799,100,100140,16,101842,100,100122,100,101874,100,100074,100
2019-06-28 10:08:32.001132059,100787,204,100723,104,100841,204,100565,204,100933,204,100487,204,101180,204,100333,304,101248,100,100332,100,101651,200,100305,100,101652,100,100177,100,101799,100,100140,16,101842,100,100122,100,101874,100,100074,100
2019-06-28 10:08:40.000000000,100787,309,100565,309,100841,309,100487,309,100933,100,100333,200,101180,100,100332,100,101248,100,100305,100,101651,200,100177,100,101652,100,100140,16,101799,100,100122,100,101842,100,100074,100,101874,100,100055,100
2019-06-28 10:08:49.495404755,100665,100,100565,309,100787,309,100487,309,100841,309,100333,200,100933,100,100332,100,101180,100,100305,100,101248,100,100177,100,101651,200,100140,16,101652,100,100122,100,101799,100,100055,100,101842,100,99978,100
2019-06-28 10:08:50.000000000,100665,242,100565,242,100787,238,100487,238,100841,238,100333,338,100933,100,100332,100,101180,100,100305,100,101248,100,100177,100,101651,200,100140,16,101652,100,100122,100,101799,100,100055,100,101842,100,99978,100
2019-06-28 10:08:55.249320860,100579,100,100565,242,100665,242,100487,238,100787,238,100333,338,100841,238,100332,100,101180,100,100305,100,101248,100,100177,100,101651,200,100140,16,101652,100,100122,100,101799,100,100055,100,101842,100,99978,100
2019-06-28 10:09:00.000000000,100579,309,100565,309,100665,309,100487,309,100787,100,100333,200,100841,100,100332,100,101180,100,100305,100,101248,100,100177,100,101651,200,100140,16,101652,100,100122,100,101799,100,100055,100,101842,100,99978,100
2019-06-28 10:09:09.705924428,100579,309,100565,309,100619,100,100487,309,100665,309,100333,200,100787,100,100332,100,100841,100,100305,100,101180,100,100177,100,101248,100,100140,16,101651,200,100122,100,101652,100,100055,100,101799,100,99978,100
2019-06-28 10:09:10.000000000,100579,518,100565,518,100619,100,100487,100,100665,100,100333,200,100787,100,100332,100,100841,100,100305,100,101180,100,100177,100,101248,100,100140,16,101651,200,100122,100,101652,100,100055,100,101799,100,99978,100
2019-06-28 10:09:10.610879294,100579,518,100565,518,100619,100,100487,100,100665,100,100445,100,100787,100,100333,200,100841,100,100332,100,101180,100,100305,100,101248,100,100177,100,101651,200,100140,16,101652,100,100122,100,101799,100,100055,100
2019-06-28 10:09:20.000000000,100579,309,100565,309,100619,309,100487,309,100665,100,100445,100,100787,100,100333,200,100841,100,100332,100,101180,100,100305,100,101248,100,100177,100,101651,200,100140,16,101652,100,100122,100,101799,100,100055,100
