,ask_price_1,ask_size_1,bid_price_1,bid_size_1,ask_price_2,ask_size_2,bid_price_2,bid_size_2,ask_price_3,ask_size_3,bid_price_3,bid_size_3,ask_price_4,ask_size_4,bid_price_4,bid_size_4,ask_price_5,ask_size_5,bid_price_5,bid_size_5,ask_price_6,ask_size_6,bid_price_6,bid_size_6,ask_price_7,ask_size_7,bid_price_7,bid_size_7,ask_price_8,ask_size_8,bid_price_8,bid_size_8,ask_price_9,ask_size_9,bid_price_9,bid_size_9,ask_price_10,ask_size_10,bid_price_10,bid_size_10
2019-06-28 09:30:00.000000000,100015,100,99844,100,100101,100,,,,,,,,,,,,,,,,,,,,,,,,,,,,,,,,,,
2019-06-28 09:30:00.000000006,100003,100,99844,100,100015,100,,,100101,100,,,,,,,,,,,,,,,,,,,,,,,,,,,,,,
2019-06-28 09:30:00.000000007,100003,100,99886,100,100015,100,99844,100,100101,100,,,100202,100,,,,,,,,,,,,,,,,,,,,,,,,,,
2019-06-28 09:30:00.000000009,100003,100,99972,100,100015,100,99886,100,100101,100,99844,100,100202,100,,,,,,,,,,,,,,,,,,,,,,,,,,
2019-06-28 09:30:00.000000013,100003,100,99972,100,100015,100,99886,100,100094,100,99844,100,100101,100,,,100202,100,,,,,,,,,,,,,,,,,,,,,,
2019-06-28 09:30:00.000000014,100003,100,99972,100,100015,100,99956,100,100017,100,99886,100,100094,100,99844,100,100101,100,,,100202,100,,,,,,,,,,,,,,,,,,
2019-06-28 09:30:00.000000015,100003,100,99972,100,100015,100,99956,100,100017,100,99906,100,100094,100,99886,100,100101,100,99844,100,100202,100,,,,,,,,,,,,,,,,,,
2019-06-28 09:30:00.000000016,99974,100,99956,100,100003,100,99906,100,100015,100,99886,100,100017,100,99844,100,100094,100,,,100101,100,,,100202,100,,,,,,,,,,,,,,
2019-06-28 09:30:00.000000017,100003,100,99956,100,100015,100,99906,100,100017,100,99886,100,100049,100,99844,100,100094,100,,,100101,100,,,100202,100,,,,,,,,,,,,,,
2019-06-28 09:30:00.000000019,100015,100,99956,100,100017,100,99906,100,100049,100,99886,100,100094,100,99844,100,100101,100,,,100202,100,,,,,,,,,,,,,,,,,,
2019-06-28 09:30:00.000000022,99969,100,99956,100,99996,100,99906,100,100015,100,99886,100,100017,100,99844,100,100049,100,,,100094,100,,,100101,100,,,100202,100,,,,,,,,,,
2019-06-28 09:30:00.000000025,99969,100,99956,100,99996,100,99906,100,100003,100,99886,100,100015,100,99844,100,100017,100,,,100049,100,,,100094,100,,,100101,100,,,100202,100,,,,,,
2019-06-28 09:30:00.000000027,99969,100,99956,100,99996,100,99906,100,100003,100,99886,100,100015,100,99844,100,100017,100,,,100049,100,,,100094,100,,,100101,100,,,100164,100,,,100202,100,,
2019-06-28 09:30:00.000000028,99996,100,99956,100,100003,100,99906,100,100015,100,99886,100,100017,100,99844,100,100049,100,99825,100,100094,100,,,100101,100,,,100164,100,,,100202,100,,,,,,
2019-06-28 09:30:00.000000030,99996,100,99956,100,100003,100,99945,100,100015,100,99906,100,100017,100,99886,100,100049,100,99844,100,100094,100,99825,100,100101,100,,,100164,100,,,100202,100,,,,,,
2019-06-28 09:30:00.000000032,99996,100,99956,100,100003,100,99945,100,100015,100,99907,100,100017,100,99906,100,100049,100,99886,100,100094,100,99844,100,100101,100,99825,100,100164,100,,,100202,100,,,,,,
2019-06-28 09:30:00.000000033,99996,100,99956,100,100003,100,99945,100,100015,100,99907,100,100017,100,99906,100,100049,100,99886,100,100094,100,99844,100,100101,100,99825,100,100153,100,,,100164,100,,,100202,100,,
2019-06-28 09:30:00.000000034,99996,100,99969,100,100003,100,99956,100,100015,100,99945,100,100017,100,99907,100,100049,100,99906,100,100094,100,99886,100,100101,100,99844,100,100134,100,99825,100,100153,100,,,100164,100,,
2019-06-28 09:30:00.000000041,99974,100,99969,100,99996,100,99956,100,100003,100,99945,100,100015,100,99907,100,100017,100,99906,100,100049,100,99886,100,100094,100,99844,100,100101,100,99825,100,100134,100,,,100153,100,,
2019-06-28 09:30:00.000000042,99974,100,99969,100,99996,100,99956,100,100003,100,99945,100,100015,100,99907,100,100017,100,99906,100,100049,100,99886,100,100094,100,99844,100,100101,100,99825,100,100107,100,,,100134,100,,
2019-06-28 09:30:00.000000043,99974,100,99969,100,99996,100,99956,100,100003,100,99945,100,100015,100,99907,100,100017,100,99906,100,100049,100,99886,100,100094,100,99849,100,100101,100,99844,100,100107,100,99825,100,100134,100,,
2019-06-28 09:30:00.000000046,99974,100,99969,100,99996,100,99956,100,100002,100,99945,100,100003,100,99907,100,100015,100,99906,100,100017,100,99886,100,100049,100,99849,100,100094,100,99844,100,100101,100,99825,100,100107,100,,
2019-06-28 09:30:00.000000048,99974,100,99969,200,99996,100,99956,100,100002,100,99945,100,100003,100,99907,100,100015,100,99906,100,100017,100,99886,100,100049,100,99849,100,100094,100,99844,100,100101,100,99825,100,100107,100,,
2019-06-28 09:30:00.000000050,99974,100,99969,200,99996,100,99956,100,100002,100,99945,100,100003,100,99907,100,100015,100,99906,100,100017,100,99886,100,100049,200,99849,100,100094,100,99844,100,100101,100,99825,100,100107,100,,
2019-06-28 09:30:00.000000051,99974,100,99969,200,99996,100,99956,100,100002,100,99945,100,100003,100,99913,100,100015,100,99907,100,100017,100,99906,100,100049,200,99886,100,100094,100,99849,100,100101,100,99844,100,100107,100,99825,100
2019-06-28 09:30:00.000000052,99974,100,99969,200,99996,100,99956,100,100002,100,99945,100,100003,100,99913,100,100015,100,99907,100,100017,100,99906,100,100049,200,99886,100,100094,100,99858,100,100101,100,99849,100,100107,100,99844,100
2019-06-28 09:30:00.000000053,99996,100,99969,200,100002,100,99956,100,100003,100,99945,100,100015,100,99925,100,100017,100,99913,100,100049,200,99907,100,100094,100,99906,100,100101,100,99886,100,100107,100,99858,100,100134,100,99849,100
2019-06-28 09:30:00.000000054,100002,100,99969,200,100003,100,99956,100,100015,100,99945,100,100017,100,99925,100,100049,200,99913,100,100061,100,99907,100,100094,100,99906,100,100101,100,99886,100,100107,100,99858,100,100134,100,99849,100
2019-06-28 09:30:00.000000055,99996,100,99974,100,100002,100,99969,200,100003,100,99956,100,100015,100,99945,100,100017,100,99925,100,100049,200,99913,100,100061,100,99907,100,100094,100,99906,100,100101,100,99886,100,100107,100,99858,100
2019-06-28 09:30:00.000000061,100002,100,99974,100,100003,100,99969,200,100015,100,99956,100,100017,100,99945,100,100049,200,99925,100,100061,100,99913,100,100094,100,99907,100,100101,100,99906,100,100107,100,99886,100,100134,100,99858,100
2019-06-28 09:30:00.000000063,100002,100,99974,100,100003,100,99969,200,100015,100,99956,100,100017,100,99945,100,100049,200,99925,100,100061,100,99913,100,100089,100,99907,100,100094,100,99906,100,100101,100,99886,100,100107,100,99858,100
2019-06-28 09:30:00.000000073,100002,100,99974,100,100003,100,99969,200,100015,100,99956,100,100017,100,99945,100,100049,200,99925,100,100061,100,99913,100,100089,100,99907,100,100094,100,99906,100,100101,100,99886,100,100103,100,99858,100
2019-06-28 09:30:00.000000075,99996,100,99974,100,100002,100,99969,200,100003,100,99956,100,100015,100,99945,100,100017,100,99925,100,100049,200,99913,100,100061,100,99907,100,100089,100,99906,100,100094,100,99886,100,100101,100,99858,100
2019-06-28 09:30:00.000000078,100002,100,99974,100,100003,100,99969,200,100015,100,99956,100,100017,100,99945,100,100049,200,99925,100,100061,100,99913,100,100081,100,99907,100,100089,100,99906,100,100094,100,99886,100,100101,100,99871,100
2019-06-28 09:30:00.000000079,99996,100,99974,100,100002,100,99969,200,100003,100,99956,100,100015,100,99945,100,100017,100,99925,100,100049,200,99913,100,100061,100,99907,100,100081,100,99906,100,100089,100,99886,100,100094,100,99871,100
2019-06-28 09:30:00.000000080,99996,100,99974,100,100002,100,99969,200,100003,100,99956,100,100015,100,99945,100,100017,100,99925,100,100049,200,99913,100,100061,100,99907,100,100081,100,99906,100,100089,100,99886,100,100094,100,99871,100
2019-06-28 09:30:00.000000081,100002,100,99974,100,100003,100,99969,200,100015,100,99956,100,100017,100,99945,100,100049,200,99925,100,100061,100,99913,100,100081,100,99907,100,100089,100,99906,100,100094,100,99886,100,100101,100,99871,100
2019-06-28 09:30:00.000000083,100002,100,99974,100,100003,100,99969,200,100015,100,99956,100,100017,100,99945,100,100038,100,99925,100,100049,200,99913,100,100061,100,99907,100,100081,100,99906,100,100089,100,99886,100,100094,100,99871,100
2019-06-28 09:30:00.000000084,100003,100,99974,100,100015,100,99969,200,100017,100,99956,100,100038,100,99945,100,100049,200,99925,100,100061,100,99913,100,100081,100,99907,100,100089,100,99906,100,100094,100,99886,100,100101,100,99871,100
2019-06-28 09:30:00.000000085,100003,100,99974,100,100015,100,99969,200,100017,100,99956,100,100038,100,99945,100,100049,200,99925,100,100061,100,99913,100,100069,100,99907,100,100081,100,99906,100,100089,100,99886,100,100094,100,99871,100
2019-06-28 09:30:00.000000086,100003,100,99974,100,100015,100,99969,200,100017,100,99956,100,100038,100,99945,100,100049,200,99925,100,100061,100,99913,100,100069,100,99907,100,100081,100,99906,100,100089,100,99886,100,100094,100,99871,100
2019-06-28 09:30:00.000000089,100015,100,100002,100,100017,100,99974,100,100038,100,99969,200,100049,200,99956,100,100061,100,99945,100,100069,100,99925,100,100081,100,99913,100,100083,100,99907,100,100089,100,99906,100,100094,100,99886,100
2019-06-28 09:30:00.000000090,100017,100,100002,100,100038,100,99974,100,100049,200,99969,200,100061,100,99956,100,100069,100,99945,100,100081,100,99925,100,100083,100,99913,100,100089,100,99907,100,100094,100,99906,100,100101,100,99886,100
2019-06-28 09:30:00.000000095,100038,100,100002,100,100049,200,99974,100,100061,100,99969,200,100069,100,99956,100,100081,100,99945,100,100083,100,99925,100,100089,100,99913,100,100094,100,99907,100,100101,100,99906,100,100103,100,99886,100
2019-06-28 09:30:00.000000097,100038,100,100002,100,100049,200,99974,100,100061,100,99969,200,100069,100,99967,100,100081,100,99956,100,100083,100,99945,100,100089,100,99925,100,100094,100,99913,100,100101,100,99907,100,100103,100,99906,100
2019-06-28 09:30:02.437495629,100038,100,100002,100,100049,200,99974,100,100061,100,99969,200,100069,100,99967,100,100081,100,99956,100,100083,100,99945,100,100089,100,99925,100,100094,100,99913,100,100101,100,99907,100,100103,100,99906,100
2019-06-28 09:30:10.000000000,100038,189,100002,189,100049,289,99974,189,100061,189,99969,289,100069,189,99967,189,100081,100,99956,100,100083,100,99945,100,100089,100,99925,100,100094,100,99913,100,100101,100,99907,100,100103,100,99906,100
2019-06-28 09:30:10.787001717,100017,100,100002,189,100038,189,99974,189,100049,289,99969,289,100061,189,99967,189,100069,189,99956,100,100081,100,99945,100,100083,100,99925,100,100089,100,99913,100,100094,100,99907,100,100101,100,99906,100
2019-06-28 09:30:17.230054179,100017,100,100002,89,100038,189,99974,189,100049,289,99969,289,100061,189,99967,189,100069,189,99956,100,100081,100,99945,100,100083,100,99925,100,100089,100,99913,100,100094,100,99907,100,100101,100,99906,100
2019-06-28 09:30:20.000000000,100017,171,99974,171,100038,171,99969,271,100049,271,99967,171,100061,171,99956,171,100069,171,99945,171,100081,100,99925,100,100083,100,99913,100,100089,100,99907,100,100094,100,99906,100,100101,100,99886,100
2019-06-28 09:30:24.219977320,100017,171,99974,171,100038,171,99969,271,100049,271,99967,171,100061,171,99956,171,100069,171,99945,171,100081,100,99925,100,100083,100,99913,100,100089,100,99907,100,100094,100,99906,100,100101,100,99886,100
2019-06-28 09:30:30.000000000,100017,189,99974,189,100038,189,99969,289,100049,289,99967,189,100061,189,99956,189,100069,100,99945,100,100081,100,99925,100,100083,100,99913,100,100089,100,99907,100,100094,100,99906,100,100101,100,99886,100
2019-06-28 09:30:36.393500242,100017,189,99974,189,100038,189,99969,289,100049,289,99967,189,100061,189,99956,189,100069,100,99945,100,100081,100,99925,100,100083,100,99913,100,100094,100,99907,100,100101,100,99906,100,100103,100,99886,100
2019-06-28 09:30:40.000000000,100017,456,99974,456,100038,100,99969,200,100049,200,99967,100,100061,100,99956,100,100069,100,99945,100,100081,100,99925,100,100083,100,99913,100,100094,100,99907,100,100101,100,99906,100,100103,100,99886,100
2019-06-28 09:30:47.344293063,100017,356,99974,456,100038,100,99969,200,100049,200,99967,100,100061,100,99956,100,100069,100,99945,100,100081,100,99925,100,100083,100,99913,100,100094,100,99907,100,100101,100,99906,100,100103,100,99886,100
2019-06-28 09:30:50.000000000,100038,189,99974,189,100049,289,99969,289,100061,189,99967,189,100069,189,99956,189,100081,100,99945,100,100083,100,99925,100,100094,100,99913,100,100101,100,99907,100,100103,100,99906,100,100107,100,99886,100
2019-06-28 09:30:53.964159077,100038,189,99974,189,100049,289,99969,289,100061,189,99967,189,100069,189,99956,189,100081,100,99945,100,100083,100,99925,100,100094,100,99913,100,100101,100,99907,100,100103,100,99906,100,100107,100,99886,100
2019-06-28 09:30:58.350613729,100038,189,100003,100,100049,289,99974,189,100061,189,99969,289,100069,189,99967,189,100081,100,99956,189,100083,100,99945,100,100094,100,99925,100,100101,100,99913,100,100103,100,99907,100,100107,100,99906,100
2019-06-28 09:31:00.000000000,100038,278,100003,278,100049,378,99974,278,100061,100,99969,200,100069,100,99967,100,100081,100,99956,100,100083,100,99945,100,100094,100,99925,100,100101,100,99913,100,100103,100,99907,100,100107,100,99906,100
2019-06-28 09:31:10.000000000,100038,171,100003,171,100049,271,99974,171,100061,171,99969,271,100069,171,99967,171,100081,171,99956,171,100083,100,99945,100,100094,100,99925,100,100101,100,99913,100,100103,100,99907,100,100107,100,99906,100
2019-06-28 09:31:18.140254093,100038,71,100003,171,100049,171,99974,171,100061,171,99969,271,100069,171,99967,171,100081,171,99956,171,100083,100,99945,100,100094,100,99925,100,100101,100,99913,100,100103,100,99907,100,100107,100,99906,100
2019-06-28 09:31:20.000000000,100049,456,100003,456,100061,100,99974,100,100069,100,99969,200,100081,100,99967,100,100083,100,99956,100,100094,100,99945,100,100101,100,99925,100,100103,100,99913,100,100107,100,99907,100,100109,100,99906,100
2019-06-28 09:31:30.000000000,100049,171,100003,171,100061,171,99974,171,100069,171,99969,271,100081,171,99967,171,100083,171,99956,171,100094,100,99945,100,100101,100,99925,100,100103,100,99913,100,100107,100,99907,100,100109,100,99906,100
2019-06-28 09:31:40.000000000,100049,171,100003,171,100061,171,99974,171,100069,171,99969,271,100081,171,99967,171,100083,171,99956,171,100094,100,99945,100,100101,100,99925,100,100103,100,99913,100,100107,100,99907,100,100109,100,99906,100
2019-06-28 09:31:50.000000000,100049,456,100003,456,100061,100,99974,100,100069,100,99969,200,100081,100,99967,100,100083,100,99956,100,100094,100,99945,100,100101,100,99925,100,100103,100,99913,100,100107,100,99907,100,100109,100,99906,100
2019-06-28 09:32:00.000000000,100049,189,100003,189,100061,189,99974,189,100069,189,99969,289,100081,189,99967,189,100083,100,99956,100,100094,100,99945,100,100101,100,99925,100,100103,100,99913,100,100107,100,99907,100,100109,100,99906,100
2019-06-28 09:32:03.542590433,100049,189,100003,189,100061,189,99974,189,100069,189,99969,289,100081,189,99967,189,100083,100,99956,100,100094,100,99945,100,100101,100,99925,100,100103,100,99913,100,100107,100,99907,100,100109,100,99906,100
2019-06-28 09:32:10.000000000,100049,278,100003,278,100061,278,99974,278,100069,100,99969,200,100081,100,99967,100,100083,100,99956,100,100094,100,99945,100,100101,100,99925,100,100103,100,99913,100,100107,100,99907,100,100109,100,99906,100
2019-06-28 09:32:20.000000000,100049,221,100003,221,100061,217,99974,217,100069,217,99969,317,100081,100,99967,100,100083,100,99956,100,100094,100,99945,100,100101,100,99925,100,100103,100,99913,100,100107,100,99907,100,100109,100,99906,100
2019-06-28 09:32:23.130991056,100049,121,100003,221,100061,217,99974,217,100069,217,99969,317,100081,100,99967,100,100083,100,99956,100,100094,100,99945,100,100101,100,99925,100,100103,100,99913,100,100107,100,99907,100,100109,100,99906,100
2019-06-28 09:32:25.480860757,100049,21,100003,221,100061,217,99974,217,100069,217,99969,317,100081,100,99967,100,100083,100,99956,100,100094,100,99945,100,100101,100,99913,100,100103,100,99907,100,100107,100,99906,100,100109,100,99886,100
2019-06-28 09:32:30.000000000,100061,221,100003,221,100069,217,99974,217,100081,217,99969,317,100083,100,99967,100,100094,100,99956,100,100101,100,99945,100,100103,100,99913,100,100107,100,99907,100,100109,100,99906,100,100128,100,99886,100
2019-06-28 09:32:39.076666872,100061,121,100003,221,100069,217,99974,217,100081,217,99969,317,100083,100,99967,100,100094,100,99956,100,100101,100,99945,100,100103,100,99913,100,100107,100,99907,100,100109,100,99906,100,100128,100,99886,100
2019-06-28 09:32:40.000000000,100069,278,100003,278,100081,278,99974,278,100083,100,99969,200,100094,100,99967,100,100101,100,99956,100,100103,100,99945,100,100107,100,99913,100,100109,100,99907,100,100128,100,99906,100,100134,100,99886,100
2019-06-28 09:32:41.399200275,100069,178,100003,278,100081,278,99974,278,100083,100,99969,200,100094,100,99967,100,100101,100,99956,100,100103,100,99945,100,100107,100,99913,100,100109,100,99907,100,100128,100,99906,100,100134,100,99886,100
2019-06-28 09:32:50.000000000,100081,456,100003,456,100083,100,99974,100,100094,100,99969,200,100101,100,99967,100,100103,100,99956,100,100107,100,99945,100,100109,100,99913,100,100128,100,99907,100,100134,100,99906,100,100138,100,99886,100
2019-06-28 09:33:00.000000000,100081,189,100003,189,100083,189,99974,189,100094,189,99969,289,100101,189,99967,189,100103,100,99956,100,100107,100,99945,100,100109,100,99913,100,100128,100,99907,100,100134,100,99906,100,100138,100,99886,100
2019-06-28 09:33:05.088809719,100081,89,100003,189,100083,189,99974,189,100094,189,99969,289,100101,189,99967,189,100103,100,99956,100,100107,100,99913,100,100109,100,99907,100,100128,100,99906,100,100134,100,99886,100,100138,100,99871,100
2019-06-28 09:33:10.000000000,100083,171,100003,171,100094,171,99974,171,100101,171,99969,271,100103,171,99967,171,100107,171,99956,171,100109,100,99913,100,100128,100,99907,100,100134,100,99906,100,100138,100,99886,100,100150,100,99871,100
2019-06-28 09:33:20.000000000,100083,221,100003,221,100094,217,99974,217,100101,217,99969,317,100103,100,99967,100,100107,100,99956,100,100109,100,99913,100,100128,100,99907,100,100134,100,99906,100,100138,100,99886,100,100150,100,99871,100
2019-06-28 09:33:24.432440390,100083,221,100003,221,100094,217,99974,217,100101,217,99969,317,100103,100,99967,100,100107,100,99956,100,100109,100,99913,100,100128,100,99907,100,100134,100,99906,100,100138,100,99886,100,100150,100,99871,100
2019-06-28 09:33:25.285726361,100083,221,100069,100,100094,217,100003,221,100101,217,99974,217,100103,100,99969,317,100107,100,99967,100,100109,100,99956,100,100128,100,99913,100,100134,100,99907,100,100138,100,99906,100,100150,100,99886,100
2019-06-28 09:33:30.000000000,100083,189,100069,189,100094,189,100003,189,100101,189,99974,189,100103,189,99969,289,100107,100,99967,100,100109,100,99956,100,100128,100,99913,100,100134,100,99907,100,100138,100,99906,100,100150,100,99886,100
2019-06-28 09:33:40.000000000,100083,171,100069,171,100094,171,100003,171,100101,171,99974,171,100103,171,99969,271,100107,171,99967,171,100109,100,99956,100,100128,100,99913,100,100134,100,99907,100,100138,100,99906,100,100150,100,99886,100
2019-06-28 09:33:50.000000000,100083,221,100069,221,100094,217,100003,217,100101,217,99974,217,100103,100,99969,200,100107,100,99967,100,100109,100,99956,100,100128,100,99913,100,100134,100,99907,100,100138,100,99906,100,100150,100,99886,100
2019-06-28 09:34:00.000000000,100083,171,100069,171,100094,171,100003,171,100101,171,99974,171,100103,171,99969,271,100107,171,99967,171,100109,100,99956,100,100128,100,99913,100,100134,100,99907,100,100138,100,99906,100,100150,100,99886,100
2019-06-28 09:34:00.075314029,100083,171,100069,171,100094,171,100003,171,100101,171,99974,171,100103,171,99969,271,100107,171,99967,171,100109,100,99956,100,100128,100,99913,100,100134,100,99907,100,100138,100,99906,100,100150,100,99886,100
2019-06-28 09:34:10.000000000,100083,189,100069,189,100094,189,100003,189,100101,189,99974,189,100103,189,99969,289,100107,100,99967,100,100109,100,99956,100,100128,100,99913,100,100134,100,99907,100,100138,100,99906,100,100150,100,99886,100
2019-06-28 09:34:19.391561454,100083,189,100069,289,100094,189,100003,189,100101,189,99974,189,100103,189,99969,189,100107,100,99967,100,100109,100,99956,100,100128,100,99913,100,100134,100,99907,100,100138,100,99906,100,100150,100,99886,100
2019-06-28 09:34:20.000000000,100083,189,100069,289,100094,189,100003,189,100101,189,99974,189,100103,189,99969,189,100107,100,99967,100,100109,100,99956,100,100128,100,99913,100,100134,100,99907,100,100138,100,99906,100,100150,100,99886,100
2019-06-28 09:34:30.000000000,100083,456,100069,556,100094,100,100003,100,100101,100,99974,100,100103,100,99969,100,100107,100,99967,100,100109,100,99956,100,100128,100,99913,100,100134,100,99907,100,100138,100,99906,100,100150,100,99886,100
2019-06-28 09:34:38.074536554,100083,456,100069,556,100101,100,100003,100,100103,100,99974,100,100107,100,99969,100,100109,100,99967,100,100128,100,99956,100,100134,100,99913,100,100138,100,99907,100,100150,100,99906,100,100153,100,99886,100
2019-06-28 09:34:40.000000000,100083,221,100069,321,100101,217,100003,217,100103,217,99974,217,100107,100,99969,100,100109,100,99967,100,100128,100,99956,100,100134,100,99913,100,100138,100,99907,100,100150,100,99906,100,100153,100,99886,100
2019-06-28 09:34:47.461760595,100083,121,100069,321,100101,217,100003,217,100103,217,99974,217,100109,100,99969,100,100128,100,99967,100,100134,100,99956,100,100138,100,99913,100,100150,100,99907,100,100153,100,99906,100,100164,100,99886,100
2019-06-28 09:34:50.000000000,100101,456,100069,556,100103,100,100003,100,100109,100,99974,100,100128,100,99969,100,100134,100,99967,100,100138,100,99956,100,100150,100,99913,100,100153,100,99907,100,100164,100,99906,100,100202,100,99886,100
2019-06-28 09:34:50.594697516,100101,456,100069,556,100103,100,100003,100,100109,100,99974,100,100128,100,99969,100,100134,100,99967,100,100138,100,99956,100,100150,100,99913,100,100153,100,99907,100,100164,100,99906,100,100202,100,99886,100
2019-06-28 09:34:56.682133233,100101,456,100069,556,100103,100,100003,100,100109,100,99974,100,100128,100,99969,100,100134,100,99967,100,100138,100,99956,100,100150,100,99913,100,100153,100,99907,100,100202,100,99906,100,100768,100,99886,100
2019-06-28 09:35:00.000000000,100101,221,100069,321,100103,217,100003,217,100109,217,99974,217,100128,100,99969,100,100134,100,99967,100,100138,100,99956,100,100150,100,99913,100,100153,100,99907,100,100202,100,99906,100,100768,100,99886,100
2019-06-28 09:35:07.059840340,100101,221,100069,321,100103,217,100003,217,100109,217,99974,217,100128,100,99969,100,100134,100,99967,100,100138,100,99956,100,100150,100,99913,100,100153,100,99907,100,100768,100,99906,100,100774,100,99886,100
2019-06-28 09:35:10.000000000,100101,278,100069,378,100103,278,100003,278,100109,100,99974,100,100128,100,99969,100,100134,100,99967,100,100138,100,99956,100,100150,100,99913,100,100153,100,99907,100,100768,100,99906,100,100774,100,99886,100
2019-06-28 09:35:17.226213827,100101,178,100069,378,100103,278,100003,278,100109,100,99974,100,100128,100,99969,100,100134,100,99967,100,100138,100,99956,100,100150,100,99913,100,100153,100,99907,100,100768,100,99906,100,100774,100,99886,100
2019-06-28 09:35:20.000000000,100103,278,100069,378,100109,278,100003,278,100128,100,99974,100,100134,100,99969,100,100138,100,99967,100,100150,100,99956,100,100153,100,99913,100,100768,100,99907,100,100774,100,99906,100,101024,100,99886,100
2019-06-28 09:35:30.000000000,100103,278,100069,378,100109,278,100003,278,100128,100,99974,100,100134,100,99969,100,100138,100,99967,100,100150,100,99956,100,100153,100,99913,100,100768,100,99907,100,100774,100,99906,100,101024,100,99886,100
2019-06-28 09:35:40.000000000,100103,189,100069,289,100109,189,100003,189,100128,189,99974,189,100134,189,99969,189,100138,100,99967,100,100150,100,99956,100,100153,100,99913,100,100768,100,99907,100,100774,100,99906,100,101024,100,99886,100
2019-06-28 09:35:40.410739325,100103,89,100069,289,100109,189,100003,189,100128,189,99974,189,100134,189,99969,189,100138,100,99967,100,100150,100,99956,100,100153,100,99913,100,100768,100,99907,100,100774,100,99906,100,101024,100,99886,100
2019-06-28 09:35:44.836265801,100103,89,100069,289,100109,189,100003,189,100128,189,99974,189,100134,189,99969,189,100138,100,99967,100,100150,100,99913,100,100153,100,99907,100,100768,100,99906,100,100774,100,99886,100,101024,100,99871,100
2019-06-28 09:35:50.000000000,100109,189,100069,289,100128,189,100003,189,100134,189,99974,189,100138,189,99969,189,100150,100,99967,100,100153,100,99913,100,100768,100,99907,100,100774,100,99906,100,101024,100,99886,100,101189,100,99871,100
2019-06-28 09:35:54.289655730,100109,189,100069,289,100128,189,100003,189,100134,189,99974,189,100138,189,99969,189,100150,100,99967,100,100153,100,99913,100,100768,100,99907,100,100774,100,99906,100,101024,100,99886,100,101122,100,99871,100
2019-06-28 09:36:00.000000000,100109,189,100069,289,100128,189,100003,189,100134,189,99974,189,100138,189,99969,189,100150,100,99967,100,100153,100,99913,100,100768,100,99907,100,100774,100,99906,100,101024,100,99886,100,101122,100,99871,100
2019-06-28 09:36:10.000000000,100109,221,100069,321,100128,217,100003,217,100134,217,99974,217,100138,100,99969,100,100150,100,99967,100,100153,100,99913,100,100768,100,99907,100,100774,100,99906,100,101024,100,99886,100,101122,100,99871,100
2019-06-28 09:36:20.000000000,100109,171,100069,271,100128,171,100003,171,100134,171,99974,171,100138,171,99969,171,100150,171,99967,171,100153,100,99913,100,100768,100,99907,100,100774,100,99906,100,101024,100,99886,100,101122,100,99871,100
2019-06-28 09:36:28.563208125,100109,71,100069,271,100128,171,100003,171,100134,171,99974,171,100138,171,99969,171,100150,171,99967,171,100153,100,99913,100,100768,100,99907,100,100774,100,99906,100,101024,100,99886,100,101122,100,99871,100
2019-06-28 09:36:30.000000000,100128,278,100069,378,100134,278,100003,278,100138,100,99974,100,100150,100,99969,100,100153,100,99967,100,100768,100,99913,100,100774,100,99907,100,101024,100,99906,100,101122,100,99886,100,101189,100,99871,100
2019-06-28 09:36:34.323257732,100128,278,100069,378,100134,278,100003,278,100138,100,99974,100,100150,100,99969,100,100153,100,99967,100,100745,100,99913,100,100768,100,99907,100,100774,100,99906,100,101024,100,99886,100,101122,100,99871,100
2019-06-28 09:36:39.818935830,100128,178,100069,378,100134,278,100003,278,100138,100,99974,100,100150,100,99969,100,100153,100,99913,100,100745,100,99907,100,100768,100,99906,100,100774,100,99886,100,101024,100,99871,100,101122,100,99858,100
2019-06-28 09:36:40.000000000,100134,189,100069,289,100138,189,100003,189,100150,189,99974,189,100153,189,99969,189,100745,100,99913,100,100768,100,99907,100,100774,100,99906,100,101024,100,99886,100,101122,100,99871,100,101189,100,99858,100
2019-06-28 09:36:41.890641866,100134,189,100109,100,100138,189,100069,289,100150,189,100003,189,100153,189,99974,189,100745,100,99969,89,100768,100,99913,100,100774,100,99907,100,101024,100,99906,100,101122,100,99886,100,101189,100,99871,100
2019-06-28 09:36:50.000000000,100134,189,100109,189,100138,189,100069,289,100150,189,100003,189,100153,189,99974,189,100745,100,99913,100,100768,100,99907,100,100774,100,99906,100,101024,100,99886,100,101122,100,99871,100,101189,100,99858,100
2019-06-28 09:37:00.000000000,100134,171,100109,171,100138,171,100069,271,100150,171,100003,171,100153,171,99974,171,100745,171,99913,171,100768,100,99907,100,100774,100,99906,100,101024,100,99886,100,101122,100,99871,100,101189,100,99858,100
2019-06-28 09:37:07.425113303,100134,71,100109,171,100138,171,100069,271,100150,171,100003,171,100153,171,99974,171,100745,171,99913,171,100768,100,99907,100,100774,100,99906,100,101024,100,99886,100,101122,100,99871,100,101189,100,99858,100
2019-06-28 09:37:10.000000000,100138,171,100109,171,100150,171,100069,271,100153,171,100003,171,100745,171,99974,171,100768,171,99913,171,100774,100,99907,100,101024,100,99906,100,101122,100,99886,100,101189,100,99871,100,101305,100,99858,100
2019-06-28 09:37:10.005570348,100138,71,100109,171,100150,171,100069,271,100153,171,100003,171,100745,171,99974,171,100768,171,99913,171,100774,100,99907,100,101024,100,99906,100,101122,100,99886,100,101189,100,99871,100,101305,100,99858,100
2019-06-28 09:37:11.322631110,100150,171,100138,29,100153,171,100109,171,100745,171,100069,271,100768,171,100003,171,100774,100,99974,171,101024,100,99913,171,101122,100,99907,100,101189,100,99906,100,101305,100,99886,100,101366,100,99871,100
2019-06-28 09:37:20.000000000,100150,189,100138,118,100153,189,100109,189,100745,189,100069,289,100768,189,100003,189,100774,100,99974,100,101024,100,99913,100,101122,100,99907,100,101189,100,99906,100,101305,100,99886,100,101366,100,99871,100
2019-06-28 09:37:30.000000000,100150,171,100138,100,100153,171,100109,171,100745,171,100069,271,100768,171,100003,171,100774,171,99974,171,101024,100,99913,100,101122,100,99907,100,101189,100,99906,100,101305,100,99886,100,101366,100,99871,100
2019-06-28 09:37:40.000000000,100150,456,100138,385,100153,100,100109,100,100745,100,100069,200,100768,100,100003,100,100774,100,99974,100,101024,100,99913,100,101122,100,99907,100,101189,100,99906,100,101305,100,99886,100,101366,100,99871,100
2019-06-28 09:37:41.705159590,100150,456,100138,485,100153,100,100109,100,100745,100,100069,200,100768,100,100003,100,100774,100,99974,100,101024,100,99913,100,101122,100,99907,100,101189,100,99906,100,101305,100,99886,100,101366,100,99871,100
2019-06-28 09:37:46.124627203,100150,456,100138,585,100153,100,100109,100,100745,100,100069,200,100768,100,100003,100,100774,100,99974,100,101024,100,99913,100,101122,100,99907,100,101189,100,99906,100,101305,100,99886,100,101366,100,99871,100
2019-06-28 09:37:50.000000000,100150,278,100138,407,100153,278,100109,278,100745,100,100069,200,100768,100,100003,100,100774,100,99974,100,101024,100,99913,100,101122,100,99907,100,101189,100,99906,100,101305,100,99886,100,101366,100,99871,100
2019-06-28 09:37:58.683246900,100150,278,100138,407,100153,278,100109,278,100505,100,100069,200,100745,100,100003,100,100768,100,99974,100,100774,100,99913,100,101024,100,99907,100,101122,100,99906,100,101189,100,99886,100,101305,100,99871,100
2019-06-28 09:37:59.523406322,100150,278,100138,407,100153,278,100109,278,100392,100,100069,200,100505,100,100003,100,100745,100,99974,100,100768,100,99913,100,100774,100,99907,100,101024,100,99906,100,101122,100,99886,100,101189,100,99871,100
2019-06-28 09:38:00.000000000,100150,171,100138,300,100153,171,100109,171,100392,171,100069,271,100505,171,100003,171,100745,171,99974,171,100768,100,99913,100,100774,100,99907,100,101024,100,99906,100,101122,100,99886,100,101189,100,99871,100
2019-06-28 09:38:10.000000000,100150,278,100138,407,100153,278,100109,278,100392,100,100069,200,100505,100,100003,100,100745,100,99974,100,100768,100,99913,100,100774,100,99907,100,101024,100,99906,100,101122,100,99886,100,101189,100,99871,100
2019-06-28 09:38:20.000000000,100150,171,100138,300,100153,171,100109,171,100392,171,100069,271,100505,171,100003,171,100745,171,99974,171,100768,100,99913,100,100774,100,99907,100,101024,100,99906,100,101122,100,99886,100,101189,100,99871,100
2019-06-28 09:38:30.000000000,100150,278,100138,407,100153,278,100109,278,100392,100,100069,200,100505,100,100003,100,100745,100,99974,100,100768,100,99913,100,100774,100,99907,100,101024,100,99906,100,101122,100,99886,100,101189,100,99871,100
2019-06-28 09:38:36.260860817,100150,278,100138,407,100153,278,100109,278,100392,100,100069,200,100505,100,100044,100,100745,100,100003,100,100768,100,99974,100,100774,100,99913,100,101024,100,99907,100,101122,100,99906,100,101189,100,99886,100
2019-06-28 09:38:40.000000000,100150,456,100138,585,100153,100,100109,100,100392,100,100069,200,100505,100,100044,100,100745,100,100003,100,100768,100,99974,100,100774,100,99913,100,101024,100,99907,100,101122,100,99906,100,101189,100,99886,100
2019-06-28 09:38:50.000000000,100150,278,100138,407,100153,278,100109,278,100392,100,100069,200,100505,100,100044,100,100745,100,100003,100,100768,100,99974,100,100774,100,99913,100,101024,100,99907,100,101122,100,99906,100,101189,100,99886,100
2019-06-28 09:39:00.000000000,100150,189,100138,318,100153,189,100109,189,100392,189,100069,289,100505,189,100044,189,100745,100,100003,100,100768,100,99974,100,100774,100,99913,100,101024,100,99907,100,101122,100,99906,100,101189,100,99886,100
2019-06-28 09:39:05.251971671,100150,89,100138,318,100153,189,100109,189,100392,189,100069,289,100505,189,100044,189,100745,100,100003,100,100768,100,99974,100,100774,100,99913,100,101024,100,99907,100,101122,100,99906,100,101189,100,99886,100
2019-06-28 09:39:10.000000000,100153,278,100138,407,100392,278,100109,278,100505,100,100069,200,100745,100,100044,100,100768,100,100003,100,100774,100,99974,100,101024,100,99913,100,101122,100,99907,100,101189,100,99906,100,101305,100,99886,100
2019-06-28 09:39:20.000000000,100153,189,100138,318,100392,189,100109,189,100505,189,100069,289,100745,189,100044,189,100768,100,100003,100,100774,100,99974,100,101024,100,99913,100,101122,100,99907,100,101189,100,99906,100,101305,100,99886,100
2019-06-28 09:39:23.876531118,100153,89,100138,318,100392,189,100109,189,100505,189,100069,289,100745,189,100044,189,100768,100,100003,100,100774,100,99974,100,101024,100,99913,100,101122,100,99907,100,101189,100,99906,100,101366,100,99886,100
2019-06-28 09:39:24.683741387,100153,89,100138,318,100301,100,100109,189,100392,189,100069,289,100505,189,100044,189,100745,189,100003,100,100768,100,99974,100,100774,100,99913,100,101024,100,99907,100,101122,100,99906,100,101189,100,99886,100
2019-06-28 09:39:28.993963834,100149,100,100138,318,100153,89,100109,189,100301,100,100069,289,100392,189,100044,189,100505,189,100003,100,100745,189,99974,100,100768,100,99913,100,100774,100,99907,100,101024,100,99906,100,101122,100,99886,100
2019-06-28 09:39:30.000000000,100149,456,100138,585,100301,100,100109,100,100392,100,100069,200,100505,100,100044,100,100745,100,100003,100,100768,100,99974,100,100774,100,99913,100,101024,100,99907,100,101122,100,99906,100,101189,100,99886,100
2019-06-28 09:39:39.039598713,100149,456,100138,585,100239,100,100109,100,100301,100,100069,200,100392,100,100044,100,100505,100,100003,100,100745,100,99974,100,100768,100,99913,100,100774,100,99907,100,101024,100,99906,100,101189,100,99886,100
2019-06-28 09:39:40.000000000,100149,456,100138,585,100239,100,100109,100,100301,100,100069,200,100392,100,100044,100,100505,100,100003,100,100745,100,99974,100,100768,100,99913,100,100774,100,99907,100,101024,100,99906,100,101189,100,99886,100
2019-06-28 09:39:50.000000000,100149,456,100138,585,100239,100,100109,100,100301,100,100069,200,100392,100,100044,100,100505,100,100003,100,100745,100,99974,100,100768,100,99913,100,100774,100,99907,100,101024,100,99906,100,101189,100,99886,100
2019-06-28 09:39:50.729727263,100149,456,100138,585,100239,100,100109,100,100301,100,100069,200,100505,100,100044,100,100745,100,100003,100,100768,100,99974,100,100774,100,99913,100,101024,100,99907,100,101189,100,99906,100,101366,100,99886,100
2019-06-28 09:39:56.344684517,100149,456,100138,485,100239,100,100109,100,100301,100,100069,200,100505,100,100044,100,100745,100,100003,100,100768,100,99974,100,100774,100,99913,100,101024,100,99907,100,101189,100,99906,100,101366,100,99886,100
2019-06-28 09:40:00.000000000,100149,278,100138,307,100239,278,100109,278,100301,100,100069,200,100505,100,100044,100,100745,100,100003,100,100768,100,99974,100,100774,100,99913,100,101024,100,99907,100,101189,100,99906,100,101366,100,99886,100
2019-06-28 09:40:10.000000000,100149,221,100138,250,100239,217,100109,217,100301,217,100069,317,100505,100,100044,100,100745,100,100003,100,100768,100,99974,100,100774,100,99913,100,101024,100,99907,100,101189,100,99906,100,101366,100,99886,100
2019-06-28 09:40:20.000000000,100149,278,100138,307,100239,278,100109,278,100301,100,100069,200,100505,100,100044,100,100745,100,100003,100,100768,100,99974,100,100774,100,99913,100,101024,100,99907,100,101189,100,99906,100,101366,100,99886,100
2019-06-28 09:40:30.000000000,100149,456,100138,485,100239,100,100109,100,100301,100,100069,200,100505,100,100044,100,100745,100,100003,100,100768,100,99974,100,100774,100,99913,100,101024,100,99907,100,101189,100,99906,100,101366,100,99886,100
2019-06-28 09:40:39.038521091,100149,456,100138,485,100239,100,100109,100,100301,100,100069,200,100505,100,100044,100,100745,100,100003,100,100768,100,99974,100,100774,100,99913,100,101024,100,99907,100,101366,100,99906,100,101373,100,99886,100
2019-06-28 09:40:40.000000000,100149,221,100138,250,100239,217,100109,217,100301,217,100069,317,100505,100,100044,100,100745,100,100003,100,100768,100,99974,100,100774,100,99913,100,101024,100,99907,100,101366,100,99906,100,101373,100,99886,100
2019-06-28 09:40:50.000000000,100149,189,100138,218,100239,189,100109,189,100301,189,100069,289,100505,189,100044,189,100745,100,100003,100,100768,100,99974,100,100774,100,99913,100,101024,100,99907,100,101366,100,99906,100,101373,100,99886,100
2019-06-28 09:41:00.000000000,100149,221,100138,250,100239,217,100109,217,100301,217,100069,317,100505,100,100044,100,100745,100,100003,100,100768,100,99974,100,100774,100,99913,100,101024,100,99907,100,101366,100,99906,100,101373,100,99886,100
2019-06-28 09:41:10.000000000,100149,189,100138,218,100239,189,100109,189,100301,189,100069,289,100505,189,100044,189,100745,100,100003,100,100768,100,99974,100,100774,100,99913,100,101024,100,99907,100,101366,100,99906,100,101373,100,99886,100
2019-06-28 09:41:20.000000000,100149,171,100138,200,100239,171,100109,171,100301,171,100069,271,100505,171,100044,171,100745,171,100003,171,100768,100,99974,100,100774,100,99913,100,101024,100,99907,100,101366,100,99906,100,101373,100,99886,100
2019-06-28 09:41:24.199644974,100149,171,100138,200,100179,100,100109,171,100239,171,100069,271,100301,171,100044,171,100505,171,100003,171,100745,171,99974,100,100768,100,99913,100,100774,100,99907,100,101024,100,99906,100,101366,100,99886,100
2019-06-28 09:41:24.248123301,100148,100,100138,200,100149,171,100109,171,100179,100,100069,271,100239,171,100044,171,100301,171,100003,171,100505,171,99974,100,100745,171,99913,100,100768,100,99907,100,100774,100,99906,100,101024,100,99886,100
2019-06-28 09:41:25.498170354,100148,100,100138,100,100149,171,100109,171,100179,100,100069,271,100239,171,100044,171,100301,171,100003,171,100505,171,99974,100,100745,171,99913,100,100774,100,99907,100,101024,100,99906,100,101366,100,99886,100
2019-06-28 09:41:30.000000000,100148,278,100138,207,100149,278,100109,278,100179,100,100069,200,100239,100,100044,100,100301,100,100003,100,100505,100,99974,100,100745,100,99913,100,100774,100,99907,100,101024,100,99906,100,101366,100,99886,100
2019-06-28 09:41:38.974702953,100148,278,100138,107,100149,278,100109,278,100179,100,100069,200,100239,100,100044,100,100301,100,100003,100,100505,100,99974,100,100745,100,99913,100,100774,100,99907,100,101024,100,99906,100,101366,100,99886,100
2019-06-28 09:41:40.000000000,100148,278,100109,278,100149,278,100069,378,100179,100,100044,100,100239,100,100003,100,100301,100,99974,100,100505,100,99913,100,100745,100,99907,100,100774,100,99906,100,101024,100,99886,100,101366,100,99881,100
2019-06-28 09:41:44.846923748,100148,278,100109,278,100149,278,100069,378,100179,100,100044,100,100239,100,100003,100,100301,100,99974,100,100505,100,99913,100,100745,100,99907,100,100774,100,99906,100,101024,100,99886,100,101366,100,99881,100
2019-06-28 09:41:50.000000000,100148,221,100109,221,100149,217,100069,317,100179,217,100044,217,100239,100,100003,100,100301,100,99974,100,100505,100,99913,100,100745,100,99907,100,100774,100,99906,100,101024,100,99886,100,101366,100,99881,100
2019-06-28 09:42:00.000000000,100148,221,100109,221,100149,217,100069,317,100179,217,100044,217,100239,100,100003,100,100301,100,99974,100,100505,100,99913,100,100745,100,99907,100,100774,100,99906,100,101024,100,99886,100,101366,100,99881,100
2019-06-28 09:42:10.000000000,100148,221,100109,221,100149,217,100069,317,100179,217,100044,217,100239,100,100003,100,100301,100,99974,100,100505,100,99913,100,100745,100,99907,100,100774,100,99906,100,101024,100,99886,100,101366,100,99881,100
2019-06-28 09:42:20.000000000,100148,456,100109,456,100149,100,100069,200,100179,100,100044,100,100239,100,100003,100,100301,100,99974,100,100505,100,99913,100,100745,100,99907,100,100774,100,99906,100,101024,100,99886,100,101366,100,99881,100
2019-06-28 09:42:30.000000000,100148,278,100109,278,100149,278,100069,378,100179,100,100044,100,100239,100,100003,100,100301,100,99974,100,100505,100,99913,100,100745,100,99907,100,100774,100,99906,100,101024,100,99886,100,101366,100,99881,100
2019-06-28 09:42:35.124886527,100148,278,100109,178,100149,278,100069,378,100179,100,100044,100,100301,100,100003,100,100505,100,99974,100,100745,100,99913,100,100774,100,99907,100,101024,100,99906,100,101366,100,99886,100,101373,100,99881,100
2019-06-28 09:42:40.000000000,100148,278,100069,378,100149,278,100044,278,100179,100,100003,100,100301,100,99974,100,100505,100,99913,100,100745,100,99907,100,100774,100,99906,100,101024,100,99886,100,101366,100,99881,100,101373,100,99871,100
2019-06-28 09:42:50.000000000,100148,278,100069,378,100149,278,100044,278,100179,100,100003,100,100301,100,99974,100,100505,100,99913,100,100745,100,99907,100,100774,100,99906,100,101024,100,99886,100,101366,100,99881,100,101373,100,99871,100
2019-06-28 09:43:00.000000000,100148,171,100069,271,100149,171,100044,171,100179,171,100003,171,100301,171,99974,171,100505,171,99913,171,100745,100,99907,100,100774,100,99906,100,101024,100,99886,100,101366,100,99881,100,101373,100,99871,100
2019-06-28 09:43:07.597552028,100148,171,100110,100,100149,171,100069,171,100179,171,100044,171,100301,171,100003,171,100505,171,99974,171,100745,100,99913,171,100774,100,99907,100,101024,100,99906,100,101366,100,99886,100,101373,100,99881,100
2019-06-28 09:43:10.000000000,100148,171,100110,171,100149,171,100069,171,100179,171,100044,171,100301,171,100003,171,100505,171,99974,171,100745,100,99913,100,100774,100,99907,100,101024,100,99906,100,101366,100,99886,100,101373,100,99881,100
2019-06-28 09:43:17.073268372,100138,100,100110,171,100148,171,100069,171,100149,171,100044,171,100179,171,100003,171,100301,171,99974,171,100505,171,99913,100,100745,100,99907,100,100774,100,99906,100,101024,100,99886,100,101366,100,99881,100
2019-06-28 09:43:20.000000000,100138,189,100110,189,100148,189,100069,189,100149,189,100044,189,100179,189,100003,189,100301,100,99974,100,100505,100,99913,100,100745,100,99907,100,100774,100,99906,100,101024,100,99886,100,101366,100,99881,100
2019-06-28 09:43:30.000000000,100138,189,100110,189,100148,189,100069,189,100149,189,100044,189,100179,189,100003,189,100301,100,99974,100,100505,100,99913,100,100745,100,99907,100,100774,100,99906,100,101024,100,99886,100,101366,100,99881,100
2019-06-28 09:43:30.104039394,100138,189,100110,289,100148,189,100069,189,100149,189,100044,189,100179,189,100003,189,100301,100,99974,100,100505,100,99913,100,100745,100,99907,100,100774,100,99906,100,101024,100,99886,100,101366,100,99881,100
2019-06-28 09:43:31.460609933,100138,89,100110,289,100148,189,100069,189,100149,189,100044,189,100179,189,100003,189,100301,100,99974,100,100505,100,99913,100,100745,100,99907,100,100774,100,99906,100,101024,100,99886,100,101366,100,99881,100
2019-06-28 09:43:36.606444144,100138,89,100137,100,100148,189,100110,289,100149,189,100069,189,100179,189,100044,189,100301,100,100003,189,100505,100,99974,100,100745,100,99913,100,100774,100,99907,100,101024,100,99906,100,101366,100,99886,100
2019-06-28 09:43:37.829724473,100138,89,100137,100,100148,189,100111,100,100149,189,100110,289,100179,189,100069,189,100301,100,100044,189,100505,100,100003,189,100745,100,99974,100,100774,100,99913,100,101024,100,99907,100,101366,100,99906,100
2019-06-28 09:43:39.220922201,100138,89,100111,100,100148,189,100110,289,100149,189,100069,189,100179,189,100044,189,100301,100,100003,189,100505,100,99974,100,100745,100,99913,100,100774,100,99907,100,101024,100,99906,100,101366,100,99886,100
2019-06-28 09:43:40.000000000,100148,189,100111,189,100149,189,100110,289,100179,189,100069,189,100301,189,100044,189,100505,100,100003,100,100745,100,99974,100,100774,100,99913,100,101024,100,99907,100,101366,100,99906,100,101373,100,99886,100
2019-06-28 09:43:50.000000000,100148,189,100111,189,100149,189,100110,289,100179,189,100069,189,100301,189,100044,189,100505,100,100003,100,100745,100,99974,100,100774,100,99913,100,101024,100,99907,100,101366,100,99906,100,101373,100,99886,100
2019-06-28 09:43:56.878290369,100148,189,100111,189,100149,189,100110,289,100179,189,100069,189,100301,189,100044,189,100505,100,100003,100,100745,100,99982,100,100774,100,99974,100,101024,100,99913,100,101366,100,99907,100,101373,100,99906,100
2019-06-28 09:44:00.000000000,100148,171,100111,171,100149,171,100110,271,100179,171,100069,171,100301,171,100044,171,100505,171,100003,171,100745,100,99982,100,100774,100,99974,100,101024,100,99913,100,101366,100,99907,100,101373,100,99906,100
2019-06-28 09:44:10.000000000,100148,278,100111,278,100149,278,100110,378,100179,100,100069,100,100301,100,100044,100,100505,100,100003,100,100745,100,99982,100,100774,100,99974,100,101024,100,99913,100,101366,100,99907,100,101373,100,99906,100
2019-06-28 09:44:10.397633848,100137,100,100111,278,100148,278,100110,378,100149,278,100069,100,100179,100,100044,100,100301,100,100003,100,100505,100,99982,100,100745,100,99974,100,100774,100,99913,100,101024,100,99907,100,101366,100,99906,100
2019-06-28 09:44:20.000000000,100137,278,100111,278,100148,278,100110,378,100149,100,100069,100,100179,100,100044,100,100301,100,100003,100,100505,100,99982,100,100745,100,99974,100,100774,100,99913,100,101024,100,99907,100,101366,100,99906,100
2019-06-28 09:44:28.202695993,100137,278,100111,278,100148,278,100110,378,100149,100,100069,100,100179,100,100044,100,100301,100,100003,100,100303,100,99982,100,100505,100,99974,100,100745,100,99913,100,100774,100,99907,100,101024,100,99906,100
2019-06-28 09:44:30.000000000,100137,278,100111,278,100148,278,100110,378,100149,100,100069,100,100179,100,100044,100,100301,100,100003,100,100303,100,99982,100,100505,100,99974,100,100745,100,99913,100,100774,100,99907,100,101024,100,99906,100
2019-06-28 09:44:40.000000000,100137,171,100111,171,100148,171,100110,271,100149,171,100069,171,100179,171,100044,171,100301,171,100003,171,100303,100,99982,100,100505,100,99974,100,100745,100,99913,100,100774,100,99907,100,101024,100,99906,100
2019-06-28 09:44:50.000000000,100137,456,100111,456,100148,100,100110,200,100149,100,100069,100,100179,100,100044,100,100301,100,100003,100,100303,100,99982,100,100505,100,99974,100,100745,100,99913,100,100774,100,99907,100,101024,100,99906,100
2019-06-28 09:44:55.788054229,100137,456,100111,356,100148,100,100110,200,100149,100,100069,100,100179,100,100044,100,100301,100,100003,100,100303,100,99982,100,100505,100,99974,100,100745,100,99913,100,100774,100,99907,100,101024,100,99906,100
2019-06-28 09:45:00.000000000,100137,278,100110,378,100148,278,100069,278,100149,100,100044,100,100179,100,100003,100,100301,100,99982,100,100303,100,99974,100,100505,100,99913,100,100745,100,99907,100,100774,100,99906,100,101024,100,99886,100
2019-06-28 09:45:10.000000000,100137,278,100110,378,100148,278,100069,278,100149,100,100044,100,100179,100,100003,100,100301,100,99982,100,100303,100,99974,100,100505,100,99913,100,100745,100,99907,100,100774,100,99906,100,101024,100,99886,100
2019-06-28 09:45:20.000000000,100137,278,100110,378,100148,278,100069,278,100149,100,100044,100,100179,100,100003,100,100301,100,99982,100,100303,100,99974,100,100505,100,99913,100,100745,100,99907,100,100774,100,99906,100,101024,100,99886,100
2019-06-28 09:45:30.000000000,100137,221,100110,321,100148,217,100069,217,100149,217,100044,217,100179,100,100003,100,100301,100,99982,100,100303,100,99974,100,100505,100,99913,100,100745,100,99907,100,100774,100,99906,100,101024,100,99886,100
2019-06-28 09:45:40.000000000,100137,171,100110,271,100148,171,100069,171,100149,171,100044,171,100179,171,100003,171,100301,171,99982,171,100303,100,99974,100,100505,100,99913,100,100745,100,99907,100,100774,100,99906,100,101024,100,99886,100
2019-06-28 09:45:50.000000000,100137,278,100110,378,100148,278,100069,278,100149,100,100044,100,100179,100,100003,100,100301,100,99982,100,100303,100,99974,100,100505,100,99913,100,100745,100,99907,100,100774,100,99906,100,101024,100,99886,100
2019-06-28 09:46:00.000000000,100137,278,100110,378,100148,278,100069,278,100149,100,100044,100,100179,100,100003,100,100301,100,99982,100,100303,100,99974,100,100505,100,99913,100,100745,100,99907,100,100774,100,99906,100,101024,100,99886,100
2019-06-28 09:46:10.000000000,100137,171,100110,271,100148,171,100069,171,100149,171,100044,171,100179,171,100003,171,100301,171,99982,171,100303,100,99974,100,100505,100,99913,100,100745,100,99907,100,100774,100,99906,100,101024,100,99886,100
2019-06-28 09:46:20.000000000,100137,171,100110,271,100148,171,100069,171,100149,171,100044,171,100179,171,100003,171,100301,171,99982,171,100303,100,99974,100,100505,100,99913,100,100745,100,99907,100,100774,100,99906,100,101024,100,99886,100
2019-06-28 09:46:26.485250484,100137,171,100110,171,100148,171,100069,171,100149,171,100044,171,100179,171,100003,171,100301,171,99982,171,100303,100,99974,100,100505,100,99907,100,100745,100,99906,100,100774,100,99886,100,101024,100,99881,100
2019-06-28 09:46:30.000000000,100137,171,100110,171,100148,171,100069,171,100149,171,100044,171,100179,171,100003,171,100301,171,99982,171,100303,100,99974,100,100505,100,99907,100,100745,100,99906,100,100774,100,99886,100,101024,100,99881,100
2019-06-28 09:46:33.699180856,100111,100,100110,171,100137,171,100069,171,100148,171,100044,171,100149,171,100003,171,100179,171,99982,171,100301,171,99907,100,100303,100,99906,100,100505,100,99886,100,100745,100,99881,100,100774,100,99871,100
2019-06-28 09:46:40.000000000,100111,456,100110,456,100137,100,100069,100,100148,100,100044,100,100149,100,100003,100,100179,100,99982,100,100301,100,99907,100,100303,100,99906,100,100505,100,99886,100,100745,100,99881,100,100774,100,99871,100
2019-06-28 09:46:41.105617484,100111,456,100110,356,100137,100,100069,100,100148,100,100044,100,100149,100,100003,100,100179,100,99982,100,100301,100,99907,100,100303,100,99906,100,100505,100,99886,100,100745,100,99881,100,100774,100,99871,100
2019-06-28 09:46:44.509817872,100111,456,100110,356,100137,100,100069,100,100148,100,100044,100,100149,100,100003,100,100179,100,99982,100,100301,100,99907,100,100303,100,99906,100,100505,100,99886,100,100745,100,99881,100,100774,100,99871,100
2019-06-28 09:46:50.000000000,100111,189,100069,189,100137,189,100044,189,100148,189,100003,189,100149,189,99982,189,100179,100,99907,100,100301,100,99906,100,100303,100,99886,100,100505,100,99881,100,100745,100,99871,100,100774,100,99844,100
2019-06-28 09:46:53.590095098,100111,189,100069,189,100137,189,100044,189,100148,189,100003,189,100149,189,99982,189,100179,100,99907,100,100301,100,99906,100,100303,100,99886,100,100505,100,99881,100,100745,100,99871,100,100774,100,99844,100
2019-06-28 09:47:00.000000000,100111,221,100069,221,100137,217,100044,217,100148,217,100003,217,100149,100,99982,100,100179,100,99907,100,100301,100,99906,100,100303,100,99886,100,100505,100,99881,100,100745,100,99871,100,100774,100,99844,100
2019-06-28 09:47:10.000000000,100111,278,100069,278,100137,278,100044,278,100148,100,100003,100,100149,100,99982,100,100179,100,99907,100,100301,100,99906,100,100303,100,99886,100,100505,100,99881,100,100745,100,99871,100,100774,100,99844,100
2019-06-28 09:47:11.706313421,100111,278,100069,178,100137,278,100044,278,100148,100,100003,100,100149,100,99982,100,100179,100,99907,100,100301,100,99906,100,100303,100,99886,100,100505,100,99881,100,100745,100,99871,100,100774,100,99844,100
2019-06-28 09:47:20.000000000,100111,456,100044,456,100137,100,100003,100,100148,100,99982,100,100149,100,99907,100,100179,100,99906,100,100301,100,99886,100,100303,100,99881,100,100505,100,99871,100,100745,100,99844,100,100774,100,99840,100
2019-06-28 09:47:30.000000000,100111,171,100044,171,100137,171,100003,171,100148,171,99982,171,100149,171,99907,171,100179,171,99906,171,100301,100,99886,100,100303,100,99881,100,100505,100,99871,100,100745,100,99844,100,100774,100,99840,100
2019-06-28 09:47:30.077519127,100111,171,100044,171,100137,171,100003,171,100148,171,99982,171,100149,171,99907,171,100179,171,99906,171,100301,100,99886,100,100303,100,99881,100,100505,100,99871,100,100745,100,99844,100,100774,100,99840,100
2019-06-28 09:47:34.978225740,100111,171,100044,171,100137,71,100003,171,100148,171,99982,171,100149,171,99907,171,100179,171,99906,171,100301,100,99886,100,100303,100,99881,100,100505,100,99871,100,100745,100,99844,100,100774,100,99840,100
2019-06-28 09:47:40.000000000,100111,456,100044,456,100148,100,100003,100,100149,100,99982,100,100179,100,99907,100,100301,100,99906,100,100303,100,99886,100,100505,100,99881,100,100745,100,99871,100,100774,100,99844,100,101366,100,99840,100
2019-06-28 09:47:50.000000000,100111,221,100044,221,100148,217,100003,217,100149,217,99982,217,100179,100,99907,100,100301,100,99906,100,100303,100,99886,100,100505,100,99881,100,100745,100,99871,100,100774,100,99844,100,101366,100,99840,100
2019-06-28 09:48:00.000000000,100111,278,100044,278,100148,278,100003,278,100149,100,99982,100,100179,100,99907,100,100301,100,99906,100,100303,100,99886,100,100505,100,99881,100,100745,100,99871,100,100774,100,99844,100,101366,100,99840,100
2019-06-28 09:48:10.000000000,100111,189,100044,189,100148,189,100003,189,100149,189,99982,189,100179,189,99907,189,100301,100,99906,100,100303,100,99886,100,100505,100,99881,100,100745,100,99871,100,100774,100,99844,100,101366,100,99840,100
2019-06-28 09:48:20.000000000,100111,456,100044,456,100148,100,100003,100,100149,100,99982,100,100179,100,99907,100,100301,100,99906,100,100303,100,99886,100,100505,100,99881,100,100745,100,99871,100,100774,100,99844,100,101366,100,99840,100
2019-06-28 09:48:30.000000000,100111,221,100044,221,100148,217,100003,217,100149,217,99982,217,100179,100,99907,100,100301,100,99906,100,100303,100,99886,100,100505,100,99881,100,100745,100,99871,100,100774,100,99844,100,101366,100,99840,100
2019-06-28 09:48:34.003305230,100111,221,100044,221,100148,217,100003,217,100149,217,99982,217,100179,100,99907,100,100301,100,99906,100,100303,100,99886,100,100505,100,99881,100,100745,100,99871,100,100774,100,99844,100,101366,100,99840,100
2019-06-28 09:48:40.000000000,100111,278,100044,278,100148,278,100003,278,100149,100,99982,100,100179,100,99907,100,100301,100,99906,100,100303,100,99886,100,100505,100,99881,100,100745,100,99871,100,100774,100,99844,100,101366,100,99840,100
2019-06-28 09:48:43.223350524,100111,278,100044,278,100148,278,100003,278,100149,100,99982,100,100179,100,99907,100,100301,100,99906,100,100303,100,99886,100,100505,100,99881,100,100745,100,99871,100,100774,100,99844,100,101366,100,99840,100
2019-06-28 09:48:50.000000000,100111,278,100044,278,100148,278,100003,278,100149,100,99982,100,100179,100,99907,100,100301,100,99906,100,100303,100,99886,100,100505,100,99881,100,100745,100,99871,100,100774,100,99844,100,101366,100,99840,100
2019-06-28 09:49:00.000000000,100111,221,100044,221,100148,217,100003,217,100149,217,99982,217,100179,100,99907,100,100301,100,99906,100,100303,100,99886,100,100505,100,99881,100,100745,100,99871,100,100774,100,99844,100,101366,100,99840,100
2019-06-28 09:49:03.615614440,100111,221,100044,121,100148,217,100003,217,100149,217,99982,217,100179,100,99907,100,100301,100,99906,100,100303,100,99886,100,100505,100,99881,100,100745,100,99871,100,100774,100,99844,100,101366,100,99840,100
2019-06-28 09:49:10.000000000,100111,278,100003,278,100148,278,99982,278,100149,100,99907,100,100179,100,99906,100,100301,100,99886,100,100303,100,99881,100,100505,100,99871,100,100745,100,99844,100,100774,100,99840,100,101366,100,99825,100
2019-06-28 09:49:20.000000000,100111,456,100003,456,100148,100,99982,100,100149,100,99907,100,100179,100,99906,100,100301,100,99886,100,100303,100,99881,100,100505,100,99871,100,100745,100,99844,100,100774,100,99840,100,101366,100,99825,100
2019-06-28 09:49:30.000000000,100111,456,100003,456,100148,100,99982,100,100149,100,99907,100,100179,100,99906,100,100301,100,99886,100,100303,100,99881,100,100505,100,99871,100,100745,100,99844,100,100774,100,99840,100,101366,100,99825,100
2019-06-28 09:49:40.000000000,100111,189,100003,189,100148,189,99982,189,100149,189,99907,189,100179,189,99906,189,100301,100,99886,100,100303,100,99881,100,100505,100,99871,100,100745,100,99844,100,100774,100,99840,100,101366,100,99825,100
2019-06-28 09:49:50.000000000,100111,456,100003,456,100148,100,99982,100,100149,100,99907,100,100179,100,99906,100,100301,100,99886,100,100303,100,99881,100,100505,100,99871,100,100745,100,99844,100,100774,100,99840,100,101366,100,99825,100
2019-06-28 09:50:00.000000000,100111,221,100003,221,100148,217,99982,217,100149,217,99907,217,100179,100,99906,100,100301,100,99886,100,100303,100,99881,100,100505,100,99871,100,100745,100,99844,100,100774,100,99840,100,101366,100,99825,100
2019-06-28 09:50:06.358525756,100111,221,100003,221,100148,217,99982,217,100149,217,99907,217,100179,100,99886,100,100301,100,99881,100,100303,100,99871,100,100505,100,99844,100,100745,100,99840,100,100774,100,99825,100,101366,100,99797,100
2019-06-28 09:50:10.000000000,100111,221,100003,221,100148,217,99982,217,100149,217,99907,217,100179,100,99886,100,100301,100,99881,100,100303,100,99871,100,100505,100,99844,100,100745,100,99840,100,100774,100,99825,100,101366,100,99797,100
2019-06-28 09:50:15.477360905,100111,121,100003,221,100148,217,99982,217,100149,217,99907,217,100179,100,99886,100,100301,100,99881,100,100303,100,99871,100,100505,100,99844,100,100745,100,99840,100,100774,100,99825,100,101366,100,99797,100
2019-06-28 09:50:20.000000000,100148,456,100003,456,100149,100,99982,100,100179,100,99907,100,100301,100,99886,100,100303,100,99881,100,100505,100,99871,100,100745,100,99844,100,100774,100,99840,100,101366,100,99825,100,101373,100,99797,100
2019-06-28 09:50:30.000000000,100148,278,100003,278,100149,278,99982,278,100179,100,99907,100,100301,100,99886,100,100303,100,99881,100,100505,100,99871,100,100745,100,99844,100,100774,100,99840,100,101366,100,99825,100,101373,100,99797,100
2019-06-28 09:50:31.498873375,100148,278,100003,278,100149,278,99982,278,100179,100,99907,100,100301,100,99886,100,100303,100,99881,100,100505,100,99844,100,100745,100,99840,100,100774,100,99825,100,101366,100,99797,100,101373,100,99606,100
2019-06-28 09:50:40.000000000,100148,456,100003,456,100149,100,99982,100,100179,100,99907,100,100301,100,99886,100,100303,100,99881,100,100505,100,99844,100,100745,100,99840,100,100774,100,99825,100,101366,100,99797,100,101373,100,99606,100
2019-06-28 09:50:50.000000000,100148,278,100003,278,100149,278,99982,278,100179,100,99907,100,100301,100,99886,100,100303,100,99881,100,100505,100,99844,100,100745,100,99840,100,100774,100,99825,100,101366,100,99797,100,101373,100,99606,100
2019-06-28 09:50:52.060489423,100069,100,100003,278,100148,278,99982,278,100149,278,99907,100,100179,100,99886,100,100301,100,99881,100,100303,100,99844,100,100505,100,99840,100,100745,100,99825,100,100774,100,99797,100,101366,100,99606,100
2019-06-28 09:51:00.000000000,100069,278,100003,278,100148,278,99982,278,100149,100,99907,100,100179,100,99886,100,100301,100,99881,100,100303,100,99844,100,100505,100,99840,100,100745,100,99825,100,100774,100,99797,100,101366,100,99606,100
2019-06-28 09:51:10.000000000,100069,278,100003,278,100148,278,99982,278,100149,100,99907,100,100179,100,99886,100,100301,100,99881,100,100303,100,99844,100,100505,100,99840,100,100745,100,99825,100,100774,100,99797,100,101366,100,99606,100
2019-06-28 09:51:20.000000000,100069,456,100003,456,100148,100,99982,100,100149,100,99907,100,100179,100,99886,100,100301,100,99881,100,100303,100,99844,100,100505,100,99840,100,100745,100,99825,100,100774,100,99797,100,101366,100,99606,100
2019-06-28 09:51:25.290575263,100069,456,100003,356,100148,100,99982,100,100149,100,99907,100,100179,100,99886,100,100301,100,99881,100,100303,100,99844,100,100505,100,99840,100,100745,100,99825,100,101366,100,99797,100,101373,100,99606,100
2019-06-28 09:51:30.000000000,100069,171,99982,171,100148,171,99907,171,100149,171,99886,171,100179,171,99881,171,100301,171,99844,171,100303,100,99840,100,100505,100,99825,100,100745,100,99797,100,101366,100,99606,100,101373,100,99559,100
2019-06-28 09:51:38.067227651,100069,171,99982,171,100148,171,99907,171,100149,171,99886,171,100179,171,99881,171,100301,71,99844,171,100303,100,99840,100,100505,100,99825,100,100745,100,99797,100,101366,100,99606,100,101373,100,99559,100
2019-06-28 09:51:40.000000000,100069,189,99982,189,100148,189,99907,189,100149,189,99886,189,100179,189,99881,189,100303,100,99844,100,100505,100,99840,100,100745,100,99825,100,101366,100,99797,100,101373,100,99606,100,,,99559,100
2019-06-28 09:51:50.000000000,100069,278,99982,278,100148,278,99907,278,100149,100,99886,100,100179,100,99881,100,100303,100,99844,100,100505,100,99840,100,100745,100,99825,100,101366,100,99797,100,101373,100,99606,100,,,99559,100
2019-06-28 09:51:51.314263625,100044,100,99982,278,100069,278,99907,278,100148,278,99886,100,100149,100,99881,100,100179,100,99844,100,100303,100,99840,100,100505,100,99825,100,100745,100,99797,100,101366,100,99606,100,101373,100,99559,100
2019-06-28 09:51:52.253103588,100044,200,99982,278,100069,278,99907,278,100148,278,99886,100,100149,100,99881,100,100179,100,99844,100,100303,100,99840,100,100505,100,99825,100,100745,100,99797,100,101366,100,99606,100,101373,100,99559,100
2019-06-28 09:52:00.000000000,100044,271,99982,171,100069,171,99907,171,100148,171,99886,171,100149,171,99881,171,100179,171,99844,171,100303,100,99840,100,100505,100,99825,100,100745,100,99797,100,101366,100,99606,100,101373,100,99559,100
2019-06-28 09:52:10.000000000,100044,378,99982,278,100069,278,99907,278,100148,100,99886,100,100149,100,99881,100,100179,100,99844,100,100303,100,99840,100,100505,100,99825,100,100745,100,99797,100,101366,100,99606,100,101373,100,99559,100
2019-06-28 09:52:20.000000000,100044,321,99982,221,100069,217,99907,217,100148,217,99886,217,100149,100,99881,100,100179,100,99844,100,100303,100,99840,100,100505,100,99825,100,100745,100,99797,100,101366,100,99606,100,101373,100,99559,100
2019-06-28 09:52:21.269163099,100044,321,99982,221,100069,217,99907,217,100148,217,99886,217,100149,100,99881,100,100179,100,99844,100,100303,100,99840,100,100505,100,99825,100,100745,100,99797,100,101366,100,99606,100,101373,100,99559,100
2019-06-28 09:52:30.000000000,100044,556,99982,456,100069,100,99907,100,100148,100,99886,100,100149,100,99881,100,100179,100,99844,100,100303,100,99840,100,100505,100,99825,100,100745,100,99797,100,101366,100,99606,100,101373,100,99559,100
2019-06-28 09:52:40.000000000,100044,321,99982,221,100069,217,99907,217,100148,217,99886,217,100149,100,99881,100,100179,100,99844,100,100303,100,99840,100,100505,100,99825,100,100745,100,99797,100,101366,100,99606,100,101373,100,99559,100
2019-06-28 09:52:50.000000000,100044,289,99982,189,100069,189,99907,189,100148,189,99886,189,100149,189,99881,189,100179,100,99844,100,100303,100,99840,100,100505,100,99825,100,100745,100,99797,100,101366,100,99606,100,101373,100,99559,100
2019-06-28 09:52:56.057653027,100044,289,99982,89,100069,189,99907,189,100148,189,99886,189,100149,189,99881,189,100179,100,99844,100,100303,100,99840,100,100505,100,99825,100,100745,100,99797,100,101366,100,99559,100,101373,100,99148,100
2019-06-28 09:53:00.000000000,100044,556,99907,456,100069,100,99886,100,100148,100,99881,100,100149,100,99844,100,100179,100,99840,100,100303,100,99825,100,100505,100,99797,100,100745,100,99559,100,101366,100,99148,100,101373,100,99040,100
2019-06-28 09:53:09.369419081,100044,556,99907,356,100069,100,99886,100,100148,100,99844,100,100149,100,99840,100,100179,100,99825,100,100303,100,99797,100,100505,100,99559,100,100745,100,99148,100,101366,100,99040,100,101373,100,98877,100
2019-06-28 09:53:10.000000000,100044,556,99886,456,100069,100,99844,100,100148,100,99840,100,100149,100,99825,100,100179,100,99797,100,100303,100,99559,100,100505,100,99148,100,100745,100,99040,100,101366,100,98877,100,101373,100,98798,100
2019-06-28 09:53:20.000000000,100044,321,99886,221,100069,217,99844,217,100148,217,99840,217,100149,100,99825,100,100179,100,99797,100,100303,100,99559,100,100505,100,99148,100,100745,100,99040,100,101366,100,98877,100,101373,100,98798,100
2019-06-28 09:53:30.000000000,100044,289,99886,189,100069,189,99844,189,100148,189,99840,189,100149,189,99825,189,100179,100,99797,100,100303,100,99559,100,100505,100,99148,100,100745,100,99040,100,101366,100,98877,100,101373,100,98798,100
2019-06-28 09:53:32.834523708,99982,100,99886,189,100044,289,99844,189,100069,189,99840,189,100148,189,99825,189,100149,189,99797,100,100179,100,99559,100,100303,100,99148,100,100505,100,99040,100,100745,100,98877,100,101366,100,98798,100
2019-06-28 09:53:40.000000000,99982,171,99886,171,100044,271,99844,171,100069,171,99840,171,100148,171,99825,171,100149,171,99797,171,100179,100,99559,100,100303,100,99148,100,100505,100,99040,100,100745,100,98877,100,101366,100,98798,100
2019-06-28 09:53:41.521069852,99982,171,99886,71,100044,271,99844,171,100069,171,99840,171,100148,171,99825,171,100149,171,99797,171,100179,100,99559,100,100303,100,99148,100,100505,100,99040,100,100745,100,98877,100,101366,100,98798,100
2019-06-28 09:53:50.000000000,99982,189,99844,189,100044,289,99840,189,100069,189,99825,189,100148,189,99797,189,100149,100,99559,100,100179,100,99148,100,100303,100,99040,100,100505,100,98877,100,100745,100,98798,100,101366,100,98781,100
2019-06-28 09:54:00.000000000,99982,171,99844,171,100044,271,99840,171,100069,171,99825,171,100148,171,99797,171,100149,171,99559,171,100179,100,99148,100,100303,100,99040,100,100505,100,98877,100,100745,100,98798,100,101366,100,98781,100
2019-06-28 09:54:10.000000000,99982,456,99844,456,100044,200,99840,100,100069,100,99825,100,100148,100,99797,100,100149,100,99559,100,100179,100,99148,100,100303,100,99040,100,100505,100,98877,100,100745,100,98798,100,101366,100,98781,100
2019-06-28 09:54:16.406191126,99907,100,99844,456,99982,456,99840,100,100044,200,99825,100,100069,100,99797,100,100148,100,99559,100,100149,100,99148,100,100179,100,99040,100,100303,100,98877,100,100505,100,98798,100,100745,100,98781,100
2019-06-28 09:54:20.000000000,99907,221,99844,221,99982,217,99840,217,100044,317,99825,217,100069,100,99797,100,100148,100,99559,100,100149,100,99148,100,100179,100,99040,100,100303,100,98877,100,100505,100,98798,100,100745,100,98781,100
2019-06-28 09:54:30.000000000,99907,221,99844,221,99982,217,99840,217,100044,317,99825,217,100069,100,99797,100,100148,100,99559,100,100149,100,99148,100,100179,100,99040,100,100303,100,98877,100,100505,100,98798,100,100745,100,98781,100
2019-06-28 09:54:31.126007099,99907,221,99844,221,99982,217,99840,217,100044,317,99825,217,100069,100,99797,100,100148,100,99148,100,100149,100,99040,100,100179,100,99025,100,100303,100,98877,100,100505,100,98798,100,100745,100,98781,100
2019-06-28 09:54:33.892505298,99907,221,99844,221,99982,217,99840,217,100044,317,99825,217,100069,100,99797,100,100148,100,99148,100,100149,100,99040,100,100179,100,99025,100,100303,100,98877,100,100745,100,98872,100,101366,100,98798,100
2019-06-28 09:54:40.000000000,99907,456,99844,456,99982,100,99840,100,100044,200,99825,100,100069,100,99797,100,100148,100,99148,100,100149,100,99040,100,100179,100,99025,100,100303,100,98877,100,100745,100,98872,100,101366,100,98798,100
2019-06-28 09:54:41.502998000,99907,456,99844,456,99982,100,99840,100,100044,200,99825,100,100069,100,99797,100,100148,100,99148,100,100179,100,99040,100,100303,100,99025,100,100745,100,98877,100,101366,100,98872,100,101373,100,98798,100
2019-06-28 09:54:50.000000000,99907,189,99844,189,99982,189,99840,189,100044,289,99825,189,100069,189,99797,189,100148,100,99148,100,100179,100,99040,100,100303,100,99025,100,100745,100,98877,100,101366,100,98872,100,101373,100,98798,100
2019-06-28 09:55:00.000000000,99907,278,99844,278,99982,278,99840,278,100044,200,99825,100,100069,100,99797,100,100148,100,99148,100,100179,100,99040,100,100303,100,99025,100,100745,100,98877,100,101366,100,98872,100,101373,100,98798,100
2019-06-28 09:55:05.906678184,99907,278,99844,278,99982,278,99840,278,100044,200,99825,100,100069,100,99797,100,100148,100,99148,100,100179,100,99040,100,100303,100,99025,100,100745,100,98949,100,101366,100,98877,100,101373,100,98872,100
2019-06-28 09:55:10.000000000,99907,221,99844,221,99982,217,99840,217,100044,317,99825,217,100069,100,99797,100,100148,100,99148,100,100179,100,99040,100,100303,100,99025,100,100745,100,98949,100,101366,100,98877,100,101373,100,98872,100
2019-06-28 09:55:13.471591815,99907,221,99844,121,99982,217,99840,217,100044,317,99825,217,100069,100,99797,100,100148,100,99148,100,100179,100,99040,100,100303,100,99025,100,100745,100,98949,100,101366,100,98877,100,101373,100,98872,100
2019-06-28 09:55:20.000000000,99907,278,99840,278,99982,278,99825,278,100044,200,99797,100,100069,100,99148,100,100148,100,99040,100,100179,100,99025,100,100303,100,98949,100,100745,100,98877,100,101366,100,98872,100,101373,100,98798,100
2019-06-28 09:55:30.000000000,99907,456,99840,456,99982,100,99825,100,100044,200,99797,100,100069,100,99148,100,100148,100,99040,100,100179,100,99025,100,100303,100,98949,100,100745,100,98877,100,101366,100,98872,100,101373,100,98798,100
2019-06-28 09:55:40.000000000,99907,171,99840,171,99982,171,99825,171,100044,271,99797,171,100069,171,99148,171,100148,171,99040,171,100179,100,99025,100,100303,100,98949,100,100745,100,98877,100,101366,100,98872,100,101373,100,98798,100
2019-06-28 09:55:44.727132127,99886,100,99840,171,99907,171,99825,171,99982,171,99797,171,100044,271,99148,171,100069,171,99040,171,100148,171,99025,100,100179,100,98949,100,100303,100,98877,100,100745,100,98872,100,101366,100,98798,100
2019-06-28 09:55:50.000000000,99886,221,99840,221,99907,217,99825,217,99982,217,99797,217,100044,200,99148,100,100069,100,99040,100,100148,100,99025,100,100179,100,98949,100,100303,100,98877,100,100745,100,98872,100,101366,100,98798,100
2019-06-28 09:56:00.000000000,99886,456,99840,456,99907,100,99825,100,99982,100,99797,100,100044,200,99148,100,100069,100,99040,100,100148,100,99025,100,100179,100,98949,100,100303,100,98877,100,100745,100,98872,100,101366,100,98798,100
2019-06-28 09:56:10.000000000,99886,456,99840,456,99907,100,99825,100,99982,100,99797,100,100044,200,99148,100,100069,100,99040,100,100148,100,99025,100,100179,100,98949,100,100303,100,98877,100,100745,100,98872,100,101366,100,98798,100
2019-06-28 09:56:20.000000000,99886,278,99840,278,99907,278,99825,278,99982,100,99797,100,100044,200,99148,100,100069,100,99040,100,100148,100,99025,100,100179,100,98949,100,100303,100,98877,100,100745,100,98872,100,101366,100,98798,100
2019-06-28 09:56:25.558812831,99886,278,99840,278,99907,278,99825,278,99982,100,99797,100,100044,200,99511,100,100069,100,99148,100,100148,100,99040,100,100179,100,99025,100,100303,100,98949,100,100745,100,98877,100,101366,100,98872,100
2019-06-28 09:56:30.000000000,99886,171,99840,171,99907,171,99825,171,99982,171,99797,171,100044,271,99511,171,100069,171,99148,171,100148,100,99040,100,100179,100,99025,100,100303,100,98949,100,100745,100,98877,100,101366,100,98872,100
2019-06-28 09:56:33.604128307,99886,171,99840,71,99907,171,99825,171,99982,171,99797,171,100044,271,99511,171,100069,171,99148,171,100148,100,99040,100,100179,100,99025,100,100303,100,98949,100,100745,100,98872,100,101366,100,98798,100
2019-06-28 09:56:35.977127184,99886,171,99840,71,99907,171,99825,171,99982,171,99797,171,100044,271,99511,171,100069,171,99423,100,100148,100,99148,171,100179,100,99040,100,100303,100,99025,100,101366,100,98949,100,101373,100,98872,100
2019-06-28 09:56:36.786763566,99844,100,99840,71,99886,171,99825,171,99907,171,99797,171,99982,171,99511,171,100044,271,99423,100,100069,171,99148,171,100148,100,99040,100,100179,100,99025,100,100303,100,98949,100,101366,100,98872,100
2019-06-28 09:56:38.384473310,99840,29,99825,171,99844,100,99797,171,99886,171,99511,171,99907,171,99423,100,99982,171,99148,171,100044,271,99040,100,100069,171,99025,100,100148,100,98949,100,100179,100,98872,100,100303,100,98798,100
2019-06-28 09:56:40.000000000,99840,118,99825,189,99844,189,99797,189,99886,189,99511,189,99907,189,99423,189,99982,100,99148,100,100044,200,99040,100,100069,100,99025,100,100148,100,98949,100,100179,100,98872,100,100303,100,98798,100
2019-06-28 09:56:45.002515339,99840,118,99825,89,99844,189,99797,189,99886,189,99511,189,99907,189,99423,189,99982,100,99148,100,100044,200,99040,100,100069,100,99025,100,100148,100,98949,100,100179,100,98872,100,100303,100,98798,100
2019-06-28 09:56:50.000000000,99840,385,99797,456,99844,100,99511,100,99886,100,99423,100,99907,100,99148,100,99982,100,99040,100,100044,200,99025,100,100069,100,98949,100,100148,100,98872,100,100179,100,98798,100,100303,100,98781,100
2019-06-28 09:56:50.957729071,99840,385,99797,356,99844,100,99511,100,99886,100,99148,100,99907,100,99040,100,99982,100,99025,100,100044,200,98949,100,100069,100,98872,100,100148,100,98798,100,100179,100,98781,100,100303,100,98768,100
2019-06-28 09:56:54.018678175,99825,100,99797,356,99840,385,99511,100,99844,100,99148,100,99886,100,99040,100,99907,100,99025,100,99982,100,98949,100,100044,100,98872,100,100069,100,98798,100,100148,100,98781,100,100179,100,98768,100
2019-06-28 09:57:00.000000000,99825,278,99511,278,99840,207,99148,278,99844,100,99040,100,99886,100,99025,100,99907,100,98949,100,99982,100,98872,100,100044,100,98798,100,100069,100,98781,100,100148,100,98768,100,100179,100,,
2019-06-28 09:57:07.669419468,99564,100,99511,278,99825,278,99148,278,99840,207,99040,100,99844,100,99025,100,99886,100,98949,100,99907,100,98872,100,99982,100,98798,100,100044,100,98781,100,100069,100,98768,100,100148,100,,
2019-06-28 09:57:10.000000000,99564,456,99511,456,99825,100,99148,100,99840,29,99040,100,99844,100,99025,100,99886,100,98949,100,99907,100,98872,100,99982,100,98798,100,100044,100,98781,100,100069,100,98768,100,100148,100,,
2019-06-28 09:57:17.143200459,99564,456,99517,100,99825,100,99511,456,99840,29,99148,100,99844,100,99025,100,99886,100,98949,100,99907,100,98872,100,99982,100,98798,100,100044,100,98781,100,100069,100,98768,100,100148,100,,
2019-06-28 09:57:20.000000000,99564,189,99517,189,99825,189,99511,189,99840,118,99148,189,99844,189,99025,189,99886,100,98949,100,99907,100,98872,100,99982,100,98798,100,100044,100,98781,100,100069,100,98768,100,100148,100,,
2019-06-28 09:57:30.000000000,99564,456,99517,456,99825,100,99511,100,99840,29,99148,100,99844,100,99025,100,99886,100,98949,100,99907,100,98872,100,99982,100,98798,100,100044,100,98781,100,100069,100,98768,100,100148,100,,
2019-06-28 09:57:36.917019080,99564,456,99517,456,99825,100,99511,100,99840,29,99148,100,99844,100,99025,100,99886,100,98949,100,99907,100,98872,100,99916,100,98798,100,99982,100,98781,100,100044,100,98768,100,100069,100,,
2019-06-28 09:57:40.000000000,99564,456,99517,456,99825,100,99511,100,99840,29,99148,100,99844,100,99025,100,99886,100,98949,100,99907,100,98872,100,99916,100,98798,100,99982,100,98781,100,100044,100,98768,100,100069,100,,
2019-06-28 09:57:50.000000000,99564,278,99517,278,99825,278,99511,278,99840,29,99148,100,99844,100,99025,100,99886,100,98949,100,99907,100,98872,100,99916,100,98798,100,99982,100,98781,100,100044,100,98768,100,100069,100,,
2019-06-28 09:58:00.000000000,99564,189,99517,189,99825,189,99511,189,99840,118,99148,189,99844,189,99025,189,99886,100,98949,100,99907,100,98872,100,99916,100,98798,100,99982,100,98781,100,100044,100,98768,100,100069,100,,
2019-06-28 09:58:04.715660222,99530,100,99517,189,99564,189,99511,189,99825,189,99148,189,99840,118,99025,189,99844,189,98949,100,99886,100,98872,100,99907,100,98798,100,99916,100,98781,100,99982,100,98768,100,100044,100,,
2019-06-28 09:58:10.000000000,99530,171,99517,171,99564,171,99511,171,99825,171,99148,171,99840,100,99025,171,99844,171,98949,171,99886,100,98872,100,99907,100,98798,100,99916,100,98781,100,99982,100,98768,100,100044,100,,
2019-06-28 09:58:20.000000000,99530,221,99517,221,99564,217,99511,217,99825,217,99148,217,99840,29,99025,100,99844,100,98949,100,99886,100,98872,100,99907,100,98798,100,99916,100,98781,100,99982,100,98768,100,100044,100,,
2019-06-28 09:58:30.000000000,99530,171,99517,171,99564,171,99511,171,99825,171,99148,171,99840,100,99025,171,99844,171,98949,171,99886,100,98872,100,99907,100,98798,100,99916,100,98781,100,99982,100,98768,100,100044,100,,
2019-06-28 09:58:40.000000000,99530,456,99517,456,99564,100,99511,100,99825,100,99148,100,99840,29,99025,100,99844,100,98949,100,99886,100,98872,100,99907,100,98798,100,99916,100,98781,100,99982,100,98768,100,100044,100,,
2019-06-28 09:58:47.264491992,99530,456,99517,356,99564,100,99511,100,99825,100,99148,100,99840,29,98949,100,99844,100,98872,100,99886,100,98798,100,99907,100,98781,100,99916,100,98768,100,99982,100,,,100044,100,,
2019-06-28 09:58:50.000000000,99530,189,99511,189,99564,189,99148,189,99825,189,98949,189,99840,118,98872,189,99844,100,98798,100,99886,100,98781,100,99907,100,98768,100,99916,100,,,99982,100,,,100044,100,,
2019-06-28 09:58:59.371868683,99529,100,99511,189,99530,189,99148,189,99564,189,98949,189,99825,189,98872,189,99840,118,98798,100,99844,100,98781,100,99886,100,98768,100,99907,100,,,99916,100,,,99982,100,,
2019-06-28 09:59:00.000000000,99529,278,99511,278,99530,278,99148,278,99564,100,98949,100,99825,100,98872,100,99840,29,98798,100,99844,100,98781,100,99886,100,98768,100,99907,100,,,99916,100,,,99982,100,,
2019-06-28 09:59:10.000000000,99529,456,99511,456,99530,100,99148,100,99564,100,98949,100,99825,100,98872,100,99840,29,98798,100,99844,100,98781,100,99886,100,98768,100,99907,100,,,99916,100,,,99982,100,,
2019-06-28 09:59:20.000000000,99529,189,99511,189,99530,189,99148,189,99564,189,98949,189,99825,189,98872,189,99840,29,98798,100,99844,100,98781,100,99886,100,98768,100,99907,100,,,99916,100,,,99982,100,,
2019-06-28 09:59:30.000000000,99529,189,99511,189,99530,189,99148,189,99564,189,98949,189,99825,189,98872,189,99840,29,98798,100,99844,100,98781,100,99886,100,98768,100,99907,100,,,99916,100,,,99982,100,,
2019-06-28 09:59:39.362077832,99529,189,99511,89,99530,189,99148,189,99564,189,98949,189,99825,189,98872,189,99840,29,98798,100,99844,100,98781,100,99886,100,98768,100,99907,100,,,99916,100,,,99982,100,,
2019-06-28 09:59:40.000000000,99529,171,99148,171,99530,171,98949,171,99564,171,98872,171,99825,171,98798,171,99840,100,98781,171,99844,100,98768,100,99886,100,,,99907,100,,,99916,100,,,99982,100,,
2019-06-28 09:59:46.351213044,99212,100,99148,171,99529,171,98949,171,99530,171,98872,171,99564,171,98798,171,99825,171,98781,171,99840,100,98768,100,99844,100,,,99886,100,,,99907,100,,,99916,100,,
2019-06-28 09:59:50.000000000,99212,189,99148,189,99529,189,98949,189,99530,189,98872,189,99564,189,98798,189,99825,100,98781,100,99840,29,98768,100,99844,100,,,99886,100,,,99907,100,,,99916,100,,
2019-06-28 10:00:00.000000000,99212,456,99148,456,99529,100,98949,100,99530,100,98872,100,99564,100,98798,100,99825,100,98781,100,99840,29,98768,100,99844,100,,,99886,100,,,99907,100,,,99916,100,,
2019-06-28 10:00:10.000000000,99212,456,99148,456,99529,100,98949,100,99530,100,98872,100,99564,100,98798,100,99825,100,98781,100,99840,29,98768,100,99844,100,,,99886,100,,,99907,100,,,99916,100,,
2019-06-28 10:00:10.448945616,99212,456,99148,456,99529,100,98949,100,99530,100,98872,100,99564,100,98798,100,99648,100,98781,100,99825,100,98768,100,99840,29,,,99844,100,,,99886,100,,,99907,100,,
2019-06-28 10:00:20.000000000,99212,189,99148,189,99529,189,98949,189,99530,189,98872,189,99564,189,98798,189,99648,100,98781,100,99825,100,98768,100,99840,29,,,99844,100,,,99886,100,,,99907,100,,
2019-06-28 10:00:30.000000000,99212,456,99148,456,99529,100,98949,100,99530,100,98872,100,99564,100,98798,100,99648,100,98781,100,99825,100,98768,100,99840,29,,,99844,100,,,99886,100,,,99907,100,,
2019-06-28 10:00:40.000000000,99212,189,99148,189,99529,189,98949,189,99530,189,98872,189,99564,189,98798,189,99648,100,98781,100,99825,100,98768,100,99840,29,,,99844,100,,,99886,100,,,99907,100,,
2019-06-28 10:00:46.615373938,99212,89,99148,189,99529,189,98949,189,99530,189,98872,189,99564,189,98798,189,99648,100,98781,100,99825,100,98768,100,99840,29,,,99844,100,,,99886,100,,,99907,100,,
2019-06-28 10:00:50.000000000,99529,221,99148,221,99530,217,98949,217,99564,217,98872,217,99648,100,98798,100,99825,100,98781,100,99840,29,98768,100,99844,100,,,99886,100,,,99907,100,,,99916,100,,
2019-06-28 10:01:00.000000000,99529,189,99148,189,99530,189,98949,189,99564,189,98872,189,99648,189,98798,189,99825,100,98781,100,99840,29,98768,100,99844,100,,,99886,100,,,99907,100,,,99916,100,,
2019-06-28 10:01:10.000000000,99529,221,99148,221,99530,217,98949,217,99564,217,98872,217,99648,100,98798,100,99825,100,98781,100,99840,29,98768,100,99844,100,,,99886,100,,,99907,100,,,99916,100,,
2019-06-28 10:01:20.000000000,99529,221,99148,221,99530,217,98949,217,99564,217,98872,217,99648,100,98798,100,99825,100,98781,100,99840,29,98768,100,99844,100,,,99886,100,,,99907,100,,,99916,100,,
2019-06-28 10:01:30.000000000,99529,171,99148,171,99530,171,98949,171,99564,171,98872,171,99648,171,98798,171,99825,171,98781,171,99840,29,98768,100,99844,100,,,99886,100,,,99907,100,,,99916,100,,
2019-06-28 10:01:40.000000000,99529,278,99148,278,99530,278,98949,278,99564,100,98872,100,99648,100,98798,100,99825,100,98781,100,99840,29,98768,100,99844,100,,,99886,100,,,99907,100,,,99916,100,,
2019-06-28 10:01:50.000000000,99529,221,99148,221,99530,217,98949,217,99564,217,98872,217,99648,100,98798,100,99825,100,98781,100,99840,29,98768,100,99844,100,,,99886,100,,,99907,100,,,99916,100,,
2019-06-28 10:01:57.963347887,99529,221,99512,100,99530,217,99148,221,99564,217,98949,217,99648,100,98872,217,99825,100,98798,100,99840,29,98781,100,99844,100,98768,100,99886,100,,,99907,100,,,99916,100,,
2019-06-28 10:02:00.000000000,99529,189,99512,189,99530,189,99148,189,99564,189,98949,189,99648,189,98872,189,99825,100,98798,100,99840,29,98781,100,99844,100,98768,100,99886,100,,,99907,100,,,99916,100,,
2019-06-28 10:02:10.000000000,99529,189,99512,189,99530,189,99148,189,99564,189,98949,189,99648,189,98872,189,99825,100,98798,100,99840,29,98781,100,99844,100,98768,100,99886,100,,,99907,100,,,99916,100,,
2019-06-28 10:02:20.000000000,99529,456,99512,456,99530,100,99148,100,99564,100,98949,100,99648,100,98872,100,99825,100,98798,100,99840,29,98781,100,99844,100,98768,100,99886,100,,,99907,100,,,99916,100,,
2019-06-28 10:02:30.000000000,99529,221,99512,221,99530,217,99148,217,99564,217,98949,217,99648,100,98872,100,99825,100,98798,100,99840,29,98781,100,99844,100,98768,100,99886,100,,,99907,100,,,99916,100,,
2019-06-28 10:02:40.000000000,99529,456,99512,456,99530,100,99148,100,99564,100,98949,100,99648,100,98872,100,99825,100,98798,100,99840,29,98781,100,99844,100,98768,100,99886,100,,,99907,100,,,99916,100,,
2019-06-28 10:02:41.999369708,99529,356,99512,456,99530,100,99148,100,99564,100,98949,100,99648,100,98872,100,99825,100,98798,100,99840,29,98781,100,99844,100,98768,100,99886,100,,,99907,100,,,99916,100,,
2019-06-28 10:02:46.823813024,99529,356,99512,456,99530,100,99148,100,99564,100,98949,100,99648,100,98872,100,99825,100,98798,100,99840,29,98781,100,99844,100,98768,100,99886,100,,,99907,100,,,99916,100,,
2019-06-28 10:02:50.000000000,99530,278,99512,278,99564,278,99148,278,99648,100,98949,100,99825,100,98872,100,99840,29,98798,100,99844,100,98781,100,99886,100,98768,100,99907,100,,,99916,100,,,99982,100,,
2019-06-28 10:03:00.000000000,99530,278,99512,278,99564,278,99148,278,99648,100,98949,100,99825,100,98872,100,99840,29,98798,100,99844,100,98781,100,99886,100,98768,100,99907,100,,,99916,100,,,99982,100,,
2019-06-28 10:03:10.000000000,99530,189,99512,189,99564,189,99148,189,99648,189,98949,189,99825,189,98872,189,99840,29,98798,100,99844,100,98781,100,99886,100,98768,100,99907,100,,,99916,100,,,99982,100,,
2019-06-28 10:03:10.247952169,99530,89,99512,189,99564,189,99148,189,99648,189,98949,189,99825,189,98872,189,99840,29,98798,100,99844,100,98781,100,99886,100,98768,100,99907,100,,,99916,100,,,99982,100,,
2019-06-28 10:03:16.042721115,99564,189,99530,11,99648,189,99512,189,99825,189,99148,189,99840,29,98949,189,99844,100,98872,189,99886,100,98798,100,99907,100,98781,100,99916,100,98768,100,99982,100,,,100044,100,,
2019-06-28 10:03:16.866890538,99564,89,99530,11,99648,189,99512,189,99825,189,99148,189,99840,29,98949,189,99844,100,98872,189,99886,100,98798,100,99907,100,98781,100,99916,100,98768,100,99982,100,,,100044,100,,
2019-06-28 10:03:20.000000000,99648,278,99530,189,99825,278,99512,278,99840,29,99148,100,99844,100,98949,100,99886,100,98872,100,99907,100,98798,100,99916,100,98781,100,99982,100,98768,100,100044,100,,,100069,100,,
2019-06-28 10:03:30.000000000,99648,278,99530,189,99825,278,99512,278,99840,29,99148,100,99844,100,98949,100,99886,100,98872,100,99907,100,98798,100,99916,100,98781,100,99982,100,98768,100,100044,100,,,100069,100,,
2019-06-28 10:03:40.000000000,99648,221,99530,132,99825,217,99512,217,99840,146,99148,217,99844,100,98949,100,99886,100,98872,100,99907,100,98798,100,99916,100,98781,100,99982,100,98768,100,100044,100,,,100069,100,,
2019-06-28 10:03:43.360847585,99648,221,99530,232,99825,217,99512,217,99840,146,99148,217,99844,100,98949,100,99886,100,98872,100,99907,100,98798,100,99916,100,98781,100,99982,100,98768,100,100044,100,,,100069,100,,
2019-06-28 10:03:50.000000000,99648,221,99530,232,99825,217,99512,217,99840,146,99148,217,99844,100,98949,100,99886,100,98872,100,99907,100,98798,100,99916,100,98781,100,99982,100,98768,100,100044,100,,,100069,100,,
2019-06-28 10:03:54.328884149,99648,221,99530,232,99825,217,99512,217,99840,146,99148,217,99844,100,98949,100,99886,100,98872,100,99907,100,98798,100,99916,100,98781,100,99982,100,98768,100,100044,100,,,100069,100,,
2019-06-28 10:03:56.148214190,99648,221,99530,232,99825,217,99512,217,99840,146,99148,217,99844,100,98949,100,99886,100,98872,100,99907,100,98798,100,99916,100,98781,100,99982,100,98768,100,100044,100,,,100069,100,,
2019-06-28 10:03:59.603719616,99648,121,99530,232,99825,217,99512,217,99840,146,99148,217,99844,100,98949,100,99886,100,98872,100,99907,100,98798,100,99916,100,98781,100,99982,100,98768,100,100044,100,,,100069,100,,
2019-06-28 10:04:00.000000000,99825,171,99530,182,99840,100,99512,171,99844,171,99148,171,99886,171,98949,171,99907,171,98872,171,99916,100,98798,100,99982,100,98781,100,100044,100,98768,100,100069,100,,,100148,100,,
2019-06-28 10:04:10.000000000,99825,221,99530,232,99840,146,99512,217,99844,217,99148,217,99886,100,98949,100,99907,100,98872,100,99916,100,98798,100,99982,100,98781,100,100044,100,98768,100,100069,100,,,100148,100,,
2019-06-28 10:04:15.510467953,99825,221,99530,232,99840,146,99512,217,99844,217,99148,217,99886,100,98949,100,99907,100,98872,100,99916,100,98798,100,99982,100,98781,100,100044,100,98768,100,100069,100,,,100148,100,,
2019-06-28 10:04:20.000000000,99825,278,99530,289,99840,207,99512,278,99844,100,99148,100,99886,100,98949,100,99907,100,98872,100,99916,100,98798,100,99982,100,98781,100,100044,100,98768,100,100069,100,,,100148,100,,
2019-06-28 10:04:30.000000000,99825,189,99530,200,99840,118,99512,189,99844,189,99148,189,99886,189,98949,189,99907,100,98872,100,99916,100,98798,100,99982,100,98781,100,100044,100,98768,100,100069,100,,,100148,100,,
2019-06-28 10:04:40.000000000,99825,189,99530,200,99840,118,99512,189,99844,189,99148,189,99886,189,98949,189,99907,100,98872,100,99916,100,98798,100,99982,100,98781,100,100044,100,98768,100,100069,100,,,100148,100,,
2019-06-28 10:04:40.298466063,99825,89,99530,200,99840,118,99512,189,99844,189,99148,189,99886,189,98949,189,99907,100,98872,100,99916,100,98798,100,99982,100,98781,100,100044,100,98768,100,100069,100,,,100148,100,,
2019-06-28 10:04:47.338993419,99840,118,99825,11,99844,189,99530,200,99886,189,99512,189,99907,100,99148,189,99916,100,98949,189,99982,100,98872,100,100044,100,98781,100,100069,100,98768,100,100148,100,,,100179,100,,
2019-06-28 10:04:47.347450363,99840,118,99825,111,99844,189,99530,200,99886,89,99512,189,99907,100,99148,189,99916,100,98949,189,99982,100,98872,100,100044,100,98781,100,100069,100,98768,100,100148,100,,,100179,100,,
2019-06-28 10:04:50.000000000,99840,100,99825,182,99844,171,99530,182,99907,171,99512,171,99916,171,99148,171,99982,171,98949,171,100044,100,98872,100,100069,100,98781,100,100148,100,98768,100,100179,100,,,100234,100,,
2019-06-28 10:05:00.000000000,99840,100,99825,182,99844,171,99530,182,99907,171,99512,171,99916,171,99148,171,99982,171,98949,171,100044,100,98872,100,100069,100,98781,100,100148,100,98768,100,100179,100,,,100234,100,,
2019-06-28 10:05:10.000000000,99840,118,99825,200,99844,189,99530,200,99907,189,99512,189,99916,189,99148,189,99982,100,98949,100,100044,100,98872,100,100069,100,98781,100,100148,100,98768,100,100179,100,,,100234,100,,
2019-06-28 10:05:12.457061580,99840,118,99825,200,99844,189,99530,200,99907,189,99512,89,99916,189,99148,189,99982,100,98949,100,100044,100,98872,100,100069,100,98781,100,100148,100,98768,100,100179,100,,,100234,100,,
2019-06-28 10:05:15.335078786,99840,118,99825,200,99844,189,99530,200,99907,189,99512,89,99916,189,99148,189,99982,100,98949,100,100044,100,98872,100,100069,100,98781,100,100131,100,98768,100,100148,100,,,100179,100,,
2019-06-28 10:05:20.000000000,99840,100,99825,182,99844,171,99530,182,99907,171,99148,171,99916,171,98949,171,99982,171,98872,171,100044,100,98781,100,100069,100,98768,100,100131,100,,,100148,100,,,100179,100,,
2019-06-28 10:05:30.000000000,99840,150,99825,232,99844,217,99530,228,99907,217,99148,217,99916,100,98949,100,99982,100,98872,100,100044,100,98781,100,100069,100,98768,100,100131,100,,,100148,100,,,100179,100,,
2019-06-28 10:05:35.586672460,99840,150,99825,232,99844,217,99530,228,99907,217,99148,217,99916,100,98949,100,99982,100,98872,100,100044,100,98781,100,100069,100,98768,100,100131,100,,,100148,100,,,100179,100,,
2019-06-28 10:05:40.000000000,99840,207,99825,289,99844,278,99530,289,99907,100,99148,100,99916,100,98949,100,99982,100,98872,100,100044,100,98781,100,100069,100,98768,100,100131,100,,,100148,100,,,100179,100,,
2019-06-28 10:05:50.000000000,99840,207,99825,289,99844,278,99530,289,99907,100,99148,100,99916,100,98949,100,99982,100,98872,100,100044,100,98781,100,100069,100,98768,100,100131,100,,,100148,100,,,100179,100,,
2019-06-28 10:05:50.712010412,99840,207,99825,389,99844,278,99530,289,99907,100,99148,100,99916,100,98949,100,99982,100,98872,100,100044,100,98781,100,100069,100,98768,100,100131,100,,,100148,100,,,100179,100,,
2019-06-28 10:06:00.000000000,99840,150,99825,332,99844,217,99530,228,99907,217,99148,217,99916,100,98949,100,99982,100,98872,100,100044,100,98781,100,100069,100,98768,100,100131,100,,,100148,100,,,100179,100,,
2019-06-28 10:06:10.000000000,99840,207,99825,389,99844,278,99530,289,99907,100,99148,100,99916,100,98949,100,99982,100,98872,100,100044,100,98781,100,100069,100,98768,100,100131,100,,,100148,100,,,100179,100,,
2019-06-28 10:06:20.000000000,99840,118,99825,300,99844,189,99530,200,99907,189,99148,189,99916,189,98949,189,99982,100,98872,100,100044,100,98781,100,100069,100,98768,100,100131,100,,,100148,100,,,100179,100,,
2019-06-28 10:06:22.495494497,99840,118,99825,300,99844,189,99530,200,99907,189,99148,189,99916,189,98949,189,99982,100,98872,100,100044,100,98781,100,100069,100,98768,100,100131,100,,,100148,100,,,100179,100,,
2019-06-28 10:06:26.555691649,99840,118,99825,300,99844,189,99530,100,99907,189,99148,189,99916,189,98949,189,99982,100,98872,100,100044,100,98781,100,100069,100,98768,100,100131,100,,,100148,100,,,100179,100,,
2019-06-28 10:06:30.000000000,99840,100,99825,282,99844,171,99530,82,99907,171,99148,171,99916,171,98949,171,99982,171,98872,171,100044,100,98781,100,100069,100,98768,100,100131,100,,,100148,100,,,100179,100,,
2019-06-28 10:06:40.000000000,99840,118,99825,300,99844,189,99530,100,99907,189,99148,189,99916,189,98949,189,99982,100,98872,100,100044,100,98781,100,100069,100,98768,100,100131,100,,,100148,100,,,100179,100,,
2019-06-28 10:06:50.000000000,99840,385,99825,567,99844,100,99530,11,99907,100,99148,100,99916,100,98949,100,99982,100,98872,100,100044,100,98781,100,100069,100,98768,100,100131,100,,,100148,100,,,100179,100,,
2019-06-28 10:07:00.000000000,99840,207,99825,389,99844,278,99530,189,99907,100,99148,100,99916,100,98949,100,99982,100,98872,100,100044,100,98781,100,100069,100,98768,100,100131,100,,,100148,100,,,100179,100,,
2019-06-28 10:07:05.801490864,99840,107,99825,389,99844,278,99530,189,99907,100,99148,100,99916,100,98949,100,99982,100,98872,100,100044,100,98781,100,100069,100,98768,100,100148,100,,,100179,100,,,100234,100,,
2019-06-28 10:07:10.000000000,99844,456,99825,567,99907,100,99530,11,99916,100,99148,100,99982,100,98949,100,100044,100,98872,100,100069,100,98781,100,100148,100,98768,100,100179,100,,,100234,100,,,100312,100,,
2019-06-28 10:07:20.000000000,99844,456,99825,567,99907,100,99530,11,99916,100,99148,100,99982,100,98949,100,100044,100,98872,100,100069,100,98781,100,100148,100,98768,100,100179,100,,,100234,100,,,100312,100,,
2019-06-28 10:07:28.841431427,99844,456,99825,567,99907,100,99530,11,99916,100,99148,100,99982,100,98949,100,100044,100,98872,100,100069,100,98781,100,100148,100,98768,100,100179,100,,,100234,100,,,100310,100,,
2019-06-28 10:07:30.000000000,99844,456,99825,567,99907,100,99530,11,99916,100,99148,100,99982,100,98949,100,100044,100,98872,100,100069,100,98781,100,100148,100,98768,100,100179,100,,,100234,100,,,100310,100,,
2019-06-28 10:07:33.098644080,99844,456,99825,567,99907,100,99530,11,99916,100,99148,100,99982,100,98949,100,100044,100,98872,100,100069,100,98781,100,100148,100,98768,100,100179,100,,,100234,100,,,100238,100,,
2019-06-28 10:07:40.000000000,99844,456,99825,567,99907,100,99530,11,99916,100,99148,100,99982,100,98949,100,100044,100,98872,100,100069,100,98781,100,100148,100,98768,100,100179,100,,,100234,100,,,100238,100,,
2019-06-28 10:07:50.000000000,99844,278,99825,389,99907,278,99530,189,99916,100,99148,100,99982,100,98949,100,100044,100,98872,100,100069,100,98781,100,100148,100,98768,100,100179,100,,,100234,100,,,100238,100,,
2019-06-28 10:08:00.000000000,99844,278,99825,389,99907,278,99530,189,99916,100,99148,100,99982,100,98949,100,100044,100,98872,100,100069,100,98781,100,100148,100,98768,100,100179,100,,,100234,100,,,100238,100,,
2019-06-28 10:08:08.479785601,99844,278,99825,389,99907,278,99530,189,99916,100,99148,100,99982,100,98949,100,100044,100,98872,100,100069,100,98781,100,100148,100,98768,100,100179,100,,,100234,100,,,100238,100,,
2019-06-28 10:08:10.000000000,99844,189,99825,300,99907,189,99530,100,99916,189,99148,189,99982,189,98949,189,100044,100,98872,100,100069,100,98781,100,100148,100,98768,100,100179,100,,,100234,100,,,100238,100,,
2019-06-28 10:08:20.000000000,99844,189,99825,300,99907,189,99530,100,99916,189,99148,189,99982,189,98949,189,100044,100,98872,100,100069,100,98781,100,100148,100,98768,100,100179,100,,,100234,100,,,100238,100,,
2019-06-28 10:08:30.000000000,99844,171,99825,282,99907,171,99530,82,99916,171,99148,171,99982,171,98949,171,100044,171,98872,171,100069,100,98781,100,100148,100,98768,100,100179,100,,,100234,100,,,100238,100,,
2019-06-28 10:08:40.000000000,99844,171,99825,282,99907,171,99530,82,99916,171,99148,171,99982,171,98949,171,100044,171,98872,171,100069,100,98781,100,100148,100,98768,100,100179,100,,,100234,100,,,100238,100,,
2019-06-28 10:08:43.249348110,99844,171,99826,100,99907,171,99825,282,99916,171,99530,82,99982,171,99148,171,100044,171,98949,171,100069,100,98872,171,100179,100,98781,100,100234,100,98768,100,100238,100,,,100310,100,,
2019-06-28 10:08:50.000000000,99844,456,99826,456,99907,100,99825,211,99916,100,99530,11,99982,100,99148,100,100044,100,98949,100,100069,100,98872,100,100179,100,98781,100,100234,100,98768,100,100238,100,,,100310,100,,
2019-06-28 10:08:52.344791683,99844,356,99826,456,99907,100,99825,211,99916,100,99530,11,99982,100,99148,100,100044,100,98949,100,100069,100,98872,100,100179,100,98781,100,100234,100,98768,100,100238,100,,,100310,100,,
2019-06-28 10:08:55.723184436,99844,256,99826,456,99907,100,99825,211,99916,100,99530,11,99982,100,99148,100,100044,100,98949,100,100069,100,98872,100,100179,100,98781,100,100234,100,98768,100,100238,100,,,100310,100,,
2019-06-28 10:09:00.000000000,99907,221,99826,221,99916,217,99825,328,99982,217,99530,128,100044,100,99148,100,100069,100,98949,100,100179,100,98872,100,100234,100,98781,100,100238,100,98768,100,100310,100,,,100312,100,,
2019-06-28 10:09:09.876784191,99907,221,99826,221,99916,217,99825,328,99982,217,99530,128,100044,100,99148,100,100069,100,98949,100,100164,100,98872,100,100179,100,98781,100,100234,100,98768,100,100238,100,,,100310,100,,
2019-06-28 10:09:10.000000000,99907,171,99826,171,99916,171,99825,282,99982,171,99530,82,100044,171,99148,171,100069,171,98949,171,100164,100,98872,100,100179,100,98781,100,100234,100,98768,100,100238,100,,,100310,100,,
2019-06-28 10:09:20.000000000,99907,278,99826,278,99916,278,99825,389,99982,100,99530,11,100044,100,99148,100,100069,100,98949,100,100164,100,98872,100,100179,100,98781,100,100234,100,98768,100,100238,100,,,100310,100,,
2019-06-28 10:09:20.488644989,99907,178,99826,278,99916,278,99825,389,99982,100,99530,11,100044,100,99148,100,100069,100,98949,100,100164,100,98872,100,100179,100,98781,100,100234,100,98768,100,100238,100,,,100310,100,,
2019-06-28 10:09:30.000000000,99916,278,99826,278,99982,278,99825,389,100044,100,99530,11,100069,100,99148,100,100164,100,98949,100,100179,100,98872,100,100234,100,98781,100,100238,100,98768,100,100310,100,,,100312,100,,
2019-06-28 10:09:33.134863771,99916,178,99826,278,99982,278,99825,389,100044,100,99530,11,100069,100,99148,100,100164,100,98949,100,100179,100,98781,100,100234,100,98768,100,100238,100,,,100310,100,,,100312,100,,
2019-06-28 10:09:40.000000000,99982,221,99826,221,100044,217,99825,328,100069,217,99530,128,100164,100,99148,100,100179,100,98949,100,100234,100,98781,100,100238,100,98768,100,100310,100,,,100312,100,,,100531,100,,
2019-06-28 10:09:46.366282627,99982,221,99826,221,100044,217,99825,328,100051,100,99530,128,100069,217,99148,100,100164,100,98949,100,100179,100,98781,100,100234,100,98768,100,100238,100,,,100310,100,,,100312,100,,
2019-06-28 10:09:47.622486336,99982,121,99826,221,100044,217,99825,328,100051,100,99530,128,100069,217,99148,100,100164,100,98949,100,100179,100,98781,100,100234,100,98768,100,100238,100,,,100310,100,,,100312,100,,
2019-06-28 10:09:50.000000000,100044,171,99826,171,100051,171,99825,282,100069,171,99530,82,100164,171,99148,171,100179,171,98949,171,100234,100,98781,100,100238,100,98768,100,100310,100,,,100312,100,,,100531,100,,
2019-06-28 10:09:52.116409940,100044,171,99826,171,100051,171,99825,282,100069,171,99530,82,100164,171,99148,171,100179,171,98949,171,100234,100,98781,100,100238,100,98768,100,100310,100,,,100311,100,,,100312,100,,
2019-06-28 10:09:52.193678890,100044,171,99826,171,100051,171,99825,282,100069,171,99530,82,100164,171,99148,171,100179,171,98949,171,100234,100,98781,100,100238,100,98768,100,100310,100,,,100311,100,,,100312,100,,
2019-06-28 10:10:00.000000000,100044,456,99826,456,100051,100,99825,211,100069,100,99530,11,100164,100,99148,100,100179,100,98949,100,100234,100,98781,100,100238,100,98768,100,100310,100,,,100311,100,,,100312,100,,
