,ask_price_1,ask_size_1,bid_price_1,bid_size_1,ask_price_2,ask_size_2,bid_price_2,bid_size_2,ask_price_3,ask_size_3,bid_price_3,bid_size_3,ask_price_4,ask_size_4,bid_price_4,bid_size_4,ask_price_5,ask_size_5,bid_price_5,bid_size_5,ask_price_6,ask_size_6,bid_price_6,bid_size_6,ask_price_7,ask_size_7,bid_price_7,bid_size_7,ask_price_8,ask_size_8,bid_price_8,bid_size_8,ask_price_9,ask_size_9,bid_price_9,bid_size_9,ask_price_10,ask_size_10,bid_price_10,bid_size_10
2019-06-28 09:30:00.000000000,100088,100,,,,,,,,,,,,,,,,,,,,,,,,,,,,,,,,,,,,,,
2019-06-28 09:30:00.000000002,100088,100,100049,100,,,,,,,,,,,,,,,,,,,,,,,,,,,,,,,,,,,,
2019-06-28 09:30:00.000000005,100088,100,100049,100,,,99902,100,,,,,,,,,,,,,,,,,,,,,,,,,,,,,,,,
2019-06-28 09:30:00.000000006,100088,100,100049,100,100148,100,99902,100,,,,,,,,,,,,,,,,,,,,,,,,,,,,,,,,
2019-06-28 09:30:00.000000007,100088,100,99902,100,100148,100,,,,,,,,,,,,,,,,,,,,,,,,,,,,,,,,,,
2019-06-28 09:30:00.000000008,100088,100,99902,100,100148,100,99895,100,,,,,,,,,,,,,,,,,,,,,,,,,,,,,,,,
2019-06-28 09:30:00.000000009,99962,100,99961,100,100088,100,99943,100,100139,100,99902,100,100148,100,99895,100,,,,,,,,,,,,,,,,,,,,,,,,
2019-06-28 09:30:00.000000012,99962,100,99961,100,100088,100,99943,100,100129,100,99902,100,100139,100,99895,100,100148,100,,,,,,,,,,,,,,,,,,,,,,
2019-06-28 09:30:00.000000013,99962,100,99961,100,100046,100,99943,100,100088,100,99902,100,100129,100,99895,100,100139,100,,,100148,100,,,,,,,,,,,,,,,,,,
2019-06-28 09:30:00.000000018,99962,100,99961,100,100046,100,99943,100,100088,100,99902,100,100129,100,99895,100,100139,100,,,100148,100,,,100155,100,,,,,,,,,,,,,,
2019-06-28 09:30:00.000000019,100046,100,99961,100,100088,100,99943,100,100129,100,99939,100,100139,100,99902,100,100148,100,99897,100,100155,100,99895,100,,,,,,,,,,,,,,,,
2019-06-28 09:30:00.000000021,100046,100,99961,100,100068,100,99943,100,100088,100,99939,100,100129,100,99902,100,100139,100,99897,100,100148,100,99895,100,100155,100,,,,,,,,,,,,,,
2019-06-28 09:30:00.000000022,100046,100,99961,100,100068,100,99943,100,100072,100,99939,100,100088,100,99902,100,100129,100,99897,100,100139,100,99895,100,100148,100,,,100155,100,,,,,,,,,,
2019-06-28 09:30:00.000000024,100046,100,99993,100,100068,100,99961,100,100072,100,99943,100,100088,100,99939,100,100129,100,99902,100,100139,100,99897,100,100148,100,99895,100,100155,100,,,,,,,,,,
2019-06-28 09:30:00.000000025,100046,100,99993,100,100068,100,99961,100,100072,100,99943,100,100080,100,99939,100,100088,100,99902,100,100129,100,99897,100,100139,100,99895,100,100148,100,,,100155,100,,,,,,
2019-06-28 09:30:00.000000026,100046,100,99961,100,100068,100,99943,100,100072,100,99939,100,100080,100,99902,100,100088,100,99897,100,100129,100,99895,100,100139,100,,,100148,100,,,100155,100,,,,,,
2019-06-28 09:30:00.000000028,100046,100,100044,100,100068,100,99961,100,100072,100,99943,100,100080,100,99939,100,100088,100,99902,100,100129,100,99897,100,100139,100,99895,100,100148,100,,,100155,100,,,100184,100,,
2019-06-28 09:30:00.000000031,100046,100,100044,100,100068,100,99961,100,100072,100,99943,100,100080,100,99939,100,100088,100,99902,100,100129,100,99897,100,100139,100,99895,100,100148,100,,,100152,100,,,100155,100,,
2019-06-28 09:30:00.000000032,100046,100,100044,100,100068,100,99961,100,100072,100,99943,100,100080,100,99939,100,100082,100,99902,100,100088,100,99897,100,100129,100,99895,100,100139,100,,,100148,100,,,100152,100,,
2019-06-28 09:30:00.000000034,100046,100,100044,100,100068,100,99961,100,100072,100,99943,100,100080,100,99939,100,100082,100,99902,100,100088,100,99897,100,100101,100,99895,100,100129,100,,,100139,100,,,100148,100,,
2019-06-28 09:30:00.000000037,100046,100,99961,100,100068,100,99943,100,100072,100,99939,100,100080,100,99902,100,100082,100,99897,100,100088,100,99895,100,100101,100,,,100129,100,,,100139,100,,,100148,100,,
2019-06-28 09:30:00.000000039,100046,100,99961,100,100068,100,99943,100,100072,100,99939,100,100080,100,99902,100,100082,100,99897,100,100088,100,99895,100,100101,100,99844,100,100129,100,,,100139,100,,,100148,100,,
2019-06-28 09:30:00.000000040,99993,100,99961,100,100046,100,99943,100,100068,100,99939,100,100072,100,99902,100,100080,100,99897,100,100082,100,99895,100,100088,100,99844,100,100091,100,,,100101,100,,,100129,100,,
2019-06-28 09:30:00.000000042,99993,100,99961,100,100044,100,99943,100,100046,100,99939,100,100068,100,99902,100,100072,100,99897,100,100080,100,99895,100,100082,100,99844,100,100088,100,,,100091,100,,,100101,100,,
2019-06-28 09:30:00.000000043,100044,100,99961,100,100046,100,99943,100,100068,100,99939,100,100072,100,99902,100,100080,100,99897,100,100082,100,99895,100,100088,100,99844,100,100091,100,,,100101,100,,,100129,100,,
2019-06-28 09:30:00.000000045,100044,100,99961,100,100046,100,99943,100,100068,100,99939,100,100072,200,99902,100,100080,100,99897,100,100082,100,99895,100,100088,100,99844,100,100091,100,,,100101,100,,,100129,100,,
2019-06-28 09:30:00.000000046,100044,100,99961,100,100046,100,99943,100,100068,100,99939,100,100072,200,99902,100,100080,100,99897,100,100082,100,99895,100,100088,100,99844,100,100091,100,99782,100,100101,100,,,100129,100,,
2019-06-28 09:30:00.000000047,100044,100,99993,100,100046,100,99961,100,100068,100,99943,100,100072,200,99939,100,100080,100,99902,100,100082,100,99897,100,100088,100,99895,100,100091,100,99844,100,100101,100,99782,100,100129,100,,
2019-06-28 09:30:00.000000049,100043,100,99993,100,100044,100,99961,100,100046,100,99943,100,100068,100,99939,100,100072,200,99902,100,100080,100,99897,100,100082,100,99895,100,100088,100,99844,100,100091,100,99782,100,100101,100,,
2019-06-28 09:30:00.000000051,100043,100,99993,100,100044,100,99961,100,100046,100,99943,100,100068,100,99939,100,100072,200,99902,100,100080,100,99897,100,100081,100,99895,100,100082,100,99844,100,100088,100,99782,100,100091,100,,
2019-06-28 09:30:00.000000052,100043,100,99993,100,100044,100,99961,100,100046,100,99943,100,100068,100,99939,100,100072,200,99902,100,100080,100,99897,100,100081,100,99895,100,100082,100,99844,100,100088,100,99782,100,100091,100,,
2019-06-28 09:30:00.000000054,100043,100,99993,100,100044,100,99961,100,100046,100,99943,100,100068,100,99939,100,100072,200,99915,100,100080,100,99902,100,100081,100,99897,100,100082,100,99895,100,100088,100,99844,100,100091,100,99782,100
2019-06-28 09:30:00.000000057,100043,100,99993,100,100044,100,99961,100,100046,100,99943,100,100068,100,99939,100,100072,200,99924,100,100080,100,99915,100,100081,100,99902,100,100082,100,99897,100,100088,100,99895,100,100091,100,99844,100
2019-06-28 09:30:00.000000059,100002,100,99993,100,100043,100,99961,100,100044,100,99943,100,100046,100,99939,100,100068,100,99924,100,100072,200,99915,100,100080,100,99902,100,100081,100,99897,100,100082,100,99895,100,100088,100,99844,100
2019-06-28 09:30:00.000000060,100002,100,99993,100,100043,100,99991,100,100044,100,99961,100,100046,100,99943,100,100068,100,99939,100,100072,200,99924,100,100080,100,99915,100,100081,100,99902,100,100082,100,99897,100,100088,100,99895,100
2019-06-28 09:30:00.000000061,100002,200,99993,100,100043,100,99991,100,100044,100,99961,100,100046,100,99943,100,100068,100,99939,100,100072,200,99924,100,100080,100,99915,100,100081,100,99902,100,100082,100,99897,100,100088,100,99895,100
2019-06-28 09:30:00.000000062,100002,200,99993,200,100043,100,99991,100,100044,100,99961,100,100046,100,99943,100,100068,100,99939,100,100072,200,99924,100,100080,100,99915,100,100081,100,99902,100,100082,100,99897,100,100088,100,99895,100
2019-06-28 09:30:00.000000064,100002,200,99993,200,100043,200,99991,100,100044,100,99961,100,100046,100,99943,100,100068,100,99939,100,100072,200,99924,100,100080,100,99915,100,100081,100,99902,100,100082,100,99897,100,100088,100,99895,100
2019-06-28 09:30:00.000000065,100002,200,99993,300,100036,100,99991,100,100043,200,99961,100,100044,100,99943,100,100046,100,99939,100,100068,100,99924,100,100072,200,99915,100,100080,100,99902,100,100081,100,99897,100,100082,100,99895,100
2019-06-28 09:30:00.000000070,100002,200,99993,200,100036,100,99991,100,100043,200,99961,100,100044,100,99943,100,100046,100,99939,100,100068,100,99924,100,100072,200,99915,100,100080,100,99902,100,100081,100,99897,100,100082,100,99895,100
2019-06-28 09:30:00.000000071,100002,200,99993,100,100036,100,99991,100,100043,200,99987,100,100044,100,99961,100,100046,100,99943,100,100068,100,99939,100,100072,200,99924,100,100080,100,99915,100,100081,100,99902,100,100082,100,99897,100
2019-06-28 09:30:00.000000074,100002,200,99994,100,100036,100,99993,100,100043,200,99991,100,100044,100,99987,100,100046,100,99961,100,100068,100,99943,200,100072,200,99939,100,100080,100,99924,100,100081,100,99915,100,100082,100,99902,100
2019-06-28 09:30:00.000000082,100002,200,99994,100,100036,100,99993,100,100043,200,99991,100,100044,100,99987,100,100046,100,99961,100,100068,100,99943,200,100072,200,99939,100,100080,100,99924,100,100081,100,99915,100,100082,100,99902,100
2019-06-28 09:30:00.000000083,100002,200,99993,100,100036,100,99991,100,100043,200,99987,100,100044,100,99961,100,100046,100,99943,200,100068,100,99939,100,100072,200,99924,100,100080,100,99915,100,100081,100,99902,100,100082,100,99897,100
2019-06-28 09:30:00.000000086,100002,200,99993,100,100036,100,99991,100,100043,200,99987,100,100044,100,99961,100,100046,100,99943,200,100068,100,99939,100,100072,200,99924,100,100080,100,99915,100,100081,100,99902,100,100082,100,99897,100
2019-06-28 09:30:00.000000089,100002,200,99993,100,100036,100,99991,100,100043,200,99987,100,100044,100,99961,100,100046,100,99943,200,100060,100,99939,100,100068,100,99924,100,100072,200,99915,100,100080,100,99902,100,100081,100,99897,100
2019-06-28 09:30:00.000000090,100002,200,99993,100,100036,100,99991,100,100043,200,99987,100,100044,100,99961,100,100046,100,99943,200,100060,100,99939,100,100068,100,99924,100,100072,200,99915,100,100080,100,99902,100,100081,100,99897,100
2019-06-28 09:30:00.000000093,100002,200,99993,100,100036,100,99991,100,100043,200,99987,100,100044,100,99961,100,100046,100,99943,200,100060,100,99939,100,100068,100,99924,100,100072,200,99915,100,100080,100,99902,100,100081,100,99897,100
2019-06-28 09:30:00.000000096,100002,100,99993,100,100036,100,99991,100,100043,200,99987,100,100044,100,99961,100,100046,100,99947,100,100060,100,99943,200,100068,100,99939,100,100072,200,99924,100,100080,100,99915,100,100081,100,99902,100
2019-06-28 09:30:00.000000097,100002,100,99991,100,100036,100,99987,100,100043,200,99961,100,100044,100,99947,100,100046,100,99943,200,100060,100,99939,100,100068,100,99924,100,100072,200,99915,100,100080,100,99902,100,100081,100,99897,100
2019-06-28 09:30:10.000000000,100002,345,99991,345,100036,345,99987,345,100043,200,99961,100,100044,100,99947,100,100046,100,99943,200,100060,100,99939,100,100068,100,99924,100,100072,200,99915,100,100080,100,99902,100,100081,100,99897,100
2019-06-28 09:30:20.000000000,100002,222,99991,222,100036,222,99987,222,100043,322,99961,222,100044,222,99947,222,100046,100,99943,200,100060,100,99939,100,100068,100,99924,100,100072,200,99915,100,100080,100,99902,100,100081,100,99897,100
2019-06-28 09:30:20.641826904,100002,322,99991,222,100036,222,99987,222,100043,322,99961,222,100044,222,99947,222,100046,100,99943,200,100060,100,99939,100,100068,100,99924,100,100072,200,99915,100,100080,100,99902,100,100081,100,99897,100
2019-06-28 09:30:30.000000000,100002,322,99991,222,100036,222,99987,222,100043,322,99961,222,100044,222,99947,222,100046,100,99943,200,100060,100,99939,100,100068,100,99924,100,100072,200,99915,100,100080,100,99902,100,100081,100,99897,100
2019-06-28 09:30:40.000000000,100002,298,99991,198,100036,198,99987,198,100043,298,99961,198,100044,198,99947,198,100046,198,99943,298,100060,100,99939,100,100068,100,99924,100,100072,200,99915,100,100080,100,99902,100,100081,100,99897,100
2019-06-28 09:30:50.000000000,100002,322,99991,222,100036,222,99987,222,100043,322,99961,222,100044,222,99947,222,100046,100,99943,200,100060,100,99939,100,100068,100,99924,100,100072,200,99915,100,100080,100,99902,100,100081,100,99897,100
2019-06-28 09:31:00.000000000,100002,445,99991,345,100036,345,99987,345,100043,200,99961,100,100044,100,99947,100,100046,100,99943,200,100060,100,99939,100,100068,100,99924,100,100072,200,99915,100,100080,100,99902,100,100081,100,99897,100
2019-06-28 09:31:03.191935471,100002,445,99991,345,100036,345,99987,345,100043,200,99961,100,100044,100,99947,100,100046,100,99943,200,100060,100,99939,100,100068,100,99924,100,100072,200,99915,100,100080,100,99902,100,100081,100,99897,100
2019-06-28 09:31:10.000000000,100002,298,99991,198,100036,198,99987,198,100043,298,99961,198,100044,198,99947,198,100046,198,99943,298,100060,100,99939,100,100068,100,99924,100,100072,200,99915,100,100080,100,99902,100,100081,100,99897,100
2019-06-28 09:31:15.137618736,100002,198,99991,198,100036,198,99987,98,100043,298,99961,198,100044,198,99947,198,100046,198,99943,298,100060,100,99939,100,100068,100,99924,100,100072,200,99915,100,100080,100,99902,100,100081,100,99897,100
2019-06-28 09:31:20.000000000,100002,198,99991,198,100036,198,99961,198,100043,298,99947,198,100044,198,99943,298,100046,198,99939,198,100060,100,99924,100,100068,100,99915,100,100072,200,99902,100,100080,100,99897,100,100081,100,99895,100
2019-06-28 09:31:30.000000000,100002,222,99991,222,100036,222,99961,222,100043,322,99947,222,100044,222,99943,322,100046,100,99939,100,100060,100,99924,100,100068,100,99915,100,100072,200,99902,100,100080,100,99897,100,100081,100,99895,100
2019-06-28 09:31:40.000000000,100002,222,99991,222,100036,222,99961,222,100043,322,99947,222,100044,222,99943,322,100046,100,99939,100,100060,100,99924,100,100068,100,99915,100,100072,200,99902,100,100080,100,99897,100,100081,100,99895,100
2019-06-28 09:31:50.000000000,100002,267,99991,267,100036,262,99961,262,100043,362,99947,262,100044,100,99943,200,100046,100,99939,100,100060,100,99924,100,100068,100,99915,100,100072,200,99902,100,100080,100,99897,100,100081,100,99895,100
2019-06-28 09:32:00.000000000,100002,267,99991,267,100036,262,99961,262,100043,362,99947,262,100044,100,99943,200,100046,100,99939,100,100060,100,99924,100,100068,100,99915,100,100072,200,99902,100,100080,100,99897,100,100081,100,99895,100
2019-06-28 09:32:08.758469526,100002,167,99991,267,100036,262,99961,262,100043,362,99947,262,100044,100,99943,200,100046,100,99939,100,100060,100,99924,100,100068,100,99915,100,100072,200,99902,100,100080,100,99897,100,100081,100,99895,100
2019-06-28 09:32:10.000000000,100036,222,99991,222,100043,322,99961,222,100044,222,99947,222,100046,222,99943,322,100060,100,99939,100,100068,100,99924,100,100072,200,99915,100,100080,100,99902,100,100081,100,99897,100,100082,100,99895,100
2019-06-28 09:32:20.000000000,100036,345,99991,345,100043,445,99961,345,100044,100,99947,100,100046,100,99943,200,100060,100,99939,100,100068,100,99924,100,100072,200,99915,100,100080,100,99902,100,100081,100,99897,100,100082,100,99895,100
2019-06-28 09:32:23.693077286,100036,245,99991,345,100043,445,99961,345,100044,100,99947,100,100046,100,99943,200,100060,100,99939,100,100068,100,99924,100,100072,200,99902,100,100080,100,99897,100,100081,100,99895,100,100082,100,99887,100
2019-06-28 09:32:27.888601876,100036,245,100002,100,100043,445,99991,345,100044,100,99961,345,100046,100,99947,100,100060,100,99943,200,100068,100,99939,100,100072,200,99924,100,100080,100,99902,100,100081,100,99897,100,100082,100,99895,100
2019-06-28 09:32:30.000000000,100043,298,100002,198,100044,198,99991,198,100046,198,99961,198,100060,198,99947,198,100068,198,99943,298,100072,200,99939,100,100080,100,99924,100,100081,100,99902,100,100082,100,99897,100,100088,100,99895,100
2019-06-28 09:32:32.835911250,100043,298,100002,98,100044,198,99991,198,100046,198,99961,198,100060,198,99947,198,100068,198,99943,298,100072,200,99939,100,100080,100,99924,100,100081,100,99902,100,100082,100,99897,100,100088,100,99895,100
2019-06-28 09:32:40.000000000,100043,298,99991,198,100044,198,99961,198,100046,198,99947,198,100060,198,99943,298,100068,198,99939,198,100072,200,99924,100,100080,100,99902,100,100081,100,99897,100,100082,100,99895,100,100088,100,99887,100
2019-06-28 09:32:49.151932380,100043,298,99991,198,100044,198,99961,198,100046,198,99947,198,100060,198,99943,298,100068,198,99939,198,100072,200,99924,100,100080,100,99902,100,100081,100,99897,200,100082,100,99895,100,100088,100,99887,100
2019-06-28 09:32:49.510647380,100043,298,99991,98,100044,198,99961,198,100046,198,99947,198,100060,198,99943,298,100068,198,99939,198,100072,200,99924,100,100080,100,99902,100,100081,100,99897,200,100082,100,99895,100,100088,100,99887,100
2019-06-28 09:32:50.000000000,100043,322,99961,222,100044,222,99947,222,100046,222,99943,322,100060,222,99939,222,100068,100,99924,100,100072,200,99902,100,100080,100,99897,200,100081,100,99895,100,100082,100,99887,100,100088,100,99878,100
2019-06-28 09:32:57.439492692,100043,322,99961,122,100044,222,99947,222,100046,222,99943,322,100060,222,99939,222,100072,200,99924,100,100080,100,99902,100,100081,100,99897,200,100082,100,99895,100,100088,100,99887,100,100096,100,99878,100
2019-06-28 09:33:00.000000000,100043,322,99947,222,100044,222,99943,322,100046,222,99939,222,100060,222,99924,222,100072,200,99902,100,100080,100,99897,200,100081,100,99895,100,100082,100,99887,100,100088,100,99878,100,100096,100,99868,100
2019-06-28 09:33:01.256926492,100043,322,99947,222,100044,222,99943,322,100046,222,99939,222,100058,100,99924,222,100060,222,99902,100,100072,200,99897,100,100080,100,99895,100,100081,100,99887,100,100082,100,99878,100,100088,100,99868,100
2019-06-28 09:33:10.000000000,100043,367,99947,267,100044,262,99943,362,100046,262,99939,262,100058,100,99924,100,100060,100,99902,100,100072,200,99897,100,100080,100,99895,100,100081,100,99887,100,100082,100,99878,100,100088,100,99868,100
2019-06-28 09:33:16.926634314,99968,100,99947,267,100043,367,99943,362,100044,262,99939,262,100046,262,99924,100,100058,100,99902,100,100060,100,99897,100,100072,200,99895,100,100080,100,99887,100,100081,100,99878,100,100082,100,99868,100
2019-06-28 09:33:20.000000000,99968,345,99947,345,100043,445,99943,445,100044,100,99939,100,100046,100,99924,100,100058,100,99902,100,100060,100,99897,100,100072,200,99895,100,100080,100,99887,100,100081,100,99878,100,100082,100,99868,100
2019-06-28 09:33:30.000000000,99968,198,99947,198,100043,298,99943,298,100044,198,99939,198,100046,198,99924,198,100058,198,99902,198,100060,100,99897,100,100072,200,99895,100,100080,100,99887,100,100081,100,99878,100,100082,100,99868,100
2019-06-28 09:33:36.906293559,99968,198,99947,198,100043,298,99943,298,100044,198,99939,198,100046,198,99924,198,100058,198,99902,198,100060,100,99897,100,100072,200,99895,100,100080,100,99887,100,100081,100,99878,200,100088,100,99868,100
2019-06-28 09:33:40.000000000,99968,345,99947,345,100043,445,99943,445,100044,100,99939,100,100046,100,99924,100,100058,100,99902,100,100060,100,99897,100,100072,200,99895,100,100080,100,99887,100,100081,100,99878,200,100088,100,99868,100
2019-06-28 09:33:42.402244385,99968,345,99947,345,100043,445,99943,445,100044,100,99939,100,100046,100,99924,100,100058,100,99902,100,100060,100,99897,100,100072,200,99895,100,100080,100,99887,100,100081,100,99878,200,100088,100,99868,100
2019-06-28 09:33:42.981971860,99968,345,99947,345,99991,100,99943,445,100043,445,99939,100,100044,100,99924,100,100046,100,99902,100,100058,100,99897,100,100060,100,99895,100,100072,200,99887,100,100080,100,99878,200,100081,100,99868,100
2019-06-28 09:33:50.000000000,99968,267,99947,267,99991,262,99943,362,100043,362,99939,262,100044,100,99924,100,100046,100,99902,100,100058,100,99897,100,100060,100,99895,100,100072,200,99887,100,100080,100,99878,200,100081,100,99868,100
2019-06-28 09:34:00.000000000,99968,345,99947,345,99991,345,99943,445,100043,200,99939,100,100044,100,99924,100,100046,100,99902,100,100058,100,99897,100,100060,100,99895,100,100072,200,99887,100,100080,100,99878,200,100081,100,99868,100
2019-06-28 09:34:01.578020026,99968,345,99947,245,99991,345,99943,445,100043,200,99939,100,100044,100,99924,100,100058,100,99902,100,100060,100,99897,100,100072,200,99895,100,100080,100,99887,100,100081,100,99878,200,100088,100,99868,100
2019-06-28 09:34:10.000000000,99968,345,99943,445,99991,345,99939,345,100043,200,99924,100,100044,100,99902,100,100058,100,99897,100,100060,100,99895,100,100072,200,99887,100,100080,100,99878,200,100081,100,99868,100,100088,100,99844,100
2019-06-28 09:34:20.000000000,99968,345,99943,445,99991,345,99939,345,100043,200,99924,100,100044,100,99902,100,100058,100,99897,100,100060,100,99895,100,100072,200,99887,100,100080,100,99878,200,100081,100,99868,100,100088,100,99844,100
2019-06-28 09:34:30.000000000,99968,267,99943,367,99991,262,99939,262,100043,362,99924,262,100044,100,99902,100,100058,100,99897,100,100060,100,99895,100,100072,200,99887,100,100080,100,99878,200,100081,100,99868,100,100088,100,99844,100
2019-06-28 09:34:40.000000000,99968,590,99943,690,99991,100,99939,100,100043,200,99924,100,100044,100,99902,100,100058,100,99897,100,100060,100,99895,100,100072,200,99887,100,100080,100,99878,200,100081,100,99868,100,100088,100,99844,100
2019-06-28 09:34:50.000000000,99968,345,99943,445,99991,345,99939,345,100043,200,99924,100,100044,100,99902,100,100058,100,99897,100,100060,100,99895,100,100072,200,99887,100,100080,100,99878,200,100081,100,99868,100,100088,100,99844,100
2019-06-28 09:35:00.000000000,99968,222,99943,322,99991,222,99939,222,100043,322,99924,222,100044,222,99902,222,100058,100,99897,100,100060,100,99895,100,100072,200,99887,100,100080,100,99878,200,100081,100,99868,100,100088,100,99844,100
2019-06-28 09:35:10.000000000,99968,345,99943,445,99991,345,99939,345,100043,200,99924,100,100044,100,99902,100,100058,100,99897,100,100060,100,99895,100,100072,200,99887,100,100080,100,99878,200,100081,100,99868,100,100088,100,99844,100
2019-06-28 09:35:14.289017408,99968,345,99943,445,99991,345,99939,345,100043,200,99924,100,100044,100,99902,100,100058,100,99897,100,100060,100,99895,100,100072,200,99887,100,100080,100,99878,200,100081,100,99868,100,100088,100,99844,100
2019-06-28 09:35:15.968433709,99968,345,99943,445,99991,345,99939,345,100043,200,99924,100,100044,100,99902,100,100058,100,99897,100,100060,100,99895,100,100072,200,99887,100,100080,100,99878,200,100088,100,99868,100,100096,100,99844,100
2019-06-28 09:35:20.000000000,99968,198,99943,298,99991,198,99939,198,100043,298,99924,198,100044,198,99902,198,100058,198,99897,198,100060,100,99895,100,100072,200,99887,100,100080,100,99878,200,100088,100,99868,100,100096,100,99844,100
2019-06-28 09:35:20.615592622,99968,198,99943,298,99991,198,99939,198,100043,298,99924,198,100044,198,99902,198,100058,198,99897,198,100060,100,99895,100,100072,200,99887,100,100080,100,99878,200,100088,100,99868,100,100096,100,99844,100
2019-06-28 09:35:30.000000000,99968,345,99943,445,99991,345,99939,345,100043,200,99924,100,100044,100,99902,100,100058,100,99897,100,100060,100,99895,100,100072,200,99887,100,100080,100,99878,200,100088,100,99868,100,100096,100,99844,100
2019-06-28 09:35:34.628870974,99968,345,99943,445,99991,245,99939,345,100043,200,99924,100,100044,100,99902,100,100058,100,99897,100,100060,100,99895,100,100072,200,99887,100,100080,100,99878,200,100088,100,99868,100,100096,100,99844,100
2019-06-28 09:35:40.000000000,99968,198,99943,298,100043,298,99939,198,100044,198,99924,198,100058,198,99902,198,100060,198,99897,198,100072,200,99895,100,100080,100,99887,100,100088,100,99878,200,100096,100,99868,100,100101,100,99844,100
2019-06-28 09:35:40.703218692,99968,198,99943,298,100043,298,99939,198,100044,198,99924,198,100058,198,99902,198,100060,198,99897,198,100072,200,99895,100,100080,100,99887,100,100088,100,99878,200,100096,100,99868,100,100101,100,99844,100
2019-06-28 09:35:43.005750811,99968,98,99943,298,100043,298,99939,198,100044,198,99924,198,100058,198,99902,198,100060,198,99897,198,100072,200,99895,100,100088,100,99887,100,100096,100,99878,200,100101,100,99868,100,100110,100,99844,100
2019-06-28 09:35:50.000000000,100043,322,99943,322,100044,222,99939,222,100058,222,99924,222,100060,222,99902,222,100072,200,99897,100,100088,100,99895,100,100096,100,99887,100,100101,100,99878,200,100110,100,99868,100,100119,100,99844,100
2019-06-28 09:36:00.000000000,100043,690,99943,690,100044,100,99939,100,100058,100,99924,100,100060,100,99902,100,100072,200,99897,100,100088,100,99895,100,100096,100,99887,100,100101,100,99878,200,100110,100,99868,100,100119,100,99844,100
2019-06-28 09:36:10.000000000,100043,367,99943,367,100044,262,99939,262,100058,262,99924,262,100060,100,99902,100,100072,200,99897,100,100088,100,99895,100,100096,100,99887,100,100101,100,99878,200,100110,100,99868,100,100119,100,99844,100
2019-06-28 09:36:20.000000000,100043,690,99943,690,100044,100,99939,100,100058,100,99924,100,100060,100,99902,100,100072,200,99897,100,100088,100,99895,100,100096,100,99887,100,100101,100,99878,200,100110,100,99868,100,100119,100,99844,100
2019-06-28 09:36:25.833837173,100043,590,99943,690,100044,100,99939,100,100058,100,99924,100,100060,100,99902,100,100072,200,99897,100,100088,100,99895,100,100096,100,99887,100,100101,100,99878,200,100110,100,99868,100,100119,100,99844,100
2019-06-28 09:36:30.000000000,100043,267,99943,367,100044,262,99939,262,100058,262,99924,262,100060,100,99902,100,100072,200,99897,100,100088,100,99895,100,100096,100,99887,100,100101,100,99878,200,100110,100,99868,100,100119,100,99844,100
2019-06-28 09:36:40.000000000,100043,198,99943,298,100044,198,99939,198,100058,198,99924,198,100060,198,99902,198,100072,298,99897,198,100088,100,99895,100,100096,100,99887,100,100101,100,99878,200,100110,100,99868,100,100119,100,99844,100
2019-06-28 09:36:50.000000000,100043,222,99943,322,100044,222,99939,222,100058,222,99924,222,100060,222,99902,222,100072,200,99897,100,100088,100,99895,100,100096,100,99887,100,100101,100,99878,200,100110,100,99868,100,100119,100,99844,100
2019-06-28 09:36:56.029479783,100043,222,99943,322,100044,222,99939,222,100058,222,99924,222,100060,222,99902,222,100072,200,99897,100,100088,100,99895,100,100096,100,99887,100,100101,100,99878,200,100110,100,99868,100,100119,100,99844,100
2019-06-28 09:37:00.000000000,100043,590,99943,690,100044,100,99939,100,100058,100,99924,100,100060,100,99902,100,100072,200,99897,100,100088,100,99895,100,100096,100,99887,100,100101,100,99878,200,100110,100,99868,100,100119,100,99844,100
2019-06-28 09:37:08.256266487,100043,490,99943,690,100044,100,99939,100,100058,100,99924,100,100060,100,99902,100,100072,200,99897,100,100088,100,99895,100,100096,100,99887,100,100101,100,99878,200,100110,100,99868,100,100119,100,99844,100
2019-06-28 09:37:10.000000000,100044,345,99943,445,100058,345,99939,345,100060,100,99924,100,100072,200,99902,100,100088,100,99897,100,100096,100,99895,100,100101,100,99887,100,100110,100,99878,200,100119,100,99868,100,100129,200,99844,100
2019-06-28 09:37:16.580098181,100044,345,100043,100,100058,345,99943,445,100060,100,99939,345,100072,200,99924,100,100088,100,99902,100,100096,100,99897,100,100101,100,99895,100,100110,100,99887,100,100119,100,99878,200,100129,200,99868,100
2019-06-28 09:37:20.000000000,100044,267,100043,267,100058,262,99943,362,100060,262,99939,262,100072,200,99924,100,100088,100,99902,100,100096,100,99897,100,100101,100,99895,100,100110,100,99887,100,100119,100,99878,200,100129,200,99868,100
2019-06-28 09:37:24.345102903,100044,267,100043,267,100058,262,99943,362,100060,262,99939,262,100072,200,99924,100,100088,100,99902,100,100096,100,99897,100,100101,100,99895,100,100110,100,99887,100,100119,100,99878,200,100129,200,99844,100
2019-06-28 09:37:30.000000000,100044,267,100043,267,100058,262,99943,362,100060,262,99939,262,100072,200,99924,100,100088,100,99902,100,100096,100,99897,100,100101,100,99895,100,100110,100,99887,100,100119,100,99878,200,100129,200,99844,100
2019-06-28 09:37:40.000000000,100044,345,100043,345,100058,345,99943,445,100060,100,99939,100,100072,200,99924,100,100088,100,99902,100,100096,100,99897,100,100101,100,99895,100,100110,100,99887,100,100119,100,99878,200,100129,200,99844,100
2019-06-28 09:37:50.000000000,100044,198,100043,198,100058,198,99943,298,100060,198,99939,198,100072,298,99924,198,100088,198,99902,198,100096,100,99897,100,100101,100,99895,100,100110,100,99887,100,100119,100,99878,200,100129,200,99844,100
2019-06-28 09:38:00.000000000,100044,267,100043,267,100058,262,99943,362,100060,262,99939,262,100072,200,99924,100,100088,100,99902,100,100096,100,99897,100,100101,100,99895,100,100110,100,99887,100,100119,100,99878,200,100129,200,99844,100
2019-06-28 09:38:10.000000000,100044,590,100043,590,100058,100,99943,200,100060,100,99939,100,100072,200,99924,100,100088,100,99902,100,100096,100,99897,100,100101,100,99895,100,100110,100,99887,100,100119,100,99878,200,100129,200,99844,100
2019-06-28 09:38:10.360565507,100044,590,100043,590,100058,100,99943,200,100060,100,99939,100,100072,200,99924,100,100088,100,99902,100,100096,100,99897,100,100101,100,99895,100,100110,100,99887,100,100119,100,99878,200,100129,200,99844,100
2019-06-28 09:38:16.629223704,100044,490,100043,590,100058,100,99943,200,100060,100,99939,100,100072,200,99924,100,100088,100,99902,100,100096,100,99897,100,100101,100,99895,100,100110,100,99887,100,100119,100,99878,200,100129,200,99844,100
2019-06-28 09:38:20.000000000,100058,198,100043,198,100060,198,99943,298,100072,298,99939,198,100088,198,99924,198,100096,198,99902,198,100101,100,99897,100,100110,100,99895,100,100119,100,99887,100,100129,200,99878,200,100139,100,99844,100
2019-06-28 09:38:30.000000000,100058,198,100043,198,100060,198,99943,298,100072,298,99939,198,100088,198,99924,198,100096,198,99902,198,100101,100,99897,100,100110,100,99895,100,100119,100,99887,100,100129,200,99878,200,100139,100,99844,100
2019-06-28 09:38:40.000000000,100058,590,100043,590,100060,100,99943,200,100072,200,99939,100,100088,100,99924,100,100096,100,99902,100,100101,100,99897,100,100110,100,99895,100,100119,100,99887,100,100129,200,99878,200,100139,100,99844,100
2019-06-28 09:38:43.565785474,100058,490,100043,590,100060,100,99943,200,100072,100,99939,100,100088,100,99924,100,100096,100,99902,100,100101,100,99897,100,100110,100,99895,100,100119,100,99887,100,100129,200,99878,200,100139,100,99844,100
2019-06-28 09:38:50.000000000,100060,222,100043,222,100072,222,99943,322,100088,222,99939,222,100096,222,99924,222,100101,100,99902,100,100110,100,99897,100,100119,100,99895,100,100129,200,99887,100,100139,100,99878,200,100148,100,99844,100
2019-06-28 09:39:00.000000000,100060,590,100043,590,100072,100,99943,200,100088,100,99939,100,100096,100,99924,100,100101,100,99902,100,100110,100,99897,100,100119,100,99895,100,100129,200,99887,100,100139,100,99878,200,100148,100,99844,100
2019-06-28 09:39:02.378070787,100060,590,100043,490,100072,100,99943,200,100088,100,99939,100,100096,100,99924,100,100101,100,99902,100,100110,100,99897,100,100119,100,99895,100,100129,200,99887,100,100139,100,99878,200,100148,100,99844,100
2019-06-28 09:39:06.948973336,100057,100,100043,490,100060,590,99943,200,100072,100,99939,100,100088,100,99924,100,100096,100,99902,100,100101,100,99897,100,100110,100,99895,100,100119,100,99887,100,100129,200,99878,200,100139,100,99844,100
2019-06-28 09:39:10.000000000,100057,345,99943,445,100060,345,99939,345,100072,100,99924,100,100088,100,99902,100,100096,100,99897,100,100101,100,99895,100,100110,100,99887,100,100119,100,99878,200,100129,200,99844,100,100139,100,,
2019-06-28 09:39:20.000000000,100057,345,99943,445,100060,345,99939,345,100072,100,99924,100,100088,100,99902,100,100096,100,99897,100,100101,100,99895,100,100110,100,99887,100,100119,100,99878,200,100129,200,99844,100,100139,100,,
2019-06-28 09:39:21.784889090,100057,445,99943,445,100060,345,99939,345,100072,100,99924,100,100088,100,99902,100,100096,100,99897,100,100101,100,99895,100,100110,100,99887,100,100119,100,99878,200,100129,200,99844,100,100139,100,,
2019-06-28 09:39:30.000000000,100057,322,99943,322,100060,222,99939,222,100072,222,99924,222,100088,222,99902,222,100096,100,99897,100,100101,100,99895,100,100110,100,99887,100,100119,100,99878,200,100129,200,99844,100,100139,100,,
2019-06-28 09:39:40.000000000,100057,298,99943,298,100060,198,99939,198,100072,198,99924,198,100088,198,99902,198,100096,198,99897,198,100101,100,99895,100,100110,100,99887,100,100119,100,99878,200,100129,200,99844,100,100139,100,,
2019-06-28 09:39:40.359495896,100057,298,99943,298,100060,198,99939,198,100072,198,99936,100,100088,198,99924,198,100096,198,99902,198,100101,100,99897,198,100110,100,99895,100,100119,100,99887,100,100129,200,99878,200,100139,100,99844,100
2019-06-28 09:39:48.121380085,100057,298,99986,100,100060,198,99943,298,100072,198,99939,198,100088,198,99936,100,100096,198,99924,198,100101,100,99902,198,100110,100,99897,198,100119,100,99895,100,100129,200,99887,100,100139,100,99878,200
2019-06-28 09:39:50.000000000,100057,690,99986,590,100060,100,99943,200,100072,100,99939,100,100088,100,99936,100,100096,100,99924,100,100101,100,99902,100,100110,100,99897,100,100119,100,99895,100,100129,200,99887,100,100139,100,99878,200
2019-06-28 09:39:51.002609060,100057,690,99986,490,100060,100,99943,200,100072,100,99939,100,100088,100,99936,100,100096,100,99924,100,100101,100,99902,100,100119,100,99897,100,100129,200,99895,100,100139,100,99887,100,100148,100,99878,200
2019-06-28 09:40:00.000000000,100057,690,99943,690,100060,100,99939,100,100072,100,99936,100,100088,100,99924,100,100096,100,99902,100,100101,100,99897,100,100119,100,99895,100,100129,200,99887,100,100139,100,99878,200,100148,100,99844,100
2019-06-28 09:40:10.000000000,100057,445,99943,445,100060,345,99939,345,100072,100,99936,100,100088,100,99924,100,100096,100,99902,100,100101,100,99897,100,100119,100,99895,100,100129,200,99887,100,100139,100,99878,200,100148,100,99844,100
2019-06-28 09:40:19.113286205,100043,100,99943,445,100057,445,99939,345,100060,345,99936,100,100072,100,99924,100,100088,100,99902,100,100096,100,99897,100,100101,100,99895,100,100119,100,99887,100,100129,200,99878,200,100139,100,99844,100
2019-06-28 09:40:20.000000000,100043,345,99943,445,100057,445,99939,345,100060,100,99936,100,100072,100,99924,100,100088,100,99902,100,100096,100,99897,100,100101,100,99895,100,100119,100,99887,100,100129,200,99878,200,100139,100,99844,100
2019-06-28 09:40:25.284747080,100043,345,99943,445,100057,445,99939,345,100060,100,99936,100,100072,100,99924,100,100088,100,99902,100,100096,100,99897,100,100101,100,99895,100,100129,200,99887,100,100139,100,99878,200,100148,100,99844,100
2019-06-28 09:40:27.183618965,100043,345,99943,445,100057,345,99939,345,100060,100,99936,100,100072,100,99924,100,100088,100,99902,100,100096,100,99897,100,100101,100,99895,100,100129,200,99887,100,100139,100,99878,200,100148,100,99844,100
2019-06-28 09:40:30.000000000,100043,590,99943,690,100057,100,99939,100,100060,100,99936,100,100072,100,99924,100,100088,100,99902,100,100096,100,99897,100,100101,100,99895,100,100129,200,99887,100,100139,100,99878,200,100148,100,99844,100
2019-06-28 09:40:37.712007776,100043,590,99943,590,100057,100,99939,100,100060,100,99936,100,100072,100,99924,100,100088,100,99902,100,100096,100,99897,100,100101,100,99895,100,100129,200,99887,100,100139,100,99878,200,100148,100,99844,100
2019-06-28 09:40:38.261755463,99986,100,99943,590,100043,590,99939,100,100057,100,99936,100,100060,100,99924,100,100072,100,99902,100,100088,100,99897,100,100096,100,99895,100,100101,100,99887,100,100129,200,99878,200,100139,100,99844,100
2019-06-28 09:40:40.000000000,99986,198,99943,198,100043,198,99939,198,100057,198,99936,198,100060,198,99924,198,100072,198,99902,198,100088,100,99897,100,100096,100,99895,100,100101,100,99887,100,100129,200,99878,200,100139,100,99844,100
2019-06-28 09:40:41.426780617,99986,298,99943,198,100043,198,99939,198,100057,198,99936,198,100060,198,99924,198,100072,198,99902,198,100088,100,99897,100,100096,100,99895,100,100101,100,99887,100,100129,200,99878,200,100139,100,99844,100
2019-06-28 09:40:49.340105919,99986,298,99943,98,100043,198,99939,198,100057,198,99936,198,100060,198,99924,198,100072,198,99902,198,100088,100,99897,100,100096,100,99895,100,100101,100,99887,100,100129,200,99878,200,100139,100,99844,100
2019-06-28 09:40:50.000000000,99986,298,99939,198,100043,198,99936,198,100057,198,99924,198,100060,198,99902,198,100072,198,99897,198,100088,100,99895,100,100096,100,99887,100,100101,100,99878,200,100129,200,99844,100,100139,100,99812,100
2019-06-28 09:41:00.000000000,99986,322,99939,222,100043,222,99936,222,100057,222,99924,222,100060,222,99902,222,100072,100,99897,100,100088,100,99895,100,100096,100,99887,100,100101,100,99878,200,100129,200,99844,100,100139,100,99812,100
2019-06-28 09:41:10.000000000,99986,690,99939,590,100043,100,99936,100,100057,100,99924,100,100060,100,99902,100,100072,100,99897,100,100088,100,99895,100,100096,100,99887,100,100101,100,99878,200,100129,200,99844,100,100139,100,99812,100
2019-06-28 09:41:20.000000000,99986,445,99939,345,100043,345,99936,345,100057,100,99924,100,100060,100,99902,100,100072,100,99897,100,100088,100,99895,100,100096,100,99887,100,100101,100,99878,200,100129,200,99844,100,100139,100,99812,100
2019-06-28 09:41:30.000000000,99986,690,99939,590,100043,100,99936,100,100057,100,99924,100,100060,100,99902,100,100072,100,99897,100,100088,100,99895,100,100096,100,99887,100,100101,100,99878,200,100129,200,99844,100,100139,100,99812,100
2019-06-28 09:41:40.000000000,99986,445,99939,345,100043,345,99936,345,100057,100,99924,100,100060,100,99902,100,100072,100,99897,100,100088,100,99895,100,100096,100,99887,100,100101,100,99878,200,100129,200,99844,100,100139,100,99812,100
2019-06-28 09:41:41.130823419,99986,445,99939,345,100043,345,99936,345,100057,100,99924,100,100060,100,99902,100,100072,100,99897,100,100088,100,99895,100,100096,100,99887,100,100101,100,99878,200,100129,200,99844,100,100139,100,99812,100
2019-06-28 09:41:50.000000000,99986,367,99939,267,100043,262,99936,262,100057,262,99924,262,100060,100,99902,100,100072,100,99897,100,100088,100,99895,100,100096,100,99887,100,100101,100,99878,200,100129,200,99844,100,100139,100,99812,100
2019-06-28 09:41:51.685124310,99986,367,99939,267,100043,262,99936,262,100057,262,99924,262,100060,100,99902,100,100072,100,99897,100,100088,100,99895,100,100096,100,99887,100,100101,100,99878,200,100129,200,99844,100,100139,100,99812,100
2019-06-28 09:41:51.784903404,99986,367,99944,100,100043,262,99939,267,100057,162,99936,262,100060,100,99924,262,100072,100,99902,100,100088,100,99897,100,100096,100,99895,100,100101,100,99887,100,100129,200,99878,200,100139,100,99844,100
2019-06-28 09:42:00.000000000,99986,445,99944,345,100043,345,99939,345,100060,100,99936,100,100072,100,99924,100,100088,100,99902,100,100096,100,99897,100,100101,100,99895,100,100129,200,99887,100,100139,100,99878,200,100148,100,99844,100
2019-06-28 09:42:09.272844512,99986,445,99971,100,100043,345,99944,345,100060,100,99939,345,100072,100,99936,100,100088,100,99924,100,100096,100,99902,100,100101,100,99897,100,100129,200,99895,100,100139,100,99887,100,100148,100,99878,200
2019-06-28 09:42:10.000000000,99986,690,99971,590,100043,100,99944,100,100060,100,99939,100,100072,100,99936,100,100088,100,99924,100,100096,100,99902,100,100101,100,99897,100,100129,200,99895,100,100139,100,99887,100,100148,100,99878,200
2019-06-28 09:42:20.000000000,99986,367,99971,267,100043,262,99944,262,100060,262,99939,262,100072,100,99936,100,100088,100,99924,100,100096,100,99902,100,100101,100,99897,100,100129,200,99895,100,100139,100,99887,100,100148,100,99878,200
2019-06-28 09:42:30.000000000,99986,298,99971,198,100043,198,99944,198,100060,198,99939,198,100072,198,99936,198,100088,198,99924,198,100096,100,99902,100,100101,100,99897,100,100129,200,99895,100,100139,100,99887,100,100148,100,99878,200
2019-06-28 09:42:40.000000000,99986,298,99971,198,100043,198,99944,198,100060,198,99939,198,100072,198,99936,198,100088,198,99924,198,100096,100,99902,100,100101,100,99897,100,100129,200,99895,100,100139,100,99887,100,100148,100,99878,200
2019-06-28 09:42:50.000000000,99986,445,99971,345,100043,345,99944,345,100060,100,99939,100,100072,100,99936,100,100088,100,99924,100,100096,100,99902,100,100101,100,99897,100,100129,200,99895,100,100139,100,99887,100,100148,100,99878,200
2019-06-28 09:43:00.000000000,99986,690,99971,590,100043,100,99944,100,100060,100,99939,100,100072,100,99936,100,100088,100,99924,100,100096,100,99902,100,100101,100,99897,100,100129,200,99895,100,100139,100,99887,100,100148,100,99878,200
2019-06-28 09:43:10.000000000,99986,322,99971,222,100043,222,99944,222,100060,222,99939,222,100072,222,99936,222,100088,100,99924,100,100096,100,99902,100,100101,100,99897,100,100129,200,99895,100,100139,100,99887,100,100148,100,99878,200
2019-06-28 09:43:20.000000000,99986,690,99971,590,100043,100,99944,100,100060,100,99939,100,100072,100,99936,100,100088,100,99924,100,100096,100,99902,100,100101,100,99897,100,100129,200,99895,100,100139,100,99887,100,100148,100,99878,200
2019-06-28 09:43:30.000000000,99986,298,99971,198,100043,198,99944,198,100060,198,99939,198,100072,198,99936,198,100088,198,99924,198,100096,100,99902,100,100101,100,99897,100,100129,200,99895,100,100139,100,99887,100,100148,100,99878,200
2019-06-28 09:43:30.712067917,99986,298,99971,198,100043,198,99944,198,100060,198,99939,198,100072,198,99936,198,100088,198,99935,100,100096,100,99924,198,100129,200,99902,100,100139,100,99897,100,100148,100,99895,100,100152,100,99887,100
2019-06-28 09:43:40.000000000,99986,298,99971,198,100043,198,99944,198,100060,198,99939,198,100072,198,99936,198,100088,198,99935,198,100096,100,99924,100,100129,200,99902,100,100139,100,99897,100,100148,100,99895,100,100152,100,99887,100
2019-06-28 09:43:40.558580149,99986,298,99971,198,100043,198,99944,198,100060,198,99939,198,100072,198,99936,198,100088,198,99935,198,100096,100,99924,100,100129,200,99902,100,100139,100,99897,100,100148,100,99895,100,100152,100,99887,100
2019-06-28 09:43:50.000000000,99986,322,99971,222,100043,222,99944,222,100060,222,99939,222,100072,222,99936,222,100088,100,99935,100,100096,100,99924,100,100129,200,99902,100,100139,100,99897,100,100148,100,99895,100,100152,100,99887,100
2019-06-28 09:44:00.000000000,99986,445,99971,345,100043,345,99944,345,100060,100,99939,100,100072,100,99936,100,100088,100,99935,100,100096,100,99924,100,100129,200,99902,100,100139,100,99897,100,100148,100,99895,100,100152,100,99887,100
2019-06-28 09:44:01.475339617,99986,445,99971,345,100043,345,99944,345,100060,100,99939,100,100072,100,99935,100,100088,100,99924,100,100096,100,99902,100,100129,200,99897,100,100139,100,99895,100,100148,100,99887,100,100152,100,99878,200
2019-06-28 09:44:07.428661313,99986,445,99971,245,100043,345,99944,345,100060,100,99939,100,100072,100,99935,100,100088,100,99924,100,100096,100,99902,100,100129,200,99897,100,100139,100,99895,100,100148,100,99887,100,100152,100,99878,200
2019-06-28 09:44:10.000000000,99986,690,99944,590,100043,100,99939,100,100060,100,99935,100,100072,100,99924,100,100088,100,99902,100,100096,100,99897,100,100129,200,99895,100,100139,100,99887,100,100148,100,99878,200,100152,100,99844,100
2019-06-28 09:44:20.000000000,99986,367,99944,267,100043,262,99939,262,100060,262,99935,262,100072,100,99924,100,100088,100,99902,100,100096,100,99897,100,100129,200,99895,100,100139,100,99887,100,100148,100,99878,200,100152,100,99844,100
2019-06-28 09:44:22.400861001,99971,100,99944,267,99986,367,99939,262,100043,262,99935,262,100060,262,99924,100,100072,100,99897,100,100088,100,99895,100,100096,100,99887,100,100129,200,99878,200,100139,100,99844,100,100148,100,99812,100
2019-06-28 09:44:30.000000000,99971,198,99944,198,99986,298,99939,198,100043,198,99935,198,100060,198,99924,198,100072,198,99897,198,100088,100,99895,100,100096,100,99887,100,100129,200,99878,200,100139,100,99844,100,100148,100,99812,100
2019-06-28 09:44:40.000000000,99971,198,99944,198,99986,298,99939,198,100043,198,99935,198,100060,198,99924,198,100072,198,99897,198,100088,100,99895,100,100096,100,99887,100,100129,200,99878,200,100139,100,99844,100,100148,100,99812,100
2019-06-28 09:44:50.000000000,99971,198,99944,198,99986,298,99939,198,100043,198,99935,198,100060,198,99924,198,100072,198,99897,198,100088,100,99895,100,100096,100,99887,100,100129,200,99878,200,100139,100,99844,100,100148,100,99812,100
2019-06-28 09:44:58.653662363,99951,100,99944,198,99971,198,99939,198,99986,298,99935,198,100043,198,99924,198,100060,198,99897,198,100072,198,99895,100,100096,100,99887,100,100129,200,99878,200,100139,100,99844,100,100148,100,99812,100
2019-06-28 09:45:00.000000000,99951,590,99944,590,99971,100,99939,100,99986,200,99935,100,100043,100,99924,100,100060,100,99897,100,100072,100,99895,100,100096,100,99887,100,100129,200,99878,200,100139,100,99844,100,100148,100,99812,100
2019-06-28 09:45:10.000000000,99951,267,99944,267,99971,262,99939,262,99986,362,99935,262,100043,100,99924,100,100060,100,99897,100,100072,100,99895,100,100096,100,99887,100,100129,200,99878,200,100139,100,99844,100,100148,100,99812,100
2019-06-28 09:45:20.000000000,99951,345,99944,345,99971,345,99939,345,99986,200,99935,100,100043,100,99924,100,100060,100,99897,100,100072,100,99895,100,100096,100,99887,100,100129,200,99878,200,100139,100,99844,100,100148,100,99812,100
2019-06-28 09:45:30.000000000,99951,345,99944,345,99971,345,99939,345,99986,200,99935,100,100043,100,99924,100,100060,100,99897,100,100072,100,99895,100,100096,100,99887,100,100129,200,99878,200,100139,100,99844,100,100148,100,99812,100
2019-06-28 09:45:38.556653291,99951,345,99944,345,99971,345,99939,345,99986,200,99935,100,100043,100,99924,100,100060,100,99897,100,100072,100,99895,100,100096,100,99887,100,100129,200,99878,200,100139,100,99844,100,100148,100,99812,100
2019-06-28 09:45:39.328667825,99951,345,99944,345,99971,345,99939,345,99986,200,99935,100,100043,100,99924,100,100060,100,99897,100,100072,100,99895,100,100096,100,99887,100,100129,200,99878,200,100139,100,99844,100,100148,100,99812,100
2019-06-28 09:45:40.000000000,99951,267,99944,267,99971,262,99939,262,99986,362,99935,262,100043,100,99924,100,100060,100,99897,100,100072,100,99895,100,100096,100,99887,100,100129,200,99878,200,100139,100,99844,100,100148,100,99812,100
2019-06-28 09:45:50.000000000,99951,345,99944,345,99971,345,99939,345,99986,200,99935,100,100043,100,99924,100,100060,100,99897,100,100072,100,99895,100,100096,100,99887,100,100129,200,99878,200,100139,100,99844,100,100148,100,99812,100
2019-06-28 09:46:00.000000000,99951,345,99944,345,99971,345,99939,345,99986,200,99935,100,100043,100,99924,100,100060,100,99897,100,100072,100,99895,100,100096,100,99887,100,100129,200,99878,200,100139,100,99844,100,100148,100,99812,100
2019-06-28 09:46:02.362773966,99951,345,99944,345,99971,345,99939,345,99986,200,99935,100,100043,100,99924,100,100060,100,99897,100,100072,100,99895,100,100096,100,99887,100,100129,200,99878,200,100139,100,99844,100,100148,100,99812,100
2019-06-28 09:46:10.000000000,99951,345,99944,345,99971,345,99939,345,99986,200,99935,100,100043,100,99924,100,100060,100,99897,100,100072,100,99895,100,100096,100,99887,100,100129,200,99878,200,100139,100,99844,100,100148,100,99812,100
2019-06-28 09:46:17.609133940,99951,345,99944,245,99971,345,99939,345,99986,200,99935,100,100043,100,99924,100,100060,100,99897,100,100072,100,99895,100,100096,100,99887,100,100129,200,99878,200,100139,100,99844,100,100148,100,99812,100
2019-06-28 09:46:20.000000000,99951,267,99939,267,99971,262,99935,262,99986,362,99924,262,100043,100,99897,100,100060,100,99895,100,100072,100,99887,100,100096,100,99878,200,100129,200,99844,100,100139,100,99812,100,100148,100,99485,100
2019-06-28 09:46:20.124325351,99951,267,99939,267,99971,262,99935,262,99986,362,99924,262,100043,100,99897,100,100060,100,99895,100,100072,100,99887,100,100096,100,99878,200,100129,200,99844,100,100139,100,99812,100,100148,100,99485,100
2019-06-28 09:46:22.946684119,99951,267,99939,267,99971,262,99935,262,99986,362,99924,262,100043,100,99897,100,100060,100,99895,100,100072,100,99887,100,100096,100,99878,200,100129,200,99844,100,100148,100,99812,100,100152,100,99485,100
2019-06-28 09:46:30.000000000,99951,222,99939,222,99971,222,99935,222,99986,322,99924,222,100043,222,99897,222,100060,100,99895,100,100072,100,99887,100,100096,100,99878,200,100129,200,99844,100,100148,100,99812,100,100152,100,99485,100
2019-06-28 09:46:38.714966287,99951,222,99939,222,99971,222,99935,222,99986,322,99924,222,100043,222,99897,222,100060,100,99895,100,100072,100,99887,100,100096,100,99878,200,100129,200,99844,100,100148,100,99812,100,100152,100,99558,100
2019-06-28 09:46:40.000000000,99951,222,99939,222,99971,222,99935,222,99986,322,99924,222,100043,222,99897,222,100060,100,99895,100,100072,100,99887,100,100096,100,99878,200,100129,200,99844,100,100148,100,99812,100,100152,100,99558,100
2019-06-28 09:46:50.000000000,99951,590,99939,590,99971,100,99935,100,99986,200,99924,100,100043,100,99897,100,100060,100,99895,100,100072,100,99887,100,100096,100,99878,200,100129,200,99844,100,100148,100,99812,100,100152,100,99558,100
2019-06-28 09:47:00.000000000,99951,590,99939,590,99971,100,99935,100,99986,200,99924,100,100043,100,99897,100,100060,100,99895,100,100072,100,99887,100,100096,100,99878,200,100129,200,99844,100,100148,100,99812,100,100152,100,99558,100
2019-06-28 09:47:10.000000000,99951,198,99939,198,99971,198,99935,198,99986,298,99924,198,100043,198,99897,198,100060,198,99895,198,100072,100,99887,100,100096,100,99878,200,100129,200,99844,100,100148,100,99812,100,100152,100,99558,100
2019-06-28 09:47:20.000000000,99951,222,99939,222,99971,222,99935,222,99986,322,99924,222,100043,222,99897,222,100060,100,99895,100,100072,100,99887,100,100096,100,99878,200,100129,200,99844,100,100148,100,99812,100,100152,100,99558,100
2019-06-28 09:47:30.000000000,99951,345,99939,345,99971,345,99935,345,99986,200,99924,100,100043,100,99897,100,100060,100,99895,100,100072,100,99887,100,100096,100,99878,200,100129,200,99844,100,100148,100,99812,100,100152,100,99558,100
2019-06-28 09:47:33.167178638,99951,345,99939,345,99971,345,99935,345,99986,200,99924,100,100043,100,99897,100,100060,100,99895,100,100072,100,99887,100,100096,100,99878,200,100129,200,99844,100,100148,100,99812,100,100152,100,99558,100
2019-06-28 09:47:40.000000000,99951,198,99939,198,99971,198,99935,198,99986,298,99924,198,100043,198,99897,198,100060,198,99895,198,100072,100,99887,100,100096,100,99878,200,100129,200,99844,100,100148,100,99812,100,100152,100,99558,100
2019-06-28 09:47:50.000000000,99951,198,99939,198,99971,198,99935,198,99986,298,99924,198,100043,198,99897,198,100060,198,99895,198,100072,100,99887,100,100096,100,99878,200,100129,200,99844,100,100148,100,99812,100,100152,100,99558,100
2019-06-28 09:47:56.297260969,99951,198,99939,98,99971,198,99935,198,99986,298,99924,198,100043,198,99897,198,100060,198,99895,198,100072,100,99887,100,100096,100,99878,200,100129,200,99844,100,100148,100,99812,100,100152,100,99558,100
2019-06-28 09:48:00.000000000,99951,345,99935,345,99971,345,99924,345,99986,200,99897,100,100043,100,99895,100,100060,100,99887,100,100072,100,99878,200,100096,100,99844,100,100129,200,99812,100,100148,100,99558,100,100152,100,99485,100
2019-06-28 09:48:10.000000000,99951,345,99935,345,99971,345,99924,345,99986,200,99897,100,100043,100,99895,100,100060,100,99887,100,100072,100,99878,200,100096,100,99844,100,100129,200,99812,100,100148,100,99558,100,100152,100,99485,100
2019-06-28 09:48:13.126873877,99951,245,99935,245,99971,345,99924,345,99986,200,99897,100,100043,100,99895,100,100060,100,99887,100,100072,100,99878,200,100096,100,99844,100,100129,200,99812,100,100148,100,99558,100,100152,100,99485,100
2019-06-28 09:48:20.000000000,99971,198,99924,198,99986,298,99897,198,100043,198,99895,198,100060,198,99887,198,100072,198,99878,298,100096,100,99844,100,100129,200,99812,100,100148,100,99558,100,100152,100,99485,100,100184,100,99359,100
2019-06-28 09:48:28.954772755,99971,198,99924,198,99986,298,99897,198,100043,198,99895,198,100060,198,99887,198,100072,198,99878,298,100096,100,99844,100,100129,200,99812,100,100148,100,99558,100,100152,100,99485,100,100184,100,99359,100
2019-06-28 09:48:30.000000000,99971,198,99924,198,99986,298,99897,198,100043,198,99895,198,100060,198,99887,198,100072,198,99878,298,100096,100,99844,100,100129,200,99812,100,100148,100,99558,100,100152,100,99485,100,100184,100,99359,100
2019-06-28 09:48:34.452500155,99939,100,99924,198,99971,198,99897,198,99986,298,99895,198,100043,198,99887,198,100060,198,99878,298,100072,198,99844,100,100096,100,99812,100,100129,200,99558,100,100148,100,99485,100,100152,100,99359,100
2019-06-28 09:48:36.329353004,99939,100,99924,198,99971,198,99897,198,99986,298,99895,198,100043,198,99887,198,100060,198,99878,298,100072,198,99844,100,100096,100,99812,100,100129,200,99558,100,100148,100,99485,100,100152,100,99359,100
2019-06-28 09:48:40.000000000,99939,590,99924,590,99971,100,99897,100,99986,200,99895,100,100043,100,99887,100,100060,100,99878,200,100072,100,99844,100,100096,100,99812,100,100129,200,99558,100,100148,100,99485,100,100152,100,99359,100
2019-06-28 09:48:49.061311534,99939,590,99924,590,99971,100,99897,100,99986,200,99895,100,100043,100,99887,100,100060,100,99878,200,100072,100,99844,100,100096,100,99812,100,100129,200,99558,100,100148,100,99501,100,100152,100,99485,100
2019-06-28 09:48:50.000000000,99939,590,99924,590,99971,100,99897,100,99986,200,99895,100,100043,100,99887,100,100060,100,99878,200,100072,100,99844,100,100096,100,99812,100,100129,200,99558,100,100148,100,99501,100,100152,100,99485,100
2019-06-28 09:49:00.000000000,99939,222,99924,222,99971,222,99897,222,99986,322,99895,222,100043,222,99887,222,100060,100,99878,200,100072,100,99844,100,100096,100,99812,100,100129,200,99558,100,100148,100,99501,100,100152,100,99485,100
2019-06-28 09:49:00.530092994,99939,222,99924,122,99971,222,99897,222,99986,322,99895,222,100043,222,99887,222,100060,100,99878,200,100072,100,99844,100,100096,100,99812,100,100129,200,99558,100,100148,100,99501,100,100152,100,99485,100
2019-06-28 09:49:07.957265376,99939,222,99924,122,99971,222,99897,222,99986,322,99895,222,100043,222,99887,222,100060,100,99878,200,100072,100,99844,100,100096,100,99812,100,100129,200,99558,100,100148,100,99501,100,100152,100,99485,100
2019-06-28 09:49:10.000000000,99939,345,99897,345,99971,345,99895,345,99986,200,99887,100,100043,100,99878,200,100060,100,99844,100,100072,100,99812,100,100096,100,99558,100,100129,200,99501,100,100148,100,99485,100,100152,100,99359,100
2019-06-28 09:49:20.000000000,99939,590,99897,590,99971,100,99895,100,99986,200,99887,100,100043,100,99878,200,100060,100,99844,100,100072,100,99812,100,100096,100,99558,100,100129,200,99501,100,100148,100,99485,100,100152,100,99359,100
2019-06-28 09:49:30.000000000,99939,345,99897,345,99971,345,99895,345,99986,200,99887,100,100043,100,99878,200,100060,100,99844,100,100072,100,99812,100,100096,100,99558,100,100129,200,99501,100,100148,100,99485,100,100152,100,99359,100
2019-06-28 09:49:37.446901254,99939,345,99897,345,99971,345,99895,345,99986,200,99887,100,100043,100,99878,200,100060,100,99844,100,100072,100,99812,100,100096,100,99578,100,100129,200,99558,100,100148,100,99501,100,100152,100,99485,100
2019-06-28 09:49:40.000000000,99939,267,99897,267,99971,262,99895,262,99986,362,99887,262,100043,100,99878,200,100060,100,99844,100,100072,100,99812,100,100096,100,99578,100,100129,200,99558,100,100148,100,99501,100,100152,100,99485,100
2019-06-28 09:49:50.000000000,99939,222,99897,222,99971,222,99895,222,99986,322,99887,222,100043,222,99878,322,100060,100,99844,100,100072,100,99812,100,100096,100,99578,100,100129,200,99558,100,100148,100,99501,100,100152,100,99485,100
2019-06-28 09:50:00.000000000,99939,267,99897,267,99971,262,99895,262,99986,362,99887,262,100043,100,99878,200,100060,100,99844,100,100072,100,99812,100,100096,100,99578,100,100129,200,99558,100,100148,100,99501,100,100152,100,99485,100
2019-06-28 09:50:10.000000000,99939,198,99897,198,99971,198,99895,198,99986,298,99887,198,100043,198,99878,298,100060,198,99844,198,100072,100,99812,100,100096,100,99578,100,100129,200,99558,100,100148,100,99501,100,100152,100,99485,100
2019-06-28 09:50:15.926047466,99939,198,99897,198,99971,198,99895,198,99986,298,99887,198,100043,198,99878,298,100060,198,99844,198,100072,100,99812,100,100096,100,99578,100,100129,200,99558,100,100148,100,99501,100,100152,100,99485,100
2019-06-28 09:50:20.000000000,99939,267,99897,267,99971,262,99895,262,99986,362,99887,262,100043,100,99878,200,100060,100,99844,100,100072,100,99812,100,100096,100,99578,100,100129,200,99558,100,100148,100,99501,100,100152,100,99485,100
2019-06-28 09:50:29.044078662,99939,267,99897,267,99971,262,99895,262,99986,362,99887,262,100043,100,99878,200,100060,100,99844,100,100072,100,99812,100,100096,100,99578,100,100129,200,99558,100,100148,100,99501,100,100152,100,99485,100
2019-06-28 09:50:30.000000000,99939,198,99897,198,99971,198,99895,198,99986,298,99887,198,100043,198,99878,298,100060,198,99844,198,100072,100,99812,100,100096,100,99578,100,100129,200,99558,100,100148,100,99501,100,100152,100,99485,100
2019-06-28 09:50:40.000000000,99939,222,99897,222,99971,222,99895,222,99986,322,99887,222,100043,222,99878,322,100060,100,99844,100,100072,100,99812,100,100096,100,99578,100,100129,200,99558,100,100148,100,99501,100,100152,100,99485,100
2019-06-28 09:50:48.683268461,99939,222,99897,122,99971,222,99895,222,99986,322,99887,222,100043,222,99878,322,100060,100,99844,100,100072,100,99812,100,100096,100,99578,100,100129,200,99558,100,100148,100,99501,100,100152,100,99485,100
2019-06-28 09:50:50.000000000,99939,590,99895,590,99971,100,99887,100,99986,200,99878,200,100043,100,99844,100,100060,100,99812,100,100072,100,99578,100,100096,100,99558,100,100129,200,99501,100,100148,100,99485,100,100152,100,99359,100
2019-06-28 09:51:00.000000000,99939,198,99895,198,99971,198,99887,198,99986,298,99878,298,100043,198,99844,198,100060,198,99812,198,100072,100,99578,100,100096,100,99558,100,100129,200,99501,100,100148,100,99485,100,100152,100,99359,100
2019-06-28 09:51:10.000000000,99939,590,99895,590,99971,100,99887,100,99986,200,99878,200,100043,100,99844,100,100060,100,99812,100,100072,100,99578,100,100096,100,99558,100,100129,200,99501,100,100148,100,99485,100,100152,100,99359,100
2019-06-28 09:51:20.000000000,99939,590,99895,590,99971,100,99887,100,99986,200,99878,200,100043,100,99844,100,100060,100,99812,100,100072,100,99578,100,100096,100,99558,100,100129,200,99501,100,100148,100,99485,100,100152,100,99359,100
2019-06-28 09:51:20.093748347,99939,590,99895,490,99971,100,99887,100,99986,200,99878,200,100043,100,99844,100,100060,100,99812,100,100072,100,99578,100,100096,100,99558,100,100129,200,99501,100,100148,100,99485,100,100152,100,99359,100
2019-06-28 09:51:30.000000000,99939,590,99887,590,99971,100,99878,200,99986,200,99844,100,100043,100,99812,100,100060,100,99578,100,100072,100,99558,100,100096,100,99501,100,100129,200,99485,100,100148,100,99359,100,100152,100,99323,100
2019-06-28 09:51:40.000000000,99939,345,99887,345,99971,345,99878,445,99986,200,99844,100,100043,100,99812,100,100060,100,99578,100,100072,100,99558,100,100096,100,99501,100,100129,200,99485,100,100148,100,99359,100,100152,100,99323,100
2019-06-28 09:51:41.220423383,99939,345,99887,345,99971,345,99878,345,99986,200,99844,100,100043,100,99812,100,100060,100,99578,100,100072,100,99558,100,100096,100,99501,100,100129,200,99485,100,100136,100,99359,100,100148,100,99323,100
2019-06-28 09:51:47.907442715,99939,345,99887,345,99971,345,99878,345,99978,100,99844,100,99986,200,99812,100,100043,100,99578,100,100060,100,99558,100,100072,100,99501,100,100096,100,99485,100,100129,200,99359,100,100136,100,99323,100
2019-06-28 09:51:50.000000000,99939,198,99887,198,99971,198,99878,198,99978,198,99844,198,99986,298,99812,198,100043,198,99578,198,100060,100,99558,100,100072,100,99501,100,100096,100,99485,100,100129,200,99359,100,100136,100,99323,100
2019-06-28 09:52:00.000000000,99939,267,99887,267,99971,262,99878,262,99978,262,99844,262,99986,200,99812,100,100043,100,99578,100,100060,100,99558,100,100072,100,99501,100,100096,100,99485,100,100129,200,99359,100,100136,100,99323,100
2019-06-28 09:52:10.000000000,99939,345,99887,345,99971,345,99878,345,99978,100,99844,100,99986,200,99812,100,100043,100,99578,100,100060,100,99558,100,100072,100,99501,100,100096,100,99485,100,100129,200,99359,100,100136,100,99323,100
2019-06-28 09:52:17.333976518,99939,345,99898,100,99971,345,99887,345,99978,100,99878,345,99986,200,99844,100,100043,100,99812,100,100060,100,99578,100,100072,100,99558,100,100096,100,99501,100,100129,200,99485,100,100136,100,99359,100
2019-06-28 09:52:20.000000000,99939,222,99898,222,99971,222,99887,222,99978,222,99878,222,99986,322,99844,222,100043,100,99812,100,100060,100,99578,100,100072,100,99558,100,100096,100,99501,100,100129,200,99485,100,100136,100,99359,100
2019-06-28 09:52:30.000000000,99939,345,99898,345,99971,345,99887,345,99978,100,99878,100,99986,200,99844,100,100043,100,99812,100,100060,100,99578,100,100072,100,99558,100,100096,100,99501,100,100129,200,99485,100,100136,100,99359,100
2019-06-28 09:52:40.000000000,99939,222,99898,222,99971,222,99887,222,99978,222,99878,222,99986,322,99844,222,100043,100,99812,100,100060,100,99578,100,100072,100,99558,100,100096,100,99501,100,100129,200,99485,100,100136,100,99359,100
2019-06-28 09:52:50.000000000,99939,267,99898,267,99971,262,99887,262,99978,262,99878,262,99986,200,99844,100,100043,100,99812,100,100060,100,99578,100,100072,100,99558,100,100096,100,99501,100,100129,200,99485,100,100136,100,99359,100
2019-06-28 09:52:54.722711766,99939,167,99898,267,99971,262,99887,262,99978,262,99878,262,99986,200,99844,100,100043,100,99812,100,100060,100,99578,100,100072,100,99558,100,100096,100,99501,100,100129,200,99485,100,100136,100,99359,100
2019-06-28 09:52:57.271798458,99939,167,99898,267,99971,162,99887,262,99978,262,99878,262,99986,200,99844,100,100043,100,99812,100,100060,100,99578,100,100072,100,99558,100,100096,100,99501,100,100129,200,99485,100,100136,100,99359,100
2019-06-28 09:53:00.000000000,99978,222,99898,222,99986,322,99887,222,100043,222,99878,222,100060,222,99844,222,100072,100,99812,100,100096,100,99578,100,100129,200,99558,100,100136,100,99501,100,100148,100,99485,100,100152,100,99359,100
2019-06-28 09:53:02.133385560,99978,122,99898,222,99986,322,99887,222,100043,222,99878,222,100060,222,99844,222,100072,100,99812,100,100096,100,99578,100,100129,200,99558,100,100136,100,99501,100,100148,100,99485,100,100152,100,99359,100
2019-06-28 09:53:10.000000000,99986,690,99898,590,100043,100,99887,100,100060,100,99878,100,100072,100,99844,100,100096,100,99812,100,100129,200,99578,100,100136,100,99558,100,100148,100,99501,100,100152,100,99485,100,100184,100,99359,100
2019-06-28 09:53:20.000000000,99986,690,99898,590,100043,100,99887,100,100060,100,99878,100,100072,100,99844,100,100096,100,99812,100,100129,200,99578,100,100136,100,99558,100,100148,100,99501,100,100152,100,99485,100,100184,100,99359,100
2019-06-28 09:53:28.106606005,99986,690,99898,590,100043,100,99887,100,100072,100,99878,100,100096,100,99844,100,100129,200,99812,100,100136,100,99578,100,100148,100,99558,100,100152,100,99501,100,100179,100,99485,100,100184,100,99359,100
2019-06-28 09:53:30.000000000,99986,298,99898,198,100043,198,99887,198,100072,198,99878,198,100096,198,99844,198,100129,298,99812,198,100136,100,99578,100,100148,100,99558,100,100152,100,99501,100,100179,100,99485,100,100184,100,99359,100
2019-06-28 09:53:30.665732121,99986,198,99898,198,100043,198,99887,198,100072,198,99878,198,100096,198,99844,198,100129,298,99812,198,100136,100,99578,100,100148,100,99558,100,100152,100,99501,100,100179,100,99485,100,100184,100,99359,100
2019-06-28 09:53:31.828452614,99986,198,99898,198,100043,198,99887,198,100072,198,99878,198,100096,198,99844,198,100129,298,99812,198,100136,100,99578,100,100148,100,99558,100,100152,100,99501,100,100179,100,99485,100,100184,100,99359,100
2019-06-28 09:53:40.000000000,99986,590,99898,590,100043,100,99887,100,100072,100,99878,100,100096,100,99844,100,100129,200,99812,100,100136,100,99578,100,100148,100,99558,100,100152,100,99501,100,100179,100,99485,100,100184,100,99359,100
2019-06-28 09:53:50.000000000,99986,198,99898,198,100043,198,99887,198,100072,198,99878,198,100096,198,99844,198,100129,298,99812,198,100136,100,99578,100,100148,100,99558,100,100152,100,99501,100,100179,100,99485,100,100184,100,99359,100
2019-06-28 09:54:00.000000000,99986,267,99898,267,100043,262,99887,262,100072,262,99878,262,100096,100,99844,100,100129,200,99812,100,100136,100,99578,100,100148,100,99558,100,100152,100,99501,100,100179,100,99485,100,100184,100,99359,100
2019-06-28 09:54:01.473120304,99986,267,99898,267,100043,262,99887,262,100072,262,99878,262,100096,100,99844,100,100129,200,99812,100,100136,100,99578,100,100148,100,99558,100,100152,100,99501,100,100179,100,99485,100,100184,100,99359,100
2019-06-28 09:54:05.844170339,99986,267,99898,267,100043,262,99887,262,100072,262,99878,262,100096,100,99844,100,100129,200,99812,100,100136,100,99578,100,100148,100,99558,100,100152,100,99501,100,100179,100,99485,100,100184,100,99359,100
2019-06-28 09:54:10.000000000,99986,267,99898,267,100043,262,99887,262,100072,262,99878,262,100096,100,99844,100,100129,200,99812,100,100136,100,99578,100,100148,100,99558,100,100152,100,99501,100,100179,100,99485,100,100184,100,99359,100
2019-06-28 09:54:20.000000000,99986,590,99898,590,100043,100,99887,100,100072,100,99878,100,100096,100,99844,100,100129,200,99812,100,100136,100,99578,100,100148,100,99558,100,100152,100,99501,100,100179,100,99485,100,100184,100,99359,100
2019-06-28 09:54:25.698394812,99986,590,99898,590,100043,100,99887,100,100072,100,99878,100,100096,100,99844,100,100129,200,99812,100,100148,100,99578,100,100152,100,99558,100,100179,100,99501,100,100184,100,99485,100,100263,100,99359,100
2019-06-28 09:54:27.623978187,99986,590,99978,100,100072,100,99898,590,100096,100,99887,100,100129,200,99878,100,100148,100,99844,100,100152,100,99812,100,100179,100,99578,100,100184,100,99558,100,100263,100,99501,100,100428,100,99485,100
2019-06-28 09:54:30.000000000,99986,222,99978,222,100072,222,99898,222,100096,222,99887,222,100129,322,99878,222,100148,100,99844,100,100152,100,99812,100,100179,100,99578,100,100184,100,99558,100,100263,100,99501,100,100428,100,99485,100
2019-06-28 09:54:40.000000000,99986,198,99978,198,100072,198,99898,198,100096,198,99887,198,100129,298,99878,198,100148,198,99844,198,100152,100,99812,100,100179,100,99578,100,100184,100,99558,100,100263,100,99501,100,100428,100,99485,100
2019-06-28 09:54:50.000000000,99986,267,99978,267,100072,262,99898,262,100096,262,99887,262,100129,200,99878,100,100148,100,99844,100,100152,100,99812,100,100179,100,99578,100,100184,100,99558,100,100263,100,99501,100,100428,100,99485,100
2019-06-28 09:54:55.048111036,99986,267,99978,267,100072,262,99898,262,100096,262,99887,262,100129,200,99878,100,100148,100,99844,100,100152,100,99812,100,100179,100,99578,100,100184,100,99558,100,100263,100,99501,100,100404,100,99485,100
2019-06-28 09:55:00.000000000,99986,345,99978,345,100072,345,99898,345,100096,100,99887,100,100129,200,99878,100,100148,100,99844,100,100152,100,99812,100,100179,100,99578,100,100184,100,99558,100,100263,100,99501,100,100404,100,99485,100
2019-06-28 09:55:08.540575799,99986,245,99978,345,100072,345,99898,345,100096,100,99887,100,100129,200,99878,100,100148,100,99844,100,100152,100,99812,100,100179,100,99578,100,100184,100,99558,100,100263,100,99501,100,100404,100,99485,100
2019-06-28 09:55:09.989474267,99986,245,99978,345,100072,345,99898,345,100096,100,99887,100,100129,200,99878,100,100148,100,99844,100,100152,100,99812,100,100179,100,99578,100,100184,100,99558,100,100242,100,99501,100,100263,100,99485,100
2019-06-28 09:55:10.000000000,100072,222,99978,222,100096,222,99898,222,100129,322,99887,222,100148,222,99878,222,100152,100,99844,100,100179,100,99812,100,100184,100,99578,100,100242,100,99558,100,100263,100,99501,100,100404,100,99485,100
2019-06-28 09:55:19.146260648,100072,222,99978,222,100096,122,99898,222,100129,322,99887,222,100148,222,99878,222,100152,100,99844,100,100179,100,99812,100,100184,100,99578,100,100242,100,99558,100,100263,100,99501,100,100404,100,99485,100
2019-06-28 09:55:20.000000000,100072,198,99978,198,100129,298,99898,198,100148,198,99887,198,100152,198,99878,198,100179,198,99844,198,100184,100,99812,100,100242,100,99578,100,100263,100,99558,100,100404,100,99501,100,100428,100,99485,100
2019-06-28 09:55:25.252179805,100072,198,99978,198,100129,298,99898,198,100148,198,99887,198,100152,198,99878,198,100179,198,99844,198,100184,100,99812,100,100231,100,99578,100,100242,100,99558,100,100263,100,99501,100,100404,100,99485,100
2019-06-28 09:55:30.000000000,100072,267,99978,267,100129,362,99898,262,100148,262,99887,262,100152,100,99878,100,100179,100,99844,100,100184,100,99812,100,100231,100,99578,100,100242,100,99558,100,100263,100,99501,100,100404,100,99485,100
2019-06-28 09:55:40.000000000,100072,198,99978,198,100129,298,99898,198,100148,198,99887,198,100152,198,99878,198,100179,198,99844,198,100184,100,99812,100,100231,100,99578,100,100242,100,99558,100,100263,100,99501,100,100404,100,99485,100
2019-06-28 09:55:46.376435622,100072,98,99978,198,100129,298,99898,198,100148,198,99887,198,100152,198,99878,198,100179,198,99844,198,100184,100,99812,100,100231,100,99578,100,100242,100,99558,100,100263,100,99501,100,100404,100,99485,100
2019-06-28 09:55:50.000000000,100129,690,99978,590,100148,100,99898,100,100152,100,99887,100,100179,100,99878,100,100184,100,99844,100,100231,100,99812,100,100242,100,99578,100,100263,100,99558,100,100404,100,99501,100,100428,100,99485,100
2019-06-28 09:55:57.311984453,100129,690,99986,100,100148,100,99978,490,100152,100,99898,100,100179,100,99887,100,100184,100,99878,100,100231,100,99844,100,100242,100,99812,100,100263,100,99578,100,100404,100,99558,100,100428,100,99501,100
2019-06-28 09:56:00.000000000,100129,367,99986,267,100148,262,99898,262,100152,262,99887,262,100179,100,99878,100,100184,100,99844,100,100231,100,99812,100,100242,100,99578,100,100263,100,99558,100,100404,100,99501,100,100428,100,99485,100
2019-06-28 09:56:08.415310354,100129,267,99986,267,100148,262,99898,262,100152,262,99887,262,100179,100,99878,100,100184,100,99844,100,100231,100,99812,100,100242,100,99558,100,100263,100,99501,100,100404,100,99485,100,100428,100,99359,100
2019-06-28 09:56:10.000000000,100129,345,99986,345,100148,345,99898,345,100152,100,99887,100,100179,100,99878,100,100184,100,99844,100,100231,100,99812,100,100242,100,99558,100,100263,100,99501,100,100404,100,99485,100,100428,100,99359,100
2019-06-28 09:56:12.627074683,100129,345,99986,345,100148,345,99898,345,100152,100,99887,100,100179,100,99878,100,100184,100,99844,100,100231,100,99812,100,100242,100,99558,100,100263,100,99501,100,100383,100,99485,100,100404,100,99359,100
2019-06-28 09:56:20.000000000,100129,198,99986,198,100148,198,99898,198,100152,198,99887,198,100179,198,99878,198,100184,198,99844,198,100231,100,99812,100,100242,100,99558,100,100263,100,99501,100,100383,100,99485,100,100404,100,99359,100
2019-06-28 09:56:23.117873107,100129,98,99986,198,100148,198,99898,198,100152,198,99887,198,100179,198,99878,198,100184,198,99844,198,100231,100,99812,100,100242,100,99558,100,100263,100,99501,100,100383,100,99485,100,100404,100,99359,100
2019-06-28 09:56:30.000000000,100148,198,99986,198,100152,198,99898,198,100179,198,99887,198,100184,198,99878,198,100231,198,99844,198,100242,100,99812,100,100263,100,99558,100,100383,100,99501,100,100404,100,99485,100,100428,100,99359,100
2019-06-28 09:56:40.000000000,100148,198,99986,198,100152,198,99898,198,100179,198,99887,198,100184,198,99878,198,100231,198,99844,198,100242,100,99812,100,100263,100,99558,100,100383,100,99501,100,100404,100,99485,100,100428,100,99359,100
2019-06-28 09:56:50.000000000,100148,198,99986,198,100152,198,99898,198,100179,198,99887,198,100184,198,99878,198,100231,198,99844,198,100242,100,99812,100,100263,100,99558,100,100383,100,99501,100,100404,100,99485,100,100428,100,99359,100
2019-06-28 09:56:53.014880727,100148,198,99986,198,100152,198,99898,198,100179,198,99887,198,100184,198,99878,198,100231,198,99844,198,100242,100,99812,100,100257,100,99558,100,100263,100,99501,100,100383,100,99485,100,100404,100,99359,100
2019-06-28 09:57:00.000000000,100148,222,99986,222,100152,222,99898,222,100179,222,99887,222,100184,222,99878,222,100231,100,99844,100,100242,100,99812,100,100257,100,99558,100,100263,100,99501,100,100383,100,99485,100,100404,100,99359,100
2019-06-28 09:57:10.000000000,100148,222,99986,222,100152,222,99898,222,100179,222,99887,222,100184,222,99878,222,100231,100,99844,100,100242,100,99812,100,100257,100,99558,100,100263,100,99501,100,100383,100,99485,100,100404,100,99359,100
2019-06-28 09:57:19.875123336,100148,222,99986,122,100152,222,99898,222,100179,222,99887,222,100184,222,99878,222,100231,100,99844,100,100242,100,99812,100,100257,100,99558,100,100263,100,99501,100,100404,100,99485,100,100428,100,99359,100
2019-06-28 09:57:20.000000000,100148,590,99898,590,100152,100,99887,100,100179,100,99878,100,100184,100,99844,100,100231,100,99812,100,100242,100,99558,100,100257,100,99501,100,100263,100,99485,100,100404,100,99359,100,100428,100,99311,100
2019-06-28 09:57:21.069103127,100148,590,99898,490,100152,100,99887,100,100179,100,99878,100,100184,100,99844,100,100231,100,99812,100,100242,100,99558,100,100257,100,99501,100,100263,100,99485,100,100404,100,99359,100,100428,100,99311,100
2019-06-28 09:57:24.969991910,100148,590,99954,100,100152,100,99898,490,100179,100,99887,100,100184,100,99878,100,100231,100,99844,100,100242,100,99812,100,100257,100,99558,100,100263,100,99501,100,100404,100,99485,100,100428,100,99359,100
2019-06-28 09:57:26.045354626,100148,590,99954,100,100152,100,99913,100,100179,100,99898,490,100184,100,99887,100,100231,100,99878,100,100242,100,99844,100,100257,100,99812,100,100263,100,99558,100,100404,100,99501,100,100428,100,99485,100
2019-06-28 09:57:26.991417814,100148,590,99971,100,100152,100,99954,100,100179,100,99913,100,100184,100,99898,490,100231,100,99887,100,100242,100,99878,100,100257,100,99844,100,100263,100,99812,100,100404,100,99558,100,100428,100,99501,100
2019-06-28 09:57:30.000000000,100148,590,99971,590,100152,100,99954,100,100179,100,99913,100,100184,100,99887,100,100231,100,99878,100,100242,100,99844,100,100257,100,99812,100,100263,100,99558,100,100404,100,99501,100,100428,100,99485,100
2019-06-28 09:57:40.000000000,100148,590,99971,590,100152,100,99954,100,100179,100,99913,100,100184,100,99887,100,100231,100,99878,100,100242,100,99844,100,100257,100,99812,100,100263,100,99558,100,100404,100,99501,100,100428,100,99485,100
2019-06-28 09:57:43.063070010,100148,590,99971,590,100152,100,99954,100,100179,100,99913,100,100184,100,99887,100,100231,100,99878,100,100242,100,99844,100,100257,100,99812,100,100263,100,99770,100,100404,100,99558,100,100428,100,99501,100
2019-06-28 09:57:50.000000000,100148,198,99971,198,100152,198,99954,198,100179,198,99913,198,100184,198,99887,198,100231,198,99878,198,100242,100,99844,100,100257,100,99812,100,100263,100,99770,100,100404,100,99558,100,100428,100,99501,100
2019-06-28 09:57:50.557165083,100148,198,99971,198,100152,198,99954,198,100179,198,99913,198,100184,198,99887,198,100231,198,99878,198,100242,100,99844,100,100257,100,99812,100,100263,100,99770,100,100404,100,99665,100,100428,100,99558,100
2019-06-28 09:57:53.639831306,100148,198,99971,98,100152,198,99954,198,100179,198,99913,198,100184,198,99887,198,100231,198,99878,198,100242,100,99844,100,100257,100,99812,100,100263,100,99770,100,100404,100,99665,100,100428,100,99558,100
2019-06-28 09:57:54.591950491,99971,2,99954,198,100148,198,99913,198,100152,198,99887,198,100179,198,99878,198,100184,198,99844,100,100231,198,99812,100,100242,100,99770,100,100257,100,99665,100,100263,100,99558,100,100404,100,99501,100
2019-06-28 09:58:00.000000000,99971,100,99954,198,100148,198,99913,198,100152,198,99887,198,100179,198,99878,198,100184,198,99844,198,100231,100,99812,100,100242,100,99770,100,100257,100,99665,100,100263,100,99558,100,100404,100,99501,100
2019-06-28 09:58:10.000000000,99971,247,99954,345,100148,345,99913,345,100152,100,99887,100,100179,100,99878,100,100184,100,99844,100,100231,100,99812,100,100242,100,99770,100,100257,100,99665,100,100263,100,99558,100,100404,100,99501,100
2019-06-28 09:58:13.583424811,99963,100,99954,345,99971,247,99913,345,100148,345,99887,100,100152,100,99878,100,100179,100,99844,100,100184,100,99812,100,100231,100,99770,100,100242,100,99665,100,100257,100,99558,100,100263,100,99501,100
2019-06-28 09:58:20.000000000,99963,222,99954,222,99971,124,99913,222,100148,222,99887,222,100152,222,99878,222,100179,100,99844,100,100184,100,99812,100,100231,100,99770,100,100242,100,99665,100,100257,100,99558,100,100263,100,99501,100
2019-06-28 09:58:22.905713380,99963,222,99954,222,99971,124,99913,222,100148,222,99887,222,100152,122,99878,222,100179,100,99844,100,100184,100,99812,100,100231,100,99770,100,100242,100,99666,100,100257,100,99665,100,100263,100,99558,100
2019-06-28 09:58:30.000000000,99963,198,99954,198,99971,100,99913,198,100148,198,99887,198,100179,198,99878,198,100184,198,99844,198,100231,100,99812,100,100242,100,99770,100,100257,100,99666,100,100263,100,99665,100,100404,100,99558,100
2019-06-28 09:58:40.000000000,99963,267,99954,267,99971,164,99913,262,100148,262,99887,262,100179,100,99878,100,100184,100,99844,100,100231,100,99812,100,100242,100,99770,100,100257,100,99666,100,100263,100,99665,100,100404,100,99558,100
2019-06-28 09:58:50.000000000,99963,590,99954,590,99971,2,99913,100,100148,100,99887,100,100179,100,99878,100,100184,100,99844,100,100231,100,99812,100,100242,100,99770,100,100257,100,99666,100,100263,100,99665,100,100404,100,99558,100
2019-06-28 09:58:54.502030918,99963,590,99954,490,99971,2,99887,100,100148,100,99878,100,100179,100,99844,100,100184,100,99812,100,100231,100,99770,100,100242,100,99666,100,100257,100,99665,100,100263,100,99558,100,100404,100,99501,100
2019-06-28 09:58:57.356906102,99963,590,99954,490,99971,2,99887,100,100148,100,99878,100,100184,100,99844,100,100231,100,99812,100,100242,100,99770,100,100257,100,99687,100,100263,100,99666,100,100404,100,99665,100,100428,100,99558,100
2019-06-28 09:59:00.000000000,99963,590,99887,590,99971,2,99878,100,100148,100,99844,100,100184,100,99812,100,100231,100,99770,100,100242,100,99687,100,100257,100,99666,100,100263,100,99665,100,100404,100,99558,100,100428,100,99501,100
2019-06-28 09:59:01.143299718,99962,100,99887,590,99963,590,99878,100,99971,2,99844,100,100148,100,99812,100,100184,100,99770,100,100231,100,99687,100,100242,100,99666,100,100257,100,99665,100,100263,100,99558,100,100404,100,99501,100
2019-06-28 09:59:09.999966776,99962,100,99887,490,99963,590,99878,100,99971,2,99844,100,100148,100,99812,100,100184,100,99770,100,100231,100,99687,100,100242,100,99666,100,100257,100,99665,100,100263,100,99558,100,100404,100,99501,100
2019-06-28 09:59:10.000000000,99962,267,99878,267,99963,262,99844,262,99971,164,99812,262,100148,100,99770,100,100184,100,99687,100,100231,100,99666,100,100242,100,99665,100,100257,100,99558,100,100263,100,99501,100,100404,100,99485,100
2019-06-28 09:59:20.000000000,99962,222,99878,222,99963,222,99844,222,99971,124,99812,222,100148,222,99770,222,100184,100,99687,100,100231,100,99666,100,100242,100,99665,100,100257,100,99558,100,100263,100,99501,100,100404,100,99485,100
2019-06-28 09:59:30.000000000,99962,267,99878,267,99963,262,99844,262,99971,164,99812,262,100148,100,99770,100,100184,100,99687,100,100231,100,99666,100,100242,100,99665,100,100257,100,99558,100,100263,100,99501,100,100404,100,99485,100
2019-06-28 09:59:40.000000000,99962,222,99878,222,99963,222,99844,222,99971,124,99812,222,100148,222,99770,222,100184,100,99687,100,100231,100,99666,100,100242,100,99665,100,100257,100,99558,100,100263,100,99501,100,100404,100,99485,100
2019-06-28 09:59:50.000000000,99962,198,99878,198,99963,198,99844,198,99971,100,99812,198,100148,198,99770,198,100184,198,99687,198,100231,100,99666,100,100242,100,99665,100,100257,100,99558,100,100263,100,99501,100,100404,100,99485,100
2019-06-28 09:59:50.970423624,99962,198,99878,198,99963,198,99844,198,99971,100,99812,198,100148,198,99770,198,100184,198,99687,198,100231,100,99666,100,100242,100,99665,100,100257,100,99558,100,100263,100,99501,100,100404,100,99485,100
2019-06-28 09:59:53.299009642,99962,198,99878,98,99963,198,99844,198,99971,100,99812,198,100148,198,99770,198,100184,198,99687,198,100231,100,99666,100,100242,100,99665,100,100257,100,99558,100,100263,100,99501,100,100404,100,99485,100
2019-06-28 10:00:00.000000000,99962,198,99844,198,99963,198,99812,198,99971,100,99770,198,100148,198,99687,198,100184,198,99666,198,100231,100,99665,100,100242,100,99558,100,100257,100,99501,100,100263,100,99485,100,100404,100,99359,100
2019-06-28 10:00:10.000000000,99962,267,99844,267,99963,262,99812,262,99971,164,99770,262,100148,100,99687,100,100184,100,99666,100,100231,100,99665,100,100242,100,99558,100,100257,100,99501,100,100263,100,99485,100,100404,100,99359,100
2019-06-28 10:00:20.000000000,99962,198,99844,198,99963,198,99812,198,99971,100,99770,198,100148,198,99687,198,100184,198,99666,198,100231,100,99665,100,100242,100,99558,100,100257,100,99501,100,100263,100,99485,100,100404,100,99359,100
2019-06-28 10:00:30.000000000,99962,590,99844,590,99963,100,99812,100,99971,2,99770,100,100148,100,99687,100,100184,100,99666,100,100231,100,99665,100,100242,100,99558,100,100257,100,99501,100,100263,100,99485,100,100404,100,99359,100
2019-06-28 10:00:40.000000000,99962,222,99844,222,99963,222,99812,222,99971,124,99770,222,100148,222,99687,222,100184,100,99666,100,100231,100,99665,100,100242,100,99558,100,100257,100,99501,100,100263,100,99485,100,100404,100,99359,100
2019-06-28 10:00:43.782881932,99962,222,99844,222,99963,222,99812,222,99971,124,99770,222,100148,222,99687,222,100184,100,99666,100,100231,100,99665,100,100242,100,99558,100,100257,100,99501,100,100263,100,99485,100,100404,100,99359,100
2019-06-28 10:00:47.033544146,99887,100,99844,222,99962,222,99812,222,99963,222,99770,222,99971,124,99687,222,100148,222,99666,100,100184,100,99665,100,100231,100,99558,100,100242,100,99501,100,100257,100,99485,100,100263,100,99359,100
2019-06-28 10:00:50.000000000,99887,222,99844,222,99962,222,99812,222,99963,222,99770,222,99971,124,99687,222,100148,100,99666,100,100184,100,99665,100,100231,100,99558,100,100242,100,99501,100,100257,100,99485,100,100263,100,99359,100
2019-06-28 10:00:55.146379547,99887,222,99844,122,99962,222,99812,222,99963,222,99770,222,99971,124,99687,222,100148,100,99666,100,100184,100,99665,100,100231,100,99558,100,100242,100,99501,100,100263,100,99485,100,100404,100,99359,100
2019-06-28 10:01:00.000000000,99887,590,99812,590,99962,100,99770,100,99963,100,99687,100,99971,2,99666,100,100148,100,99665,100,100184,100,99558,100,100231,100,99501,100,100242,100,99485,100,100263,100,99359,100,100404,100,99286,100
2019-06-28 10:01:01.765864226,99887,590,99812,490,99962,100,99770,100,99963,100,99687,100,99971,2,99666,100,100148,100,99665,100,100184,100,99558,100,100242,100,99501,100,100263,100,99485,100,100404,100,99359,100,100428,100,99286,100
2019-06-28 10:01:10.000000000,99887,267,99770,267,99962,262,99687,262,99963,262,99666,262,99971,2,99665,100,100148,100,99558,100,100184,100,99501,100,100242,100,99485,100,100263,100,99359,100,100404,100,99286,100,100428,100,98403,100
2019-06-28 10:01:11.846375252,99887,267,99770,267,99962,262,99687,262,99963,262,99666,262,99971,2,99665,100,100148,100,99558,100,100184,100,99501,100,100242,100,99485,100,100263,100,99359,100,100404,100,99286,100,100428,100,98454,100
2019-06-28 10:01:14.766015439,99844,100,99770,267,99887,267,99687,262,99962,262,99666,262,99963,262,99665,100,99971,2,99558,100,100148,100,99501,100,100184,100,99485,100,100242,100,99359,100,100263,100,99286,100,100404,100,98454,100
2019-06-28 10:01:17.287303002,99844,100,99770,267,99887,267,99687,262,99962,262,99666,262,99963,262,99665,100,99971,2,99558,100,100148,100,99501,100,100184,100,99485,100,100242,100,99359,100,100263,100,99286,100,100404,100,98458,100
2019-06-28 10:01:20.000000000,99844,267,99770,267,99887,262,99687,262,99962,262,99666,262,99963,100,99665,100,99971,2,99558,100,100148,100,99501,100,100184,100,99485,100,100242,100,99359,100,100263,100,99286,100,100404,100,98458,100
2019-06-28 10:01:30.000000000,99844,590,99770,590,99887,100,99687,100,99962,100,99666,100,99963,100,99665,100,99971,2,99558,100,100148,100,99501,100,100184,100,99485,100,100242,100,99359,100,100263,100,99286,100,100404,100,98458,100
2019-06-28 10:01:40.000000000,99844,222,99770,222,99887,222,99687,222,99962,222,99666,222,99963,222,99665,222,99971,2,99558,100,100148,100,99501,100,100184,100,99485,100,100242,100,99359,100,100263,100,99286,100,100404,100,98458,100
2019-06-28 10:01:40.963332783,99844,222,99770,222,99887,222,99687,222,99962,222,99666,222,99963,222,99665,222,99971,2,99558,100,100148,100,99501,100,100184,100,99485,100,100242,100,99359,100,100263,100,99286,100,100404,100,98549,100
2019-06-28 10:01:41.876432011,99844,222,99770,122,99887,222,99687,222,99962,222,99666,222,99963,222,99665,222,99971,2,99558,100,100148,100,99485,100,100184,100,99359,100,100242,100,99286,100,100263,100,98549,100,100404,100,98458,100
2019-06-28 10:01:50.000000000,99844,345,99687,345,99887,345,99666,345,99962,100,99665,100,99963,100,99558,100,99971,2,99485,100,100148,100,99359,100,100184,100,99286,100,100242,100,98549,100,100263,100,98458,100,100404,100,98454,100
2019-06-28 10:02:00.000000000,99844,198,99687,198,99887,198,99666,198,99962,198,99665,198,99963,198,99558,198,99971,100,99485,198,100148,100,99359,100,100184,100,99286,100,100242,100,98549,100,100263,100,98458,100,100404,100,98454,100
2019-06-28 10:02:10.000000000,99844,345,99687,345,99887,345,99666,345,99962,100,99665,100,99963,100,99558,100,99971,2,99485,100,100148,100,99359,100,100184,100,99286,100,100242,100,98549,100,100263,100,98458,100,100404,100,98454,100
2019-06-28 10:02:20.000000000,99844,222,99687,222,99887,222,99666,222,99962,222,99665,222,99963,222,99558,222,99971,2,99485,100,100148,100,99359,100,100184,100,99286,100,100242,100,98549,100,100263,100,98458,100,100404,100,98454,100
2019-06-28 10:02:22.094049091,99844,222,99687,222,99887,222,99666,222,99962,222,99665,222,99963,222,99558,222,99971,2,99485,100,100148,100,99359,100,100184,100,99286,100,100242,100,98948,100,100263,100,98549,100,100404,100,98458,100
2019-06-28 10:02:30.000000000,99844,345,99687,345,99887,345,99666,345,99962,100,99665,100,99963,100,99558,100,99971,2,99485,100,100148,100,99359,100,100184,100,99286,100,100242,100,98948,100,100263,100,98549,100,100404,100,98458,100
2019-06-28 10:02:40.000000000,99844,267,99687,267,99887,262,99666,262,99962,262,99665,262,99963,100,99558,100,99971,2,99485,100,100148,100,99359,100,100184,100,99286,100,100242,100,98948,100,100263,100,98549,100,100404,100,98458,100
2019-06-28 10:02:50.000000000,99844,198,99687,198,99887,198,99666,198,99962,198,99665,198,99963,198,99558,198,99971,100,99485,198,100148,100,99359,100,100184,100,99286,100,100242,100,98948,100,100263,100,98549,100,100404,100,98458,100
2019-06-28 10:03:00.000000000,99844,267,99687,267,99887,262,99666,262,99962,262,99665,262,99963,100,99558,100,99971,2,99485,100,100148,100,99359,100,100184,100,99286,100,100242,100,98948,100,100263,100,98549,100,100404,100,98458,100
2019-06-28 10:03:10.000000000,99844,267,99687,267,99887,262,99666,262,99962,262,99665,262,99963,100,99558,100,99971,2,99485,100,100148,100,99359,100,100184,100,99286,100,100242,100,98948,100,100263,100,98549,100,100404,100,98458,100
2019-06-28 10:03:19.076095362,99844,267,99687,167,99887,262,99666,262,99962,262,99665,262,99963,100,99558,100,99971,2,99485,100,100148,100,99359,100,100184,100,99286,100,100242,100,98948,100,100263,100,98549,100,100404,100,98458,100
2019-06-28 10:03:20.000000000,99844,267,99666,267,99887,262,99665,262,99962,262,99558,262,99963,100,99485,100,99971,2,99359,100,100148,100,99286,100,100184,100,98948,100,100242,100,98549,100,100263,100,98458,100,100404,100,98454,100
2019-06-28 10:03:30.000000000,99844,345,99666,345,99887,345,99665,345,99962,100,99558,100,99963,100,99485,100,99971,2,99359,100,100148,100,99286,100,100184,100,98948,100,100242,100,98549,100,100263,100,98458,100,100404,100,98454,100
2019-06-28 10:03:40.000000000,99844,198,99666,198,99887,198,99665,198,99962,198,99558,198,99963,198,99485,198,99971,100,99359,198,100148,100,99286,100,100184,100,98948,100,100242,100,98549,100,100263,100,98458,100,100404,100,98454,100
2019-06-28 10:03:40.809408553,99844,198,99666,198,99887,198,99665,198,99962,198,99558,198,99963,198,99485,198,99971,100,99359,198,100148,100,99286,100,100184,100,99280,100,100242,100,98948,100,100263,100,98549,100,100404,100,98458,100
2019-06-28 10:03:44.686862075,99844,198,99666,198,99887,198,99665,198,99962,198,99558,198,99963,198,99485,198,99971,100,99359,198,100148,100,99286,100,100184,100,99280,100,100242,100,99050,100,100263,100,98948,100,100404,100,98549,100
2019-06-28 10:03:50.000000000,99844,222,99666,222,99887,222,99665,222,99962,222,99558,222,99963,222,99485,222,99971,2,99359,100,100148,100,99286,100,100184,100,99280,100,100242,100,99050,100,100263,100,98948,100,100404,100,98549,100
2019-06-28 10:04:00.000000000,99844,590,99666,590,99887,100,99665,100,99962,100,99558,100,99963,100,99485,100,99971,2,99359,100,100148,100,99286,100,100184,100,99280,100,100242,100,99050,100,100263,100,98948,100,100404,100,98549,100
2019-06-28 10:04:01.521086023,99844,590,99666,490,99887,100,99665,100,99962,100,99558,100,99963,100,99485,100,99971,2,99359,100,100148,100,99280,100,100184,100,99050,100,100242,100,98948,100,100263,100,98549,100,100404,100,98458,100
2019-06-28 10:04:02.042511038,99687,100,99666,490,99844,590,99665,100,99887,100,99558,100,99962,100,99485,100,99963,100,99359,100,99971,2,99280,100,100148,100,99050,100,100184,100,98948,100,100242,100,98549,100,100263,100,98458,100
2019-06-28 10:04:06.930830915,99687,100,99666,490,99844,590,99665,100,99887,100,99558,100,99963,100,99485,100,99971,2,99359,100,100148,100,99280,100,100184,100,99050,100,100242,100,98948,100,100263,100,98549,100,100404,100,98458,100
2019-06-28 10:04:10.000000000,99687,198,99665,198,99844,198,99558,198,99887,198,99485,198,99963,198,99359,198,99971,100,99280,198,100148,100,99050,100,100184,100,98948,100,100242,100,98549,100,100263,100,98458,100,100404,100,98454,100
2019-06-28 10:04:20.000000000,99687,222,99665,222,99844,222,99558,222,99887,222,99485,222,99963,222,99359,222,99971,2,99280,100,100148,100,99050,100,100184,100,98948,100,100242,100,98549,100,100263,100,98458,100,100404,100,98454,100
2019-06-28 10:04:28.701217417,99687,222,99665,122,99844,222,99558,222,99887,222,99485,122,99963,222,99359,222,99971,2,99280,100,100148,100,99050,100,100184,100,98948,100,100242,100,98549,100,100263,100,98458,100,100404,100,98454,100
2019-06-28 10:04:30.000000000,99687,222,99558,222,99844,222,99359,222,99887,222,99280,222,99963,222,99050,222,99971,2,98948,100,100148,100,98549,100,100184,100,98458,100,100242,100,98454,100,100263,100,98403,100,100404,100,,
2019-06-28 10:04:40.000000000,99687,267,99558,267,99844,262,99359,262,99887,262,99280,262,99963,100,99050,100,99971,2,98948,100,100148,100,98549,100,100184,100,98458,100,100242,100,98454,100,100263,100,98403,100,100404,100,,
2019-06-28 10:04:50.000000000,99687,345,99558,345,99844,345,99359,345,99887,100,99280,100,99963,100,99050,100,99971,2,98948,100,100148,100,98549,100,100184,100,98458,100,100242,100,98454,100,100263,100,98403,100,100404,100,,
2019-06-28 10:04:51.451923728,99687,345,99558,245,99844,345,99359,345,99887,100,99280,100,99963,100,99050,100,99971,2,98948,100,100148,100,98549,100,100184,100,98458,100,100242,100,98454,100,100263,100,98403,100,100404,100,,
2019-06-28 10:05:00.000000000,99687,590,99359,590,99844,100,99280,100,99887,100,99050,100,99963,100,98948,100,99971,2,98549,100,100148,100,98458,100,100184,100,98454,100,100242,100,98403,100,100263,100,,,100404,100,,
2019-06-28 10:05:10.000000000,99687,267,99359,267,99844,262,99280,262,99887,262,99050,262,99963,100,98948,100,99971,2,98549,100,100148,100,98458,100,100184,100,98454,100,100242,100,98403,100,100263,100,,,100404,100,,
2019-06-28 10:05:20.000000000,99687,198,99359,198,99844,198,99280,198,99887,198,99050,198,99963,198,98948,198,99971,100,98549,198,100148,100,98458,100,100184,100,98454,100,100242,100,98403,100,100263,100,,,100404,100,,
2019-06-28 10:05:30.000000000,99687,590,99359,590,99844,100,99280,100,99887,100,99050,100,99963,100,98948,100,99971,2,98549,100,100148,100,98458,100,100184,100,98454,100,100242,100,98403,100,100263,100,,,100404,100,,
2019-06-28 10:05:40.000000000,99687,267,99359,267,99844,262,99280,262,99887,262,99050,262,99963,100,98948,100,99971,2,98549,100,100148,100,98458,100,100184,100,98454,100,100242,100,98403,100,100263,100,,,100404,100,,
2019-06-28 10:05:50.000000000,99687,267,99359,267,99844,262,99280,262,99887,262,99050,262,99963,100,98948,100,99971,2,98549,100,100148,100,98458,100,100184,100,98454,100,100242,100,98403,100,100263,100,,,100404,100,,
2019-06-28 10:06:00.000000000,99687,222,99359,222,99844,222,99280,222,99887,222,99050,222,99963,222,98948,222,99971,2,98549,100,100148,100,98458,100,100184,100,98454,100,100242,100,98403,100,100263,100,,,100404,100,,
2019-06-28 10:06:10.000000000,99687,590,99359,590,99844,100,99280,100,99887,100,99050,100,99963,100,98948,100,99971,2,98549,100,100148,100,98458,100,100184,100,98454,100,100242,100,98403,100,100263,100,,,100404,100,,
2019-06-28 10:06:19.321499283,99687,590,99359,590,99844,100,99280,100,99887,100,99050,100,99963,100,98948,100,99971,2,98633,100,100148,100,98549,100,100184,100,98458,100,100242,100,98454,100,100263,100,98403,100,100404,100,,
2019-06-28 10:06:20.000000000,99687,222,99359,222,99844,222,99280,222,99887,222,99050,222,99963,222,98948,222,99971,2,98633,100,100148,100,98549,100,100184,100,98458,100,100242,100,98454,100,100263,100,98403,100,100404,100,,
2019-06-28 10:06:30.000000000,99687,198,99359,198,99844,198,99280,198,99887,198,99050,198,99963,198,98948,198,99971,100,98633,198,100148,100,98549,100,100184,100,98458,100,100242,100,98454,100,100263,100,98403,100,100404,100,,
2019-06-28 10:06:40.000000000,99687,267,99359,267,99844,262,99280,262,99887,262,99050,262,99963,100,98948,100,99971,2,98633,100,100148,100,98549,100,100184,100,98458,100,100242,100,98454,100,100263,100,98403,100,100404,100,,
2019-06-28 10:06:45.834879174,99687,267,99359,167,99844,262,99280,262,99887,262,99050,262,99963,100,98948,100,99971,2,98633,100,100148,100,98549,100,100184,100,98458,100,100242,100,98454,100,100404,100,98403,100,100428,100,,
2019-06-28 10:06:50.000000000,99687,222,99280,222,99844,222,99050,222,99887,222,98948,222,99963,222,98633,222,99971,2,98549,100,100148,100,98458,100,100184,100,98454,100,100242,100,98403,100,100404,100,,,100428,100,,
2019-06-28 10:07:00.000000000,99687,198,99280,198,99844,198,99050,198,99887,198,98948,198,99963,198,98633,198,99971,100,98549,198,100148,100,98458,100,100184,100,98454,100,100242,100,98403,100,100404,100,,,100428,100,,
2019-06-28 10:07:10.000000000,99687,345,99280,345,99844,345,99050,345,99887,100,98948,100,99963,100,98633,100,99971,2,98549,100,100148,100,98458,100,100184,100,98454,100,100242,100,98403,100,100404,100,,,100428,100,,
2019-06-28 10:07:15.953853973,99687,345,99280,345,99844,345,99050,345,99887,100,98948,100,99963,100,98633,100,99971,2,98549,100,100148,100,98523,100,100184,100,98458,100,100242,100,98454,100,100404,100,98403,100,100428,100,,
2019-06-28 10:07:20.000000000,99687,267,99280,267,99844,262,99050,262,99887,262,98948,262,99963,100,98633,100,99971,2,98549,100,100148,100,98523,100,100184,100,98458,100,100242,100,98454,100,100404,100,98403,100,100428,100,,
2019-06-28 10:07:24.692320673,99558,100,99280,267,99687,267,99050,262,99844,262,98948,262,99887,262,98633,100,99963,100,98549,100,99971,2,98523,100,100148,100,98458,100,100184,100,98454,100,100242,100,98403,100,100404,100,,
2019-06-28 10:07:30.000000000,99558,590,99280,590,99687,100,99050,100,99844,100,98948,100,99887,100,98633,100,99963,100,98549,100,99971,2,98523,100,100148,100,98458,100,100184,100,98454,100,100242,100,98403,100,100404,100,,
2019-06-28 10:07:40.000000000,99558,198,99280,198,99687,198,99050,198,99844,198,98948,198,99887,198,98633,198,99963,198,98549,198,99971,2,98523,100,100148,100,98458,100,100184,100,98454,100,100242,100,98403,100,100404,100,,
2019-06-28 10:07:49.016979509,99558,198,99280,198,99687,198,99050,98,99844,198,98948,198,99887,198,98633,198,99963,198,98611,100,99971,2,98549,198,100148,100,98523,100,100184,100,98458,100,100242,100,98454,100,100404,100,98403,100
2019-06-28 10:07:50.000000000,99558,590,99280,590,99687,100,98948,100,99844,100,98633,100,99887,100,98611,100,99963,100,98549,100,99971,2,98523,100,100148,100,98458,100,100184,100,98454,100,100242,100,98403,100,100404,100,,
2019-06-28 10:07:54.124750229,99558,690,99280,590,99687,100,98948,100,99844,100,98633,100,99887,100,98611,100,99963,100,98549,100,99971,2,98523,100,100148,100,98458,100,100184,100,98454,100,100242,100,98403,100,100404,100,,
2019-06-28 10:07:55.951002702,99558,690,99280,590,99687,100,98948,100,99844,100,98633,100,99887,100,98611,100,99963,100,98549,100,99971,2,98523,100,100148,100,98458,100,100184,100,98454,100,100404,100,98445,100,100428,100,98403,100
2019-06-28 10:07:58.111480009,99558,790,99280,590,99687,100,98948,100,99844,100,98633,100,99887,100,98611,100,99963,100,98549,100,100148,100,98523,100,100184,100,98458,100,100404,100,98454,100,100428,100,98445,100,100479,100,98403,100
2019-06-28 10:08:00.000000000,99558,545,99280,345,99687,345,98948,345,99844,100,98633,100,99887,100,98611,100,99963,100,98549,100,100148,100,98523,100,100184,100,98458,100,100404,100,98454,100,100428,100,98445,100,100479,100,98403,100
2019-06-28 10:08:01.254845998,99558,545,99280,345,99687,345,98948,345,99844,100,98633,100,99887,100,98611,100,99963,100,98549,100,100148,100,98523,100,100184,100,98458,100,100404,100,98454,100,100428,100,98445,100,100479,100,98420,100
2019-06-28 10:08:02.522428441,99558,545,99280,245,99687,345,98948,345,99844,100,98633,100,99887,100,98611,100,99963,100,98549,100,100148,100,98523,100,100184,100,98458,100,100404,100,98454,100,100428,100,98445,100,100479,100,98420,100
2019-06-28 10:08:09.411884874,99558,545,99280,145,99687,345,98948,345,99844,100,98633,100,99887,100,98611,100,99963,100,98549,100,100148,100,98523,100,100184,100,98458,100,100404,100,98454,100,100428,100,98445,100,100479,100,98420,100
2019-06-28 10:08:09.495780819,99558,545,99280,45,99687,345,98948,345,99844,100,98633,100,99887,100,98611,100,99963,100,98549,100,100148,100,98523,100,100184,100,98458,100,100404,100,98454,100,100428,100,98445,100,100479,100,98420,100
2019-06-28 10:08:10.000000000,99558,545,98948,345,99687,345,98633,345,99844,100,98611,100,99887,100,98549,100,99963,100,98523,100,100148,100,98458,100,100184,100,98454,100,100404,100,98445,100,100428,100,98420,100,100479,100,98403,100
2019-06-28 10:08:20.000000000,99558,467,98948,267,99687,262,98633,262,99844,262,98611,262,99887,100,98549,100,99963,100,98523,100,100148,100,98458,100,100184,100,98454,100,100404,100,98445,100,100428,100,98420,100,100479,100,98403,100
2019-06-28 10:08:21.719680921,99558,467,98948,167,99687,262,98633,262,99844,262,98611,262,99887,100,98549,100,99963,100,98523,100,100148,100,98458,100,100184,100,98454,100,100404,100,98445,100,100428,100,98420,100,100479,100,98403,100
2019-06-28 10:08:26.878237313,99558,467,98948,167,99687,262,98633,262,99844,262,98611,262,99887,100,98549,100,99963,100,98523,100,100148,100,98458,100,100184,100,98454,100,100404,100,98445,100,100428,100,98420,100,100479,100,98403,100
