,ask_price_1,ask_size_1,bid_price_1,bid_size_1,ask_price_2,ask_size_2,bid_price_2,bid_size_2,ask_price_3,ask_size_3,bid_price_3,bid_size_3,ask_price_4,ask_size_4,bid_price_4,bid_size_4,ask_price_5,ask_size_5,bid_price_5,bid_size_5,ask_price_6,ask_size_6,bid_price_6,bid_size_6,ask_price_7,ask_size_7,bid_price_7,bid_size_7,ask_price_8,ask_size_8,bid_price_8,bid_size_8,ask_price_9,ask_size_9,bid_price_9,bid_size_9,ask_price_10,ask_size_10,bid_price_10,bid_size_10
2019-06-28 09:30:00.000000000,,,99984,100,,,,,,,,,,,,,,,,,,,,,,,,,,,,,,,,,,,,
2019-06-28 09:30:00.000000004,,,100001,100,,,99984,100,,,,,,,,,,,,,,,,,,,,,,,,,,,,,,,,
2019-06-28 09:30:00.000000006,,,100001,100,,,99986,100,,,99984,100,,,,,,,,,,,,,,,,,,,,,,,,,,,,
2019-06-28 09:30:00.000000009,100036,100,100001,100,,,99986,100,,,99984,100,,,,,,,,,,,,,,,,,,,,,,,,,,,,
2019-06-28 09:30:00.000000010,100036,100,100001,100,,,99986,100,,,99984,100,,,99897,100,,,,,,,,,,,,,,,,,,,,,,,,
2019-06-28 09:30:00.000000014,100036,100,100001,100,,,99986,100,,,99984,100,,,99939,100,,,99897,100,,,,,,,,,,,,,,,,,,,,
2019-06-28 09:30:00.000000020,100036,100,100001,100,,,99986,100,,,99984,100,,,99977,100,,,99939,100,,,99897,100,,,,,,,,,,,,,,,,
2019-06-28 09:30:00.000000021,100036,100,100001,100,,,99986,100,,,99984,100,,,99977,100,,,99939,100,,,99921,100,,,99897,100,,,,,,,,,,,,
2019-06-28 09:30:00.000000022,100036,100,99986,100,,,99984,100,,,99977,100,,,99939,100,,,99926,100,,,99921,100,,,99897,100,,,,,,,,,,,,
2019-06-28 09:30:00.000000024,100036,100,99986,100,100127,100,99984,100,,,99977,100,,,99939,100,,,99926,100,,,99921,100,,,99897,100,,,,,,,,,,,,
2019-06-28 09:30:00.000000025,100036,100,99984,100,100127,100,99977,100,,,99939,100,,,99926,100,,,99921,100,,,99897,100,,,,,,,,,,,,,,,,
2019-06-28 09:30:00.000000027,100036,100,99984,100,100127,100,99977,100,100144,100,99939,100,,,99926,100,,,99921,100,,,99897,100,,,,,,,,,,,,,,,,
2019-06-28 09:30:00.000000030,100036,100,99984,100,100127,100,99977,100,100144,100,99961,100,,,99939,100,,,99926,100,,,99921,100,,,99897,100,,,,,,,,,,,,
2019-06-28 09:30:00.000000036,100036,100,99984,100,100104,100,99977,100,100127,100,99961,100,100144,100,99939,100,,,99926,100,,,99921,100,,,99897,100,,,,,,,,,,,,
2019-06-28 09:30:00.000000038,99994,100,99984,100,100036,100,99977,100,100104,100,99961,100,100127,100,99957,100,100144,100,99939,100,,,99926,100,,,99921,100,,,99897,100,,,,,,,,
2019-06-28 09:30:00.000000040,99994,100,99984,100,100036,100,99977,100,100104,100,99961,100,100127,100,99957,100,100144,100,99948,100,,,99939,100,,,99926,100,,,99921,100,,,99897,100,,,,
2019-06-28 09:30:00.000000041,99994,100,99984,100,100014,100,99977,100,100036,100,99961,100,100104,100,99957,100,100127,100,99948,100,100144,100,99939,100,,,99926,100,,,99921,100,,,99897,100,,,,
2019-06-28 09:30:00.000000046,99994,100,99984,100,100014,100,99977,100,100036,100,99961,100,100104,100,99957,100,100127,100,99948,100,100144,100,99939,100,,,99926,100,,,99921,100,,,99897,100,,,99882,100
2019-06-28 09:30:00.000000047,99994,100,99984,100,100014,100,99977,100,100036,100,99961,100,100104,100,99957,100,100111,100,99948,100,100127,100,99939,100,100144,100,99926,100,,,99921,100,,,99897,100,,,99882,100
2019-06-28 09:30:00.000000048,99994,100,99986,100,100001,100,99984,100,100014,100,99977,100,100036,100,99963,100,100104,100,99961,100,100111,100,99957,100,100127,100,99948,100,100144,100,99939,100,100146,100,99926,200,,,99921,100
2019-06-28 09:30:00.000000049,99994,100,99986,100,100001,100,99984,100,100005,100,99977,100,100014,100,99963,100,100036,100,99961,100,100104,100,99957,100,100111,100,99948,100,100127,100,99939,100,100144,100,99926,200,100146,100,99921,100
2019-06-28 09:30:00.000000050,99994,100,99986,100,100001,100,99984,100,100005,100,99977,100,100014,100,99963,100,100036,100,99961,100,100104,100,99957,100,100111,100,99948,100,100127,100,99939,100,100144,100,99926,200,100146,100,99921,100
2019-06-28 09:30:00.000000051,99994,100,99986,100,100001,100,99984,100,100005,100,99977,100,100014,100,99963,100,100036,100,99961,100,100104,100,99958,100,100111,100,99957,100,100127,100,99948,100,100144,100,99939,100,100146,100,99926,200
2019-06-28 09:30:00.000000055,100001,100,99986,100,100005,100,99984,100,100014,100,99977,100,100036,100,99963,100,100104,100,99961,100,100111,100,99958,100,100127,100,99957,100,100144,100,99948,100,100146,100,99939,100,,,99926,200
2019-06-28 09:30:00.000000058,100001,100,99991,100,100005,100,99986,100,100014,100,99984,100,100036,100,99977,100,100048,100,99963,100,100104,100,99961,100,100111,100,99958,100,100127,100,99957,100,100144,100,99948,100,100146,100,99939,100
2019-06-28 09:30:00.000000059,100001,100,99991,100,100005,100,99986,100,100010,100,99984,100,100014,100,99977,100,100036,100,99963,100,100048,100,99961,100,100056,100,99958,100,100104,100,99957,100,100111,100,99948,100,100127,100,99939,100
2019-06-28 09:30:00.000000062,100001,100,99984,100,100005,100,99977,100,100010,100,99963,100,100014,100,99961,100,100036,100,99958,100,100048,100,99957,100,100056,100,99948,100,100104,100,99939,100,100111,100,99932,100,100127,100,99926,200
2019-06-28 09:30:00.000000066,100001,100,99984,100,100005,100,99977,100,100010,100,99963,100,100014,100,99961,100,100036,100,99958,100,100048,100,99957,100,100056,100,99948,100,100104,100,99939,100,100111,100,99932,100,100127,100,99930,100
2019-06-28 09:30:00.000000069,100001,100,99984,100,100005,100,99977,100,100010,100,99963,100,100014,100,99961,100,100036,100,99958,100,100048,100,99957,100,100056,100,99948,100,100104,100,99939,100,100111,100,99932,100,100127,100,99930,100
2019-06-28 09:30:00.000000072,100001,100,99986,100,100005,100,99984,100,100010,100,99977,100,100014,100,99963,100,100021,100,99961,100,100036,100,99958,100,100048,100,99957,100,100056,100,99948,100,100064,100,99939,100,100104,100,99932,100
2019-06-28 09:30:00.000000073,100001,100,99984,100,100005,100,99977,100,100010,100,99963,100,100014,100,99961,100,100021,100,99958,100,100036,100,99957,100,100048,100,99948,100,100056,100,99939,100,100064,100,99932,100,100088,100,99930,100
2019-06-28 09:30:00.000000074,100001,100,99984,100,100005,100,99977,100,100010,100,99963,100,100014,100,99961,100,100021,100,99958,100,100036,100,99957,100,100048,100,99948,100,100056,100,99939,100,100064,100,99932,100,100088,100,99930,100
2019-06-28 09:30:00.000000075,100001,100,99984,100,100005,100,99977,100,100010,100,99963,100,100014,100,99961,100,100021,100,99958,100,100036,100,99957,100,100048,100,99948,100,100056,100,99939,100,100064,100,99932,100,100088,100,99930,100
2019-06-28 09:30:00.000000078,100001,100,99984,100,100005,100,99977,100,100010,100,99963,100,100014,100,99961,100,100021,100,99958,100,100036,100,99957,100,100048,100,99948,100,100056,100,99939,100,100064,100,99932,100,100066,100,99930,100
2019-06-28 09:30:00.000000079,99985,100,99984,100,100001,100,99977,100,100005,100,99963,100,100010,100,99961,100,100014,100,99958,100,100021,100,99957,100,100036,100,99948,100,100048,100,99939,100,100056,100,99932,100,100064,100,99930,100
2019-06-28 09:30:00.000000081,99985,100,99984,100,100001,100,99977,100,100005,100,99963,100,100010,100,99961,100,100014,100,99958,100,100021,100,99957,100,100036,100,99948,100,100048,100,99939,100,100056,100,99935,100,100064,100,99932,100
2019-06-28 09:30:00.000000083,99985,100,99984,100,100001,100,99977,100,100005,100,99963,100,100010,100,99961,100,100014,100,99958,100,100021,100,99957,100,100022,100,99948,100,100036,100,99939,100,100048,100,99935,100,100056,100,99932,100
2019-06-28 09:30:00.000000085,99985,100,99984,100,100001,100,99977,100,100005,100,99963,100,100010,100,99961,100,100014,100,99958,100,100021,100,99957,100,100022,100,99948,100,100036,100,99939,100,100048,100,99935,100,100056,100,99933,100
2019-06-28 09:30:00.000000086,99985,100,99984,100,100001,100,99977,100,100005,100,99963,100,100010,100,99961,100,100014,100,99958,100,100021,100,99957,100,100022,100,99948,100,100036,100,99939,100,100048,100,99935,100,100056,100,99933,100
2019-06-28 09:30:00.000000087,99985,100,99977,100,100001,100,99963,100,100005,100,99961,100,100010,100,99958,100,100014,100,99957,100,100021,100,99948,100,100022,100,99939,100,100036,100,99935,100,100048,100,99933,100,100056,100,99932,100
2019-06-28 09:30:00.000000090,99984,100,99977,100,99985,100,99963,100,100001,100,99961,100,100005,100,99958,100,100010,100,99957,100,100014,100,99948,100,100021,100,99939,100,100022,100,99935,100,100036,100,99933,100,100048,100,99932,100
2019-06-28 09:30:00.000000093,99984,100,99977,100,99985,100,99963,100,100001,100,99961,100,100005,100,99958,100,100010,100,99957,100,100014,100,99948,100,100021,100,99939,100,100022,100,99935,100,100036,100,99933,100,100048,100,99932,100
2019-06-28 09:30:00.000000094,99984,100,99977,100,99985,100,99963,100,100001,100,99961,100,100005,100,99958,100,100010,100,99957,100,100014,100,99948,100,100021,100,99939,100,100022,100,99935,100,100036,100,99933,100,100048,100,99932,100
2019-06-28 09:30:00.000000097,99984,100,99977,200,99985,100,99963,100,100001,100,99961,100,100005,100,99958,100,100010,100,99957,100,100014,100,99948,100,100021,100,99939,100,100022,100,99935,100,100036,100,99933,100,100048,100,99932,100
2019-06-28 09:30:10.000000000,99984,154,99977,254,99985,154,99963,154,100001,154,99961,154,100005,154,99958,154,100010,154,99957,154,100014,100,99948,100,100021,100,99939,100,100022,100,99935,100,100036,100,99933,100,100048,100,99932,100
2019-06-28 09:30:20.000000000,99984,192,99977,292,99985,189,99963,189,100001,189,99961,189,100005,100,99958,100,100010,100,99957,100,100014,100,99948,100,100021,100,99939,100,100022,100,99935,100,100036,100,99933,100,100048,100,99932,100
2019-06-28 09:30:30.000000000,99984,192,99977,292,99985,189,99963,189,100001,189,99961,189,100005,100,99958,100,100010,100,99957,100,100014,100,99948,100,100021,100,99939,100,100022,100,99935,100,100036,100,99933,100,100048,100,99932,100
2019-06-28 09:30:40.000000000,99984,371,99977,471,99985,100,99963,100,100001,100,99961,100,100005,100,99958,100,100010,100,99957,100,100014,100,99948,100,100021,100,99939,100,100022,100,99935,100,100036,100,99933,100,100048,100,99932,100
2019-06-28 09:30:50.000000000,99984,236,99977,336,99985,236,99963,236,100001,100,99961,100,100005,100,99958,100,100010,100,99957,100,100014,100,99948,100,100021,100,99939,100,100022,100,99935,100,100036,100,99933,100,100048,100,99932,100
2019-06-28 09:30:54.614318477,99984,236,99977,336,99985,136,99963,236,100001,100,99961,100,100005,100,99958,100,100010,100,99957,100,100014,100,99948,100,100021,100,99939,100,100022,100,99935,100,100036,100,99933,100,100048,100,99932,100
2019-06-28 09:31:00.000000000,99984,236,99977,336,100001,236,99963,236,100005,100,99961,100,100010,100,99958,100,100014,100,99957,100,100021,100,99948,100,100022,100,99939,100,100036,100,99935,100,100048,100,99933,100,100054,100,99932,100
2019-06-28 09:31:10.000000000,99984,168,99977,268,100001,168,99963,168,100005,168,99961,168,100010,168,99958,168,100014,100,99957,100,100021,100,99948,100,100022,100,99939,100,100036,100,99935,100,100048,100,99933,100,100054,100,99932,100
2019-06-28 09:31:14.412147431,99984,168,99977,268,100001,168,99963,168,100005,168,99961,168,100010,168,99958,168,100014,100,99957,100,100021,100,99948,100,100022,100,99939,100,100036,100,99935,100,100054,100,99933,100,100056,100,99932,100
2019-06-28 09:31:20.000000000,99984,192,99977,292,100001,189,99963,189,100005,189,99961,189,100010,100,99958,100,100014,100,99957,100,100021,100,99948,100,100022,100,99939,100,100036,100,99935,100,100054,100,99933,100,100056,100,99932,100
2019-06-28 09:31:21.428179012,99984,192,99977,292,100001,189,99963,189,100005,189,99961,189,100010,100,99958,100,100014,100,99957,100,100021,100,99948,100,100022,100,99939,100,100036,100,99935,100,100054,100,99933,100,100056,100,99932,100
2019-06-28 09:31:30.000000000,99984,154,99977,254,100001,154,99963,154,100005,154,99961,154,100010,154,99958,154,100014,154,99957,154,100021,100,99948,100,100022,100,99939,100,100036,100,99935,100,100054,100,99933,100,100056,100,99932,100
2019-06-28 09:31:33.817346598,99984,154,99977,254,100001,154,99963,154,100005,154,99961,154,100010,154,99958,154,100014,154,99957,154,100021,100,99948,100,100022,100,99939,100,100036,100,99935,100,100054,100,99933,100,100056,100,99932,100
2019-06-28 09:31:40.000000000,99984,371,99977,471,100001,100,99963,100,100005,100,99961,100,100010,100,99958,100,100014,100,99957,100,100021,100,99948,100,100022,100,99939,100,100036,100,99935,100,100054,100,99933,100,100056,100,99932,100
2019-06-28 09:31:45.713991899,99984,271,99977,471,100001,100,99963,100,100005,100,99961,100,100010,100,99958,100,100014,100,99957,100,100021,100,99948,100,100022,100,99939,100,100036,100,99935,100,100054,100,99933,100,100056,100,99932,100
2019-06-28 09:31:47.605238740,99984,171,99977,471,100001,100,99963,100,100005,100,99961,100,100010,100,99958,100,100014,100,99957,100,100021,100,99948,100,100022,100,99939,100,100036,100,99935,100,100054,100,99933,100,100056,100,99932,100
2019-06-28 09:31:48.795136307,99984,171,99977,471,100001,100,99963,100,100005,100,99961,100,100010,100,99958,100,100014,100,99957,100,100021,100,99948,100,100022,100,99939,100,100036,100,99935,100,100054,100,99933,100,100056,100,99932,100
2019-06-28 09:31:50.000000000,100001,154,99977,254,100005,154,99963,154,100010,154,99961,154,100014,154,99958,154,100021,154,99957,154,100022,100,99948,100,100036,100,99939,100,100054,100,99935,100,100056,100,99933,100,100066,100,99932,100
2019-06-28 09:31:54.886680627,100001,154,99977,254,100005,154,99963,154,100010,154,99961,154,100014,154,99958,154,100021,154,99957,154,100022,100,99948,100,100036,100,99939,100,100054,100,99935,100,100056,100,99933,100,100066,100,99932,100
2019-06-28 09:32:00.000000000,100001,154,99977,254,100005,154,99963,154,100010,154,99961,154,100014,154,99958,154,100021,154,99957,154,100022,100,99948,100,100036,100,99939,100,100054,100,99935,100,100056,100,99933,100,100066,100,99932,100
2019-06-28 09:32:10.000000000,100001,154,99977,254,100005,154,99963,154,100010,154,99961,154,100014,154,99958,154,100021,154,99957,154,100022,100,99948,100,100036,100,99939,100,100054,100,99935,100,100056,100,99933,100,100066,100,99932,100
2019-06-28 09:32:20.000000000,100001,236,99977,336,100005,236,99963,236,100010,100,99961,100,100014,100,99958,100,100021,100,99957,100,100022,100,99948,100,100036,100,99939,100,100054,100,99935,100,100056,100,99933,100,100066,100,99932,100
2019-06-28 09:32:22.922262897,100001,136,99977,336,100005,236,99963,236,100010,100,99961,100,100014,100,99958,100,100022,100,99957,100,100036,100,99948,100,100054,100,99939,100,100056,100,99935,100,100066,100,99933,100,100088,100,99932,100
2019-06-28 09:32:30.000000000,100005,168,99977,268,100010,168,99963,168,100014,168,99961,168,100022,168,99958,168,100036,100,99957,100,100054,100,99948,100,100056,100,99939,100,100066,100,99935,100,100088,100,99933,100,100104,100,99932,100
2019-06-28 09:32:38.580032670,100005,168,99984,100,100010,168,99977,268,100014,168,99963,168,100022,168,99961,168,100036,100,99958,168,100054,100,99957,100,100056,100,99948,100,100066,100,99939,100,100088,100,99935,100,100104,100,99933,100
2019-06-28 09:32:40.000000000,100005,236,99984,236,100010,236,99977,336,100014,100,99963,100,100022,100,99961,100,100036,100,99958,100,100054,100,99957,100,100056,100,99948,100,100066,100,99939,100,100088,100,99935,100,100104,100,99933,100
2019-06-28 09:32:46.418539425,100005,236,99984,236,100010,236,99977,336,100014,100,99963,100,100022,100,99961,100,100036,100,99958,100,100054,100,99957,100,100056,100,99948,100,100066,100,99939,100,100088,100,99935,100,100104,100,99933,100
2019-06-28 09:32:50.000000000,100005,192,99984,192,100010,189,99977,289,100014,189,99963,189,100022,100,99961,100,100036,100,99958,100,100054,100,99957,100,100056,100,99948,100,100066,100,99939,100,100088,100,99935,100,100104,100,99933,100
2019-06-28 09:32:52.727645565,100005,192,99984,192,100010,189,99977,289,100014,189,99963,189,100022,100,99961,100,100036,100,99958,100,100054,100,99957,100,100056,100,99948,100,100066,100,99939,100,100088,100,99935,100,100104,100,99933,100
2019-06-28 09:33:00.000000000,100005,192,99984,192,100010,189,99977,289,100014,189,99963,189,100022,100,99961,100,100036,100,99958,100,100054,100,99957,100,100056,100,99948,100,100066,100,99939,100,100088,100,99935,100,100104,100,99933,100
2019-06-28 09:33:10.000000000,100005,168,99984,168,100010,168,99977,268,100014,168,99963,168,100022,168,99961,168,100036,100,99958,100,100054,100,99957,100,100056,100,99948,100,100066,100,99939,100,100088,100,99935,100,100104,100,99933,100
2019-06-28 09:33:20.000000000,100005,154,99984,154,100010,154,99977,254,100014,154,99963,154,100022,154,99961,154,100036,154,99958,154,100054,100,99957,100,100056,100,99948,100,100066,100,99939,100,100088,100,99935,100,100104,100,99933,100
2019-06-28 09:33:22.131974520,100005,154,99984,154,100010,154,99977,254,100014,154,99963,154,100022,154,99961,154,100036,154,99958,154,100054,100,99957,100,100056,100,99948,100,100066,100,99939,100,100088,100,99935,100,100104,100,99933,100
2019-06-28 09:33:22.617202961,100005,54,99984,154,100010,154,99977,254,100014,154,99963,154,100022,154,99961,154,100036,154,99958,154,100054,100,99957,100,100056,100,99948,100,100066,100,99939,100,100088,100,99933,100,100104,100,99932,100
2019-06-28 09:33:30.000000000,100010,236,99984,236,100014,236,99977,336,100022,100,99963,100,100036,100,99961,100,100054,100,99958,100,100056,100,99957,100,100066,100,99948,100,100088,100,99939,100,100104,100,99933,100,100127,100,99932,100
2019-06-28 09:33:32.307308999,100010,136,99984,236,100014,236,99977,336,100022,100,99963,100,100036,100,99961,100,100054,100,99958,100,100056,100,99957,100,100066,100,99948,100,100088,100,99939,100,100104,100,99933,100,100127,100,99932,100
2019-06-28 09:33:35.236308635,100010,36,99984,236,100014,236,99977,336,100022,100,99963,100,100036,100,99961,100,100054,100,99958,100,100056,100,99957,100,100066,100,99948,100,100088,100,99939,100,100104,100,99933,100,100127,100,99930,100
2019-06-28 09:33:40.000000000,100014,236,99984,236,100022,236,99977,336,100036,100,99963,100,100054,100,99961,100,100056,100,99958,100,100066,100,99957,100,100088,100,99948,100,100104,100,99939,100,100127,100,99933,100,100146,100,99930,100
2019-06-28 09:33:47.350463959,100014,236,100010,100,100022,236,99984,236,100036,100,99977,336,100054,100,99963,100,100056,100,99961,100,100066,100,99958,100,100088,100,99957,100,100104,100,99948,100,100127,100,99939,100,100146,100,99933,100
2019-06-28 09:33:50.000000000,100014,192,100010,192,100022,189,99984,189,100036,189,99977,289,100054,100,99963,100,100056,100,99961,100,100066,100,99958,100,100088,100,99957,100,100104,100,99948,100,100127,100,99939,100,100146,100,99933,100
2019-06-28 09:34:00.000000000,100014,192,100010,192,100022,189,99984,189,100036,189,99977,289,100054,100,99963,100,100056,100,99961,100,100066,100,99958,100,100088,100,99957,100,100104,100,99948,100,100127,100,99939,100,100146,100,99933,100
2019-06-28 09:34:10.000000000,100014,192,100010,192,100022,189,99984,189,100036,189,99977,289,100054,100,99963,100,100056,100,99961,100,100066,100,99958,100,100088,100,99957,100,100104,100,99948,100,100127,100,99939,100,100146,100,99933,100
2019-06-28 09:34:20.000000000,100014,192,100010,192,100022,189,99984,189,100036,189,99977,289,100054,100,99963,100,100056,100,99961,100,100066,100,99958,100,100088,100,99957,100,100104,100,99948,100,100127,100,99939,100,100146,100,99933,100
2019-06-28 09:34:30.000000000,100014,192,100010,192,100022,189,99984,189,100036,189,99977,289,100054,100,99963,100,100056,100,99961,100,100066,100,99958,100,100088,100,99957,100,100104,100,99948,100,100127,100,99939,100,100146,100,99933,100
2019-06-28 09:34:36.488795419,100014,92,100010,192,100022,189,99984,189,100036,189,99977,289,100054,100,99963,100,100056,100,99961,100,100066,100,99958,100,100088,100,99957,100,100104,100,99948,100,100127,100,99939,100,100146,100,99933,100
2019-06-28 09:34:40.000000000,100022,168,100010,168,100036,168,99984,168,100054,168,99977,268,100056,168,99963,168,100066,100,99961,100,100088,100,99958,100,100104,100,99957,100,100127,100,99948,100,100146,100,99939,100,100157,100,99933,100
2019-06-28 09:34:50.000000000,100022,192,100010,192,100036,189,99984,189,100054,189,99977,289,100056,100,99963,100,100066,100,99961,100,100088,100,99958,100,100104,100,99957,100,100127,100,99948,100,100146,100,99939,100,100157,100,99933,100
2019-06-28 09:34:55.666772012,100022,92,100010,192,100036,189,99984,189,100054,189,99977,289,100056,100,99963,100,100066,100,99961,100,100088,100,99958,100,100127,100,99957,100,100146,100,99948,100,100157,100,99939,100,100165,100,99933,100
2019-06-28 09:34:55.697571500,100022,92,100014,100,100036,189,100010,192,100054,189,99984,189,100056,100,99977,289,100066,100,99963,100,100088,100,99961,100,100127,100,99958,100,100146,100,99957,100,100157,100,99948,100,100165,100,99939,100
2019-06-28 09:35:00.000000000,100036,371,100014,371,100054,100,100010,100,100056,100,99984,100,100066,100,99977,200,100088,100,99963,100,100127,100,99961,100,100146,100,99958,100,100157,100,99957,100,100165,100,99948,100,100167,100,99939,100
2019-06-28 09:35:06.282898442,100036,371,100014,371,100054,100,100010,100,100056,100,99984,100,100066,100,99977,200,100088,100,99963,100,100127,100,99961,100,100146,100,99958,100,100157,100,99957,100,100167,100,99948,100,100179,100,99939,100
2019-06-28 09:35:10.000000000,100036,168,100014,168,100054,168,100010,168,100056,168,99984,168,100066,168,99977,268,100088,100,99963,100,100127,100,99961,100,100146,100,99958,100,100157,100,99957,100,100167,100,99948,100,100179,100,99939,100
2019-06-28 09:35:20.000000000,100036,192,100014,192,100054,189,100010,189,100056,189,99984,189,100066,100,99977,200,100088,100,99963,100,100127,100,99961,100,100146,100,99958,100,100157,100,99957,100,100167,100,99948,100,100179,100,99939,100
2019-06-28 09:35:30.000000000,100036,168,100014,168,100054,168,100010,168,100056,168,99984,168,100066,168,99977,268,100088,100,99963,100,100127,100,99961,100,100146,100,99958,100,100157,100,99957,100,100167,100,99948,100,100179,100,99939,100
2019-06-28 09:35:32.473550731,100036,168,100014,168,100054,168,100010,168,100056,168,99984,168,100066,168,99977,268,100088,100,99963,100,100127,100,99961,100,100146,100,99958,100,100157,100,99957,100,100167,100,99948,100,100179,100,99933,100
2019-06-28 09:35:40.000000000,100036,236,100014,236,100054,236,100010,236,100056,100,99984,100,100066,100,99977,200,100088,100,99963,100,100127,100,99961,100,100146,100,99958,100,100157,100,99957,100,100167,100,99948,100,100179,100,99933,100
2019-06-28 09:35:48.169410444,100036,236,100014,236,100054,236,100010,236,100056,100,99984,100,100066,100,99977,200,100088,100,99963,100,100127,100,99961,100,100157,100,99958,100,100167,100,99957,100,100179,100,99948,100,100314,100,99933,100
2019-06-28 09:35:50.000000000,100036,236,100014,236,100054,236,100010,236,100056,100,99984,100,100066,100,99977,200,100088,100,99963,100,100127,100,99961,100,100157,100,99958,100,100167,100,99957,100,100179,100,99948,100,100314,100,99933,100
2019-06-28 09:35:55.951230062,100036,136,100014,236,100054,236,100010,236,100056,100,99984,100,100066,100,99977,200,100088,100,99963,100,100127,100,99961,100,100157,100,99958,100,100167,100,99957,100,100179,100,99948,100,100314,100,99933,100
2019-06-28 09:36:00.000000000,100054,168,100014,168,100056,168,100010,168,100066,168,99984,168,100088,168,99977,268,100127,100,99963,100,100157,100,99961,100,100167,100,99958,100,100179,100,99957,100,100314,100,99948,100,100341,100,99933,100
2019-06-28 09:36:00.199353606,100054,68,100014,168,100056,168,100010,168,100066,168,99984,168,100088,168,99977,268,100127,100,99963,100,100157,100,99961,100,100167,100,99958,100,100179,100,99948,100,100314,100,99933,100,100341,100,99930,100
2019-06-28 09:36:06.078342060,100054,68,100014,168,100056,168,100010,168,100066,168,99984,168,100088,168,99977,268,100127,100,99963,100,100157,100,99961,100,100167,100,99958,100,100179,100,99948,100,100314,100,99933,100,100341,100,99930,100
2019-06-28 09:36:10.000000000,100056,371,100014,371,100066,100,100010,100,100088,100,99984,100,100127,100,99977,200,100157,100,99963,100,100167,100,99961,100,100179,100,99958,100,100314,100,99948,100,100341,100,99933,100,100351,100,99930,100
2019-06-28 09:36:13.449366293,100056,271,100014,371,100066,100,100010,100,100088,100,99984,100,100127,100,99977,200,100157,100,99963,100,100179,100,99961,100,100314,100,99958,100,100341,100,99948,100,100351,100,99933,100,100392,100,99930,100
2019-06-28 09:36:20.000000000,100066,236,100014,236,100088,236,100010,236,100127,100,99984,100,100157,100,99977,200,100179,100,99963,100,100314,100,99961,100,100341,100,99958,100,100351,100,99948,100,100392,100,99933,100,100639,100,99930,100
2019-06-28 09:36:30.000000000,100066,192,100014,192,100088,189,100010,189,100127,189,99984,189,100157,100,99977,200,100179,100,99963,100,100314,100,99961,100,100341,100,99958,100,100351,100,99948,100,100392,100,99933,100,100639,100,99930,100
2019-06-28 09:36:40.000000000,100066,236,100014,236,100088,236,100010,236,100127,100,99984,100,100157,100,99977,200,100179,100,99963,100,100314,100,99961,100,100341,100,99958,100,100351,100,99948,100,100392,100,99933,100,100639,100,99930,100
2019-06-28 09:36:50.000000000,100066,168,100014,168,100088,168,100010,168,100127,168,99984,168,100157,168,99977,268,100179,100,99963,100,100314,100,99961,100,100341,100,99958,100,100351,100,99948,100,100392,100,99933,100,100639,100,99930,100
2019-06-28 09:36:51.141593469,100066,68,100014,168,100088,168,100010,168,100127,168,99984,168,100157,168,99977,268,100179,100,99963,100,100341,100,99961,100,100351,100,99958,100,100392,100,99948,100,100639,100,99933,100,100853,100,99930,100
2019-06-28 09:36:57.822001837,100066,68,100056,100,100088,168,100014,168,100127,168,100010,168,100157,168,99984,168,100179,100,99977,268,100341,100,99963,100,100351,100,99961,100,100392,100,99958,100,100639,100,99948,100,100853,100,99933,100
2019-06-28 09:37:00.000000000,100088,371,100056,371,100127,100,100014,100,100157,100,100010,100,100179,100,99984,100,100341,100,99977,200,100351,100,99963,100,100392,100,99961,100,100639,100,99958,100,100853,100,99948,100,101166,100,99933,100
2019-06-28 09:37:00.151077248,100088,271,100056,371,100127,100,100014,100,100157,100,100010,100,100179,100,99984,100,100341,100,99977,200,100351,100,99963,100,100392,100,99961,100,100639,100,99958,100,100853,100,99948,100,101166,100,99933,100
2019-06-28 09:37:10.000000000,100127,168,100056,168,100157,168,100014,168,100179,168,100010,168,100341,168,99984,168,100351,100,99977,200,100392,100,99963,100,100639,100,99961,100,100853,100,99958,100,101166,100,99948,100,101477,100,99933,100
2019-06-28 09:37:18.787577882,100127,168,100066,100,100157,168,100056,168,100179,168,100014,168,100341,168,100010,168,100351,100,99984,168,100392,100,99977,200,100639,100,99963,100,100853,100,99961,100,101166,100,99958,100,101477,100,99948,100
2019-06-28 09:37:20.000000000,100127,371,100066,371,100157,100,100056,100,100179,100,100014,100,100341,100,100010,100,100351,100,99984,100,100392,100,99977,200,100639,100,99963,100,100853,100,99961,100,101166,100,99958,100,101477,100,99948,100
2019-06-28 09:37:22.795318244,100127,371,100066,371,100157,100,100056,100,100179,100,100014,100,100341,100,100010,100,100351,100,99984,100,100392,100,99977,200,100639,100,99963,100,100853,100,99961,100,101166,100,99958,100,101352,100,99948,100
2019-06-28 09:37:30.000000000,100127,154,100066,154,100157,154,100056,154,100179,154,100014,154,100341,154,100010,154,100351,154,99984,154,100392,100,99977,200,100639,100,99963,100,100853,100,99961,100,101166,100,99958,100,101352,100,99948,100
2019-06-28 09:37:31.221660016,100127,154,100066,154,100157,154,100056,154,100179,154,100014,154,100341,154,100010,154,100351,154,99984,154,100392,100,99977,200,100639,100,99963,100,100853,100,99961,100,101352,100,99958,100,101477,100,99948,100
2019-06-28 09:37:40.000000000,100127,154,100066,154,100157,154,100056,154,100179,154,100014,154,100341,154,100010,154,100351,154,99984,154,100392,100,99977,200,100639,100,99963,100,100853,100,99961,100,101352,100,99958,100,101477,100,99948,100
2019-06-28 09:37:50.000000000,100127,168,100066,168,100157,168,100056,168,100179,168,100014,168,100341,168,100010,168,100351,100,99984,100,100392,100,99977,200,100639,100,99963,100,100853,100,99961,100,101352,100,99958,100,101477,100,99948,100
2019-06-28 09:38:00.000000000,100127,168,100066,168,100157,168,100056,168,100179,168,100014,168,100341,168,100010,168,100351,100,99984,100,100392,100,99977,200,100639,100,99963,100,100853,100,99961,100,101352,100,99958,100,101477,100,99948,100
2019-06-28 09:38:10.000000000,100127,168,100066,168,100157,168,100056,168,100179,168,100014,168,100341,168,100010,168,100351,100,99984,100,100392,100,99977,200,100639,100,99963,100,100853,100,99961,100,101352,100,99958,100,101477,100,99948,100
2019-06-28 09:38:10.305816540,100127,168,100066,168,100157,168,100056,168,100179,168,100014,168,100341,168,100010,168,100351,100,99984,100,100392,100,99977,100,100639,100,99963,100,100853,100,99961,100,101171,100,99958,100,101352,100,99948,100
2019-06-28 09:38:11.052085279,100127,68,100066,168,100157,168,100056,168,100179,168,100014,168,100341,168,100010,168,100351,100,99984,100,100392,100,99977,100,100639,100,99963,100,100853,100,99961,100,101171,100,99958,100,101352,100,99948,100
2019-06-28 09:38:17.225967410,100157,168,100127,32,100179,168,100066,168,100341,168,100056,168,100351,100,100014,168,100392,100,100010,168,100639,100,99984,100,100853,100,99977,100,101171,100,99963,100,101352,100,99961,100,101477,100,99958,100
2019-06-28 09:38:19.204285967,100157,168,100127,32,100179,168,100066,168,100341,168,100056,168,100351,100,100014,168,100392,100,100010,168,100639,100,99984,100,100853,100,99977,100,101171,100,99963,100,101204,100,99961,100,101352,100,99958,100
2019-06-28 09:38:20.000000000,100157,371,100127,303,100179,100,100066,100,100341,100,100056,100,100351,100,100014,100,100392,100,100010,100,100639,100,99984,100,100853,100,99977,100,101171,100,99963,100,101204,100,99961,100,101352,100,99958,100
2019-06-28 09:38:26.830737860,100157,271,100127,303,100179,100,100066,100,100341,100,100056,100,100351,100,100014,100,100392,100,100010,100,100639,100,99984,100,100853,100,99977,100,101171,100,99963,100,101204,100,99958,100,101352,100,99948,100
2019-06-28 09:38:28.759952906,100157,271,100128,100,100179,100,100127,303,100341,100,100066,100,100351,100,100056,100,100392,100,100014,100,100639,100,100010,100,100853,100,99984,100,101171,100,99977,100,101204,100,99963,100,101352,100,99958,100
2019-06-28 09:38:30.000000000,100179,168,100128,168,100341,168,100127,100,100351,168,100066,168,100392,168,100056,168,100639,100,100014,100,100853,100,100010,100,101171,100,99984,100,101204,100,99977,100,101352,100,99963,100,101477,100,99958,100
2019-06-28 09:38:40.000000000,100179,236,100128,236,100341,236,100127,168,100351,100,100066,100,100392,100,100056,100,100639,100,100014,100,100853,100,100010,100,101171,100,99984,100,101204,100,99977,100,101352,100,99963,100,101477,100,99958,100
2019-06-28 09:38:43.548369731,100179,236,100128,236,100341,236,100127,168,100351,100,100066,100,100392,100,100056,100,100639,100,100014,100,100853,100,100010,100,101171,100,99984,100,101204,100,99977,100,101352,100,99963,100,101381,100,99958,100
2019-06-28 09:38:50.000000000,100179,371,100128,371,100341,100,100127,32,100351,100,100066,100,100392,100,100056,100,100639,100,100014,100,100853,100,100010,100,101171,100,99984,100,101204,100,99977,100,101352,100,99963,100,101381,100,99958,100
2019-06-28 09:38:54.266979096,100179,371,100128,471,100341,100,100127,32,100351,100,100066,100,100392,100,100056,100,100639,100,100014,100,100853,100,100010,100,101171,100,99984,100,101204,100,99977,100,101352,100,99963,100,101381,100,99958,100
2019-06-28 09:39:00.000000000,100179,154,100128,254,100341,154,100127,86,100351,154,100066,154,100392,154,100056,154,100639,154,100014,154,100853,100,100010,100,101171,100,99984,100,101204,100,99977,100,101352,100,99963,100,101381,100,99958,100
2019-06-28 09:39:10.000000000,100179,168,100128,268,100341,168,100127,100,100351,168,100066,168,100392,168,100056,168,100639,100,100014,100,100853,100,100010,100,101171,100,99984,100,101204,100,99977,100,101352,100,99963,100,101381,100,99958,100
2019-06-28 09:39:15.346708094,100179,168,100128,368,100341,168,100127,100,100351,168,100066,168,100392,168,100056,168,100639,100,100014,100,100853,100,100010,100,101171,100,99984,100,101204,100,99977,100,101352,100,99963,100,101381,100,99958,100
2019-06-28 09:39:20.000000000,100179,236,100128,436,100341,236,100127,168,100351,100,100066,100,100392,100,100056,100,100639,100,100014,100,100853,100,100010,100,101171,100,99984,100,101204,100,99977,100,101352,100,99963,100,101381,100,99958,100
2019-06-28 09:39:25.339058777,100179,236,100128,436,100341,236,100127,168,100351,100,100066,100,100392,100,100056,100,100639,100,100014,100,100853,100,100010,100,101171,100,99984,100,101204,100,99977,100,101278,100,99963,100,101352,100,99958,100
2019-06-28 09:39:30.000000000,100179,371,100128,571,100341,100,100127,32,100351,100,100066,100,100392,100,100056,100,100639,100,100014,100,100853,100,100010,100,101171,100,99984,100,101204,100,99977,100,101278,100,99963,100,101352,100,99958,100
2019-06-28 09:39:40.000000000,100179,168,100128,368,100341,168,100127,100,100351,168,100066,168,100392,168,100056,168,100639,100,100014,100,100853,100,100010,100,101171,100,99984,100,101204,100,99977,100,101278,100,99963,100,101352,100,99958,100
2019-06-28 09:39:50.000000000,100179,236,100128,436,100341,236,100127,168,100351,100,100066,100,100392,100,100056,100,100639,100,100014,100,100853,100,100010,100,101171,100,99984,100,101204,100,99977,100,101278,100,99963,100,101352,100,99958,100
2019-06-28 09:40:00.000000000,100179,192,100128,392,100341,189,100127,121,100351,189,100066,189,100392,100,100056,100,100639,100,100014,100,100853,100,100010,100,101171,100,99984,100,101204,100,99977,100,101278,100,99963,100,101352,100,99958,100
2019-06-28 09:40:10.000000000,100179,154,100128,354,100341,154,100127,86,100351,154,100066,154,100392,154,100056,154,100639,154,100014,154,100853,100,100010,100,101171,100,99984,100,101204,100,99977,100,101278,100,99963,100,101352,100,99958,100
2019-06-28 09:40:20.000000000,100179,192,100128,392,100341,189,100127,121,100351,189,100066,189,100392,100,100056,100,100639,100,100014,100,100853,100,100010,100,101171,100,99984,100,101204,100,99977,100,101278,100,99963,100,101352,100,99958,100
2019-06-28 09:40:22.896108575,100179,192,100128,392,100341,189,100127,121,100351,189,100066,189,100392,100,100056,100,100639,100,100014,100,100853,100,100010,100,100867,100,99984,100,101171,100,99977,100,101204,100,99963,100,101278,100,99958,100
2019-06-28 09:40:28.805235405,100179,92,100128,392,100341,189,100127,121,100351,189,100066,189,100392,100,100056,100,100639,100,100014,100,100853,100,100010,100,100867,100,99984,100,101171,100,99977,100,101204,100,99963,100,101278,100,99958,100
2019-06-28 09:40:30.000000000,100341,192,100128,392,100351,189,100127,121,100392,189,100066,189,100639,100,100056,100,100853,100,100014,100,100867,100,100010,100,101171,100,99984,100,101204,100,99977,100,101278,100,99963,100,101352,100,99958,100
2019-06-28 09:40:40.000000000,100341,371,100128,571,100351,100,100127,32,100392,100,100066,100,100639,100,100056,100,100853,100,100014,100,100867,100,100010,100,101171,100,99984,100,101204,100,99977,100,101278,100,99963,100,101352,100,99958,100
2019-06-28 09:40:41.350510519,100341,371,100128,571,100351,100,100127,32,100392,100,100066,100,100639,100,100056,100,100853,100,100014,100,100867,100,100010,100,101171,100,99977,100,101204,100,99963,100,101278,100,99958,100,101352,100,99948,100
2019-06-28 09:40:43.831211079,100341,371,100128,571,100351,100,100127,32,100392,100,100066,100,100639,100,100056,100,100853,100,100014,100,100867,100,100010,100,101140,100,99977,100,101171,100,99963,100,101204,100,99958,100,101278,100,99948,100
2019-06-28 09:40:46.288808119,100341,271,100128,571,100351,100,100127,32,100392,100,100066,100,100639,100,100056,100,100853,100,100014,100,100867,100,100010,100,101140,100,99977,100,101171,100,99963,100,101204,100,99958,100,101278,100,99948,100
2019-06-28 09:40:46.432643802,100341,171,100128,571,100351,100,100127,32,100392,100,100066,100,100639,100,100056,100,100853,100,100014,100,100867,100,100010,100,101140,100,99977,100,101171,100,99963,100,101204,100,99958,100,101278,100,99948,100
2019-06-28 09:40:50.000000000,100351,192,100128,392,100392,189,100127,121,100639,189,100066,189,100853,100,100056,100,100867,100,100014,100,101140,100,100010,100,101171,100,99977,100,101204,100,99963,100,101278,100,99958,100,101381,100,99948,100
2019-06-28 09:40:51.594145788,100351,192,100128,392,100392,189,100127,121,100639,189,100066,189,100853,100,100056,100,100867,100,100014,100,100943,100,100010,100,101140,100,99977,100,101171,100,99963,100,101204,100,99958,100,101278,100,99948,100
2019-06-28 09:41:00.000000000,100351,236,100128,436,100392,236,100127,168,100639,100,100066,100,100853,100,100056,100,100867,100,100014,100,100943,100,100010,100,101140,100,99977,100,101171,100,99963,100,101204,100,99958,100,101278,100,99948,100
2019-06-28 09:41:10.000000000,100351,236,100128,436,100392,236,100127,168,100639,100,100066,100,100853,100,100056,100,100867,100,100014,100,100943,100,100010,100,101140,100,99977,100,101171,100,99963,100,101204,100,99958,100,101278,100,99948,100
2019-06-28 09:41:14.936487605,100351,136,100128,436,100392,236,100127,168,100639,100,100066,100,100853,100,100056,100,100867,100,100014,100,100943,100,100010,100,101140,100,99977,100,101171,100,99963,100,101204,100,99958,100,101278,100,99948,100
2019-06-28 09:41:18.000746946,100351,136,100341,100,100392,236,100128,436,100639,100,100127,168,100853,100,100066,100,100867,100,100056,100,100943,100,100014,100,101140,100,100010,100,101171,100,99977,100,101204,100,99963,100,101278,100,99958,100
2019-06-28 09:41:20.000000000,100392,371,100341,371,100639,100,100128,300,100853,100,100127,32,100867,100,100066,100,100943,100,100056,100,101140,100,100014,100,101171,100,100010,100,101204,100,99977,100,101278,100,99963,100,101381,100,99958,100
2019-06-28 09:41:30.000000000,100392,192,100341,192,100639,189,100128,389,100853,189,100127,121,100867,100,100066,100,100943,100,100056,100,101140,100,100014,100,101171,100,100010,100,101204,100,99977,100,101278,100,99963,100,101381,100,99958,100
2019-06-28 09:41:40.000000000,100392,192,100341,192,100639,189,100128,389,100853,189,100127,121,100867,100,100066,100,100943,100,100056,100,101140,100,100014,100,101171,100,100010,100,101204,100,99977,100,101278,100,99963,100,101381,100,99958,100
2019-06-28 09:41:44.783758882,100392,192,100341,292,100639,189,100128,389,100853,189,100127,121,100867,100,100066,100,100943,100,100014,100,101140,100,100010,100,101171,100,99977,100,101204,100,99963,100,101278,100,99958,100,101381,100,99948,100
2019-06-28 09:41:50.000000000,100392,236,100341,336,100639,236,100128,436,100853,100,100127,32,100867,100,100066,100,100943,100,100014,100,101140,100,100010,100,101171,100,99977,100,101204,100,99963,100,101278,100,99958,100,101381,100,99948,100
2019-06-28 09:41:55.809644385,100392,136,100341,336,100639,236,100128,436,100853,100,100127,32,100867,100,100066,100,100943,100,100014,100,101140,100,100010,100,101171,100,99977,100,101204,100,99963,100,101278,100,99958,100,101381,100,99948,100
2019-06-28 09:42:00.000000000,100639,168,100341,268,100853,168,100128,368,100867,168,100127,100,100943,168,100066,168,101140,100,100014,100,101171,100,100010,100,101204,100,99977,100,101278,100,99963,100,101381,100,99958,100,101574,100,99948,100
2019-06-28 09:42:10.000000000,100639,154,100341,254,100853,154,100128,354,100867,154,100127,86,100943,154,100066,154,101140,154,100014,154,101171,100,100010,100,101204,100,99977,100,101278,100,99963,100,101381,100,99958,100,101574,100,99948,100
2019-06-28 09:42:20.000000000,100639,192,100341,292,100853,189,100128,389,100867,189,100127,121,100943,100,100066,100,101140,100,100014,100,101171,100,100010,100,101204,100,99977,100,101278,100,99963,100,101381,100,99958,100,101574,100,99948,100
2019-06-28 09:42:30.000000000,100639,192,100341,292,100853,189,100128,389,100867,189,100127,121,100943,100,100066,100,101140,100,100014,100,101171,100,100010,100,101204,100,99977,100,101278,100,99963,100,101381,100,99958,100,101574,100,99948,100
2019-06-28 09:42:40.000000000,100639,154,100341,254,100853,154,100128,354,100867,154,100127,86,100943,154,100066,154,101140,154,100014,154,101171,100,100010,100,101204,100,99977,100,101278,100,99963,100,101381,100,99958,100,101574,100,99948,100
2019-06-28 09:42:50.000000000,100639,192,100341,292,100853,189,100128,389,100867,189,100127,121,100943,100,100066,100,101140,100,100014,100,101171,100,100010,100,101204,100,99977,100,101278,100,99963,100,101381,100,99958,100,101574,100,99948,100
2019-06-28 09:43:00.000000000,100639,154,100341,254,100853,154,100128,354,100867,154,100127,86,100943,154,100066,154,101140,154,100014,154,101171,100,100010,100,101204,100,99977,100,101278,100,99963,100,101381,100,99958,100,101574,100,99948,100
2019-06-28 09:43:03.365568967,100639,54,100341,254,100853,154,100128,354,100867,154,100127,86,100943,154,100066,154,101140,154,100014,154,101171,100,100010,100,101204,100,99977,100,101278,100,99963,100,101574,100,99958,100,,,99948,100
2019-06-28 09:43:10.000000000,100853,371,100341,471,100867,100,100128,300,100943,100,100127,32,101140,100,100066,100,101171,100,100014,100,101204,100,100010,100,101278,100,99977,100,101574,100,99963,100,,,99958,100,,,99948,100
2019-06-28 09:43:20.000000000,100853,154,100341,254,100867,154,100128,354,100943,154,100127,86,101140,154,100066,154,101171,154,100014,154,101204,100,100010,100,101278,100,99977,100,101574,100,99963,100,,,99958,100,,,99948,100
2019-06-28 09:43:26.935552954,100853,154,100341,254,100854,100,100128,354,100867,154,100127,86,100943,154,100066,154,101140,154,100014,154,101171,154,100010,100,101204,100,99977,100,101278,100,99963,100,101574,100,99958,100,,,99948,100
2019-06-28 09:43:30.000000000,100853,154,100341,254,100854,154,100128,354,100867,154,100127,86,100943,154,100066,154,101140,154,100014,154,101171,100,100010,100,101204,100,99977,100,101278,100,99963,100,101574,100,99958,100,,,99948,100
2019-06-28 09:43:40.000000000,100853,192,100341,292,100854,189,100128,389,100867,189,100127,121,100943,100,100066,100,101140,100,100014,100,101171,100,100010,100,101204,100,99977,100,101278,100,99963,100,101574,100,99958,100,,,99948,100
2019-06-28 09:43:40.849058054,100853,192,100341,292,100854,189,100128,389,100867,189,100127,121,100943,100,100066,100,101092,100,100014,100,101140,100,100010,100,101171,100,99977,100,101204,100,99963,100,101278,100,99958,100,101574,100,99948,100
2019-06-28 09:43:50.000000000,100853,236,100341,336,100854,236,100128,436,100867,100,100127,32,100943,100,100066,100,101092,100,100014,100,101140,100,100010,100,101171,100,99977,100,101204,100,99963,100,101278,100,99958,100,101574,100,99948,100
2019-06-28 09:43:59.507463531,100853,236,100665,100,100854,236,100341,336,100867,100,100128,436,100943,100,100127,32,101092,100,100066,100,101140,100,100014,100,101171,100,100010,100,101204,100,99977,100,101278,100,99963,100,101574,100,99958,100
2019-06-28 09:44:00.000000000,100853,192,100665,192,100854,189,100341,289,100867,189,100128,389,100943,100,100127,32,101092,100,100066,100,101140,100,100014,100,101171,100,100010,100,101204,100,99977,100,101278,100,99963,100,101574,100,99958,100
2019-06-28 09:44:09.291336624,100853,192,100733,100,100854,189,100665,192,100867,189,100341,289,100943,100,100128,389,101092,100,100127,32,101140,100,100066,100,101171,100,100014,100,101204,100,100010,100,101278,100,99977,100,101574,100,99963,100
2019-06-28 09:44:09.914962048,100853,192,100733,100,100854,189,100665,192,100867,189,100341,289,100943,100,100128,389,101001,100,100127,32,101092,100,100066,100,101140,100,100014,100,101171,100,100010,100,101204,100,99977,100,101278,100,99963,100
2019-06-28 09:44:10.000000000,100853,236,100733,236,100854,236,100665,236,100867,100,100341,200,100943,100,100128,300,101001,100,100127,32,101092,100,100066,100,101140,100,100014,100,101171,100,100010,100,101204,100,99977,100,101278,100,99963,100
2019-06-28 09:44:18.144623030,100853,236,100733,236,100854,236,100665,236,100867,100,100657,100,100943,100,100341,200,101001,100,100128,300,101092,100,100127,32,101140,100,100066,100,101171,100,100014,100,101204,100,100010,100,101278,100,99977,100
2019-06-28 09:44:20.000000000,100853,154,100733,154,100854,154,100665,154,100867,154,100657,154,100943,154,100341,254,101001,154,100128,354,101092,100,100127,32,101140,100,100066,100,101171,100,100014,100,101204,100,100010,100,101278,100,99977,100
2019-06-28 09:44:20.592789394,100853,154,100733,154,100854,154,100665,154,100867,154,100657,154,100869,100,100341,254,100943,154,100128,354,101001,154,100127,32,101092,100,100066,100,101140,100,100014,100,101171,100,100010,100,101204,100,99977,100
2019-06-28 09:44:30.000000000,100853,192,100733,192,100854,189,100665,189,100867,189,100657,189,100869,100,100341,200,100943,100,100128,300,101001,100,100127,32,101092,100,100066,100,101140,100,100014,100,101171,100,100010,100,101204,100,99977,100
2019-06-28 09:44:40.000000000,100853,236,100733,236,100854,236,100665,236,100867,100,100657,100,100869,100,100341,200,100943,100,100128,300,101001,100,100127,32,101092,100,100066,100,101140,100,100014,100,101171,100,100010,100,101204,100,99977,100
2019-06-28 09:44:50.000000000,100853,192,100733,192,100854,189,100665,189,100867,189,100657,189,100869,100,100341,200,100943,100,100128,300,101001,100,100127,32,101092,100,100066,100,101140,100,100014,100,101171,100,100010,100,101204,100,99977,100
2019-06-28 09:45:00.000000000,100853,371,100733,371,100854,100,100665,100,100867,100,100657,100,100869,100,100341,200,100943,100,100128,300,101001,100,100127,32,101092,100,100066,100,101140,100,100014,100,101171,100,100010,100,101204,100,99977,100
2019-06-28 09:45:10.000000000,100853,154,100733,154,100854,154,100665,154,100867,154,100657,154,100869,154,100341,254,100943,154,100128,354,101001,100,100127,32,101092,100,100066,100,101140,100,100014,100,101171,100,100010,100,101204,100,99977,100
2019-06-28 09:45:20.000000000,100853,154,100733,154,100854,154,100665,154,100867,154,100657,154,100869,154,100341,254,100943,154,100128,354,101001,100,100127,32,101092,100,100066,100,101140,100,100014,100,101171,100,100010,100,101204,100,99977,100
2019-06-28 09:45:29.815361535,100853,154,100733,54,100854,154,100665,154,100867,154,100657,154,100869,154,100341,254,100943,154,100128,354,101001,100,100127,32,101092,100,100066,100,101140,100,100014,100,101171,100,100010,100,101204,100,99977,100
2019-06-28 09:45:30.000000000,100853,154,100665,154,100854,154,100657,154,100867,154,100341,254,100869,154,100128,354,100943,154,100127,86,101001,100,100066,100,101092,100,100014,100,101140,100,100010,100,101171,100,99977,100,101204,100,99963,100
2019-06-28 09:45:36.969045231,100853,154,100665,154,100854,154,100657,154,100867,154,100341,254,100869,154,100128,354,100943,154,100127,86,101001,100,100066,100,101092,100,100014,100,101140,100,100010,100,101171,100,99977,100,101278,100,99963,100
2019-06-28 09:45:40.000000000,100853,168,100665,168,100854,168,100657,168,100867,168,100341,268,100869,168,100128,368,100943,100,100127,32,101001,100,100066,100,101092,100,100014,100,101140,100,100010,100,101171,100,99977,100,101278,100,99963,100
2019-06-28 09:45:50.000000000,100853,154,100665,154,100854,154,100657,154,100867,154,100341,254,100869,154,100128,354,100943,154,100127,86,101001,100,100066,100,101092,100,100014,100,101140,100,100010,100,101171,100,99977,100,101278,100,99963,100
2019-06-28 09:45:56.023375142,100853,154,100665,154,100854,154,100657,154,100867,154,100341,254,100869,154,100128,354,100943,154,100127,86,101001,100,100066,100,101092,100,100014,100,101140,100,100010,100,101171,100,99977,100,101278,100,99963,100
2019-06-28 09:46:00.000000000,100853,154,100665,154,100854,154,100657,154,100867,154,100341,254,100869,154,100128,354,100943,154,100127,86,101001,100,100066,100,101092,100,100014,100,101140,100,100010,100,101171,100,99977,100,101278,100,99963,100
2019-06-28 09:46:00.252228568,100853,154,100665,154,100854,154,100657,154,100867,154,100341,254,100869,154,100128,354,100943,154,100127,86,101001,100,100066,100,101092,100,100014,100,101140,100,100010,100,101171,100,99977,100,101278,100,99963,100
2019-06-28 09:46:10.000000000,100853,371,100665,371,100854,100,100657,100,100867,100,100341,200,100869,100,100128,300,100943,100,100127,32,101001,100,100066,100,101092,100,100014,100,101140,100,100010,100,101171,100,99977,100,101278,100,99963,100
2019-06-28 09:46:20.000000000,100853,154,100665,154,100854,154,100657,154,100867,154,100341,254,100869,154,100128,354,100943,154,100127,86,101001,100,100066,100,101092,100,100014,100,101140,100,100010,100,101171,100,99977,100,101278,100,99963,100
2019-06-28 09:46:21.161345846,100853,154,100665,54,100854,154,100657,154,100867,154,100341,254,100869,154,100128,354,100943,154,100127,86,101001,100,100066,100,101092,100,100014,100,101140,100,100010,100,101171,100,99977,100,101278,100,99963,100
2019-06-28 09:46:30.000000000,100853,154,100657,154,100854,154,100341,254,100867,154,100128,354,100869,154,100127,86,100943,154,100066,154,101001,100,100014,100,101092,100,100010,100,101140,100,99977,100,101171,100,99963,100,101278,100,99958,100
2019-06-28 09:46:34.711619165,100853,154,100657,54,100854,154,100341,254,100867,154,100128,354,100869,154,100127,86,100943,154,100066,154,101001,100,100014,100,101092,100,100010,100,101140,100,99977,100,101171,100,99963,100,101278,100,99958,100
2019-06-28 09:46:40.000000000,100853,371,100341,471,100854,100,100128,300,100867,100,100127,32,100869,100,100066,100,100943,100,100014,100,101001,100,100010,100,101092,100,99977,100,101140,100,99963,100,101171,100,99958,100,101278,100,99948,100
2019-06-28 09:46:45.144275369,100853,371,100341,471,100854,100,100128,300,100867,100,100127,32,100869,100,100066,100,100943,100,100014,100,101001,100,100010,100,101092,100,99977,100,101140,100,99963,100,101171,100,99958,100,101278,100,99948,100
2019-06-28 09:46:46.834687659,100665,100,100341,371,100853,371,100128,300,100854,100,100127,32,100867,100,100066,100,100869,100,100014,100,100943,100,100010,100,101001,100,99977,100,101092,100,99963,100,101140,100,99958,100,101171,100,99948,100
2019-06-28 09:46:50.000000000,100665,371,100341,371,100853,100,100128,300,100854,100,100127,32,100867,100,100066,100,100869,100,100014,100,100943,100,100010,100,101001,100,99977,100,101092,100,99963,100,101140,100,99958,100,101171,100,99948,100
2019-06-28 09:47:00.000000000,100665,192,100341,192,100853,189,100128,389,100854,189,100127,121,100867,100,100066,100,100869,100,100014,100,100943,100,100010,100,101001,100,99977,100,101092,100,99963,100,101140,100,99958,100,101171,100,99948,100
2019-06-28 09:47:03.926135544,100665,192,100341,192,100853,189,100128,389,100854,189,100127,121,100867,100,100066,100,100869,100,100014,100,101001,100,100010,100,101092,100,99977,100,101140,100,99963,100,101171,100,99958,100,101278,100,99948,100
2019-06-28 09:47:04.677020587,100665,292,100341,192,100853,189,100128,389,100854,189,100127,121,100867,100,100066,100,100869,100,100014,100,101001,100,100010,100,101092,100,99977,100,101140,100,99963,100,101171,100,99958,100,101278,100,99948,100
2019-06-28 09:47:10.000000000,100665,471,100341,371,100853,100,100128,300,100854,100,100127,32,100867,100,100066,100,100869,100,100014,100,101001,100,100010,100,101092,100,99977,100,101140,100,99963,100,101171,100,99958,100,101278,100,99948,100
2019-06-28 09:47:20.000000000,100665,471,100341,371,100853,100,100128,300,100854,100,100127,32,100867,100,100066,100,100869,100,100014,100,101001,100,100010,100,101092,100,99977,100,101140,100,99963,100,101171,100,99958,100,101278,100,99948,100
2019-06-28 09:47:30.000000000,100665,254,100341,154,100853,154,100128,354,100854,154,100127,86,100867,154,100066,154,100869,154,100014,154,101001,100,100010,100,101092,100,99977,100,101140,100,99963,100,101171,100,99958,100,101278,100,99948,100
2019-06-28 09:47:40.000000000,100665,336,100341,236,100853,236,100128,436,100854,100,100127,32,100867,100,100066,100,100869,100,100014,100,101001,100,100010,100,101092,100,99977,100,101140,100,99963,100,101171,100,99958,100,101278,100,99948,100
2019-06-28 09:47:50.000000000,100665,336,100341,236,100853,236,100128,436,100854,100,100127,32,100867,100,100066,100,100869,100,100014,100,101001,100,100010,100,101092,100,99977,100,101140,100,99963,100,101171,100,99958,100,101278,100,99948,100
2019-06-28 09:47:58.062691037,100665,336,100341,136,100853,236,100128,436,100854,100,100127,32,100867,100,100066,100,100869,100,100014,100,101001,100,100010,100,101092,100,99977,100,101140,100,99963,100,101171,100,99958,100,101278,100,99948,100
2019-06-28 09:48:00.000000000,100665,471,100128,571,100853,100,100127,32,100854,100,100066,100,100867,100,100014,100,100869,100,100010,100,101001,100,99977,100,101092,100,99963,100,101140,100,99958,100,101171,100,99948,100,101278,100,99926,200
2019-06-28 09:48:10.000000000,100665,292,100128,392,100853,189,100127,121,100854,189,100066,189,100867,100,100014,100,100869,100,100010,100,101001,100,99977,100,101092,100,99963,100,101140,100,99958,100,101171,100,99948,100,101278,100,99926,200
2019-06-28 09:48:20.000000000,100665,268,100128,368,100853,168,100127,100,100854,168,100066,168,100867,168,100014,168,100869,100,100010,100,101001,100,99977,100,101092,100,99963,100,101140,100,99958,100,101171,100,99948,100,101278,100,99926,200
2019-06-28 09:48:30.000000000,100665,292,100128,392,100853,189,100127,121,100854,189,100066,189,100867,100,100014,100,100869,100,100010,100,101001,100,99977,100,101092,100,99963,100,101140,100,99958,100,101171,100,99948,100,101278,100,99926,200
2019-06-28 09:48:31.845154222,100657,100,100128,392,100665,292,100127,121,100853,189,100066,189,100854,189,100014,100,100867,100,100010,100,100869,100,99977,100,101001,100,99963,100,101092,100,99958,100,101140,100,99948,100,101171,100,99926,200
2019-06-28 09:48:40.000000000,100657,154,100128,354,100665,254,100127,86,100853,154,100066,154,100854,154,100014,154,100867,154,100010,154,100869,100,99977,100,101001,100,99963,100,101092,100,99958,100,101140,100,99948,100,101171,100,99926,200
2019-06-28 09:48:50.000000000,100657,371,100128,571,100665,200,100127,32,100853,100,100066,100,100854,100,100014,100,100867,100,100010,100,100869,100,99977,100,101001,100,99963,100,101092,100,99958,100,101140,100,99948,100,101171,100,99926,200
2019-06-28 09:49:00.000000000,100657,168,100128,368,100665,268,100127,100,100853,168,100066,168,100854,168,100014,168,100867,100,100010,100,100869,100,99977,100,101001,100,99963,100,101092,100,99958,100,101140,100,99948,100,101171,100,99926,200
2019-06-28 09:49:10.000000000,100657,192,100128,392,100665,289,100127,121,100853,189,100066,189,100854,100,100014,100,100867,100,100010,100,100869,100,99977,100,101001,100,99963,100,101092,100,99958,100,101140,100,99948,100,101171,100,99926,200
2019-06-28 09:49:12.443090758,100657,192,100128,392,100665,289,100127,121,100853,189,100066,189,100854,100,100014,100,100867,100,100010,100,100869,100,99977,100,101001,100,99963,100,101092,100,99958,100,101140,100,99948,100,101171,100,99926,200
2019-06-28 09:49:15.709961749,100657,192,100128,392,100665,189,100127,121,100853,189,100066,189,100854,100,100014,100,100867,100,100010,100,100869,100,99977,100,101001,100,99963,100,101092,100,99958,100,101140,100,99948,100,101171,100,99926,200
2019-06-28 09:49:20.000000000,100657,154,100128,354,100665,154,100127,86,100853,154,100066,154,100854,154,100014,154,100867,154,100010,154,100869,100,99977,100,101001,100,99963,100,101092,100,99958,100,101140,100,99948,100,101171,100,99926,200
2019-06-28 09:49:30.000000000,100657,192,100128,392,100665,189,100127,121,100853,189,100066,189,100854,100,100014,100,100867,100,100010,100,100869,100,99977,100,101001,100,99963,100,101092,100,99958,100,101140,100,99948,100,101171,100,99926,200
2019-06-28 09:49:37.243495283,100657,192,100128,392,100665,189,100127,121,100853,189,100066,189,100867,100,100014,100,100869,100,100010,100,101001,100,99977,100,101092,100,99963,100,101140,100,99958,100,101171,100,99948,100,101278,100,99926,200
2019-06-28 09:49:40.000000000,100657,154,100128,354,100665,154,100127,86,100853,154,100066,154,100867,154,100014,154,100869,154,100010,154,101001,100,99977,100,101092,100,99963,100,101140,100,99958,100,101171,100,99948,100,101278,100,99926,200
2019-06-28 09:49:50.000000000,100657,154,100128,354,100665,154,100127,86,100853,154,100066,154,100867,154,100014,154,100869,154,100010,154,101001,100,99977,100,101092,100,99963,100,101140,100,99958,100,101171,100,99948,100,101278,100,99926,200
2019-06-28 09:50:00.000000000,100657,154,100128,354,100665,154,100127,86,100853,154,100066,154,100867,154,100014,154,100869,154,100010,154,101001,100,99977,100,101092,100,99963,100,101140,100,99958,100,101171,100,99948,100,101278,100,99926,200
2019-06-28 09:50:10.000000000,100657,236,100128,436,100665,236,100127,168,100853,100,100066,100,100867,100,100014,100,100869,100,100010,100,101001,100,99977,100,101092,100,99963,100,101140,100,99958,100,101171,100,99948,100,101278,100,99926,200
2019-06-28 09:50:20.000000000,100657,371,100128,571,100665,100,100127,32,100853,100,100066,100,100867,100,100014,100,100869,100,100010,100,101001,100,99977,100,101092,100,99963,100,101140,100,99958,100,101171,100,99948,100,101278,100,99926,200
2019-06-28 09:50:26.783679721,100657,371,100265,100,100665,100,100128,571,100853,100,100127,32,100867,100,100066,100,100869,100,100014,100,101001,100,100010,100,101092,100,99977,100,101140,100,99963,100,101171,100,99958,100,101278,100,99948,100
2019-06-28 09:50:30.000000000,100657,168,100265,168,100665,168,100128,368,100853,168,100127,100,100867,168,100066,168,100869,100,100014,100,101001,100,100010,100,101092,100,99977,100,101140,100,99963,100,101171,100,99958,100,101278,100,99948,100
2019-06-28 09:50:36.115472296,100657,168,100265,168,100665,168,100128,368,100853,168,100127,100,100867,168,100066,168,100869,100,100014,100,101001,100,100010,100,101092,100,99977,100,101140,100,99958,100,101171,100,99948,100,101278,100,99926,200
2019-06-28 09:50:38.649306072,100657,268,100265,168,100665,168,100128,368,100853,168,100127,100,100867,168,100066,168,100869,100,100014,100,101001,100,99977,100,101092,100,99958,100,101140,100,99948,100,101171,100,99926,200,101278,100,99911,100
2019-06-28 09:50:40.000000000,100657,268,100265,168,100665,168,100128,368,100853,168,100127,100,100867,168,100066,168,100869,100,100014,100,101001,100,99977,100,101092,100,99958,100,101140,100,99948,100,101171,100,99926,200,101278,100,99911,100
2019-06-28 09:50:50.000000000,100657,471,100265,371,100665,100,100128,300,100853,100,100127,32,100867,100,100066,100,100869,100,100014,100,101001,100,99977,100,101092,100,99958,100,101140,100,99948,100,101171,100,99926,200,101278,100,99911,100
2019-06-28 09:50:54.264855163,100657,471,100265,271,100665,100,100128,300,100853,100,100127,32,100867,100,100066,100,100869,100,100014,100,101001,100,99977,100,101092,100,99958,100,101140,100,99948,100,101171,100,99926,200,101278,100,99911,100
2019-06-28 09:51:00.000000000,100657,254,100128,354,100665,154,100127,86,100853,154,100066,154,100867,154,100014,154,100869,154,99977,154,101001,100,99958,100,101092,100,99948,100,101140,100,99926,200,101171,100,99911,100,101278,100,99762,100
2019-06-28 09:51:10.000000000,100657,336,100128,436,100665,236,100127,168,100853,100,100066,100,100867,100,100014,100,100869,100,99977,100,101001,100,99958,100,101092,100,99948,100,101140,100,99926,200,101171,100,99911,100,101278,100,99762,100
2019-06-28 09:51:15.554051255,100302,100,100128,436,100657,336,100127,168,100665,236,100066,100,100853,100,100014,100,100867,100,99977,100,100869,100,99958,100,101001,100,99948,100,101092,100,99926,200,101140,100,99911,100,101171,100,99762,100
2019-06-28 09:51:20.000000000,100302,192,100128,392,100657,289,100127,121,100665,189,100066,189,100853,100,100014,100,100867,100,99977,100,100869,100,99958,100,101001,100,99948,100,101092,100,99926,200,101140,100,99911,100,101171,100,99762,100
2019-06-28 09:51:23.015744922,100302,192,100266,100,100657,289,100128,392,100665,189,100127,121,100853,100,100066,189,100867,100,100014,100,100869,100,99977,100,101001,100,99958,100,101092,100,99948,100,101140,100,99926,200,101171,100,99911,100
2019-06-28 09:51:27.372403153,100302,192,100128,392,100657,289,100127,121,100665,189,100066,189,100853,100,100014,100,100867,100,99977,100,100869,100,99958,100,101092,100,99948,100,101140,100,99926,200,101171,100,99911,100,101278,100,99762,100
2019-06-28 09:51:30.000000000,100302,168,100128,368,100657,268,100127,100,100665,168,100066,168,100853,168,100014,168,100867,100,99977,100,100869,100,99958,100,101092,100,99948,100,101140,100,99926,200,101171,100,99911,100,101278,100,99762,100
2019-06-28 09:51:38.418105225,100302,168,100128,368,100657,268,100127,100,100665,168,100072,100,100853,168,100066,168,100867,100,100014,168,100869,100,99977,100,101092,100,99958,100,101140,100,99948,100,101171,100,99926,200,101278,100,99911,100
2019-06-28 09:51:40.000000000,100302,371,100128,571,100657,200,100127,32,100665,100,100072,100,100853,100,100066,100,100867,100,100014,100,100869,100,99977,100,101092,100,99958,100,101140,100,99948,100,101171,100,99926,200,101278,100,99911,100
2019-06-28 09:51:50.000000000,100302,371,100128,571,100657,200,100127,32,100665,100,100072,100,100853,100,100066,100,100867,100,100014,100,100869,100,99977,100,101092,100,99958,100,101140,100,99948,100,101171,100,99926,200,101278,100,99911,100
2019-06-28 09:52:00.000000000,100302,192,100128,392,100657,289,100127,121,100665,189,100072,189,100853,100,100066,100,100867,100,100014,100,100869,100,99977,100,101092,100,99958,100,101140,100,99948,100,101171,100,99926,200,101278,100,99911,100
2019-06-28 09:52:10.000000000,100302,154,100128,354,100657,254,100127,86,100665,154,100072,154,100853,154,100066,154,100867,154,100014,154,100869,100,99977,100,101092,100,99958,100,101140,100,99948,100,101171,100,99926,200,101278,100,99911,100
2019-06-28 09:52:18.942226835,100302,154,100128,354,100342,100,100127,86,100657,254,100072,154,100665,154,100066,154,100853,154,100014,154,100867,154,99977,100,100869,100,99958,100,101092,100,99948,100,101140,100,99926,200,101171,100,99911,100
2019-06-28 09:52:20.000000000,100302,168,100128,368,100342,168,100127,100,100657,268,100072,168,100665,168,100066,168,100853,100,100014,100,100867,100,99977,100,100869,100,99958,100,101092,100,99948,100,101140,100,99926,200,101171,100,99911,100
2019-06-28 09:52:30.000000000,100302,371,100128,571,100342,100,100127,32,100657,200,100072,100,100665,100,100066,100,100853,100,100014,100,100867,100,99977,100,100869,100,99958,100,101092,100,99948,100,101140,100,99926,200,101171,100,99911,100
2019-06-28 09:52:40.000000000,100302,371,100128,571,100342,100,100127,32,100657,200,100072,100,100665,100,100066,100,100853,100,100014,100,100867,100,99977,100,100869,100,99958,100,101092,100,99948,100,101140,100,99926,200,101171,100,99911,100
2019-06-28 09:52:41.158726929,100302,371,100128,571,100342,100,100127,32,100657,200,100072,100,100665,100,100066,100,100772,100,100014,100,100853,100,99977,100,100867,100,99958,100,100869,100,99948,100,101092,100,99926,200,101140,100,99911,100
2019-06-28 09:52:50.000000000,100302,236,100128,436,100342,236,100127,168,100657,200,100072,100,100665,100,100066,100,100772,100,100014,100,100853,100,99977,100,100867,100,99958,100,100869,100,99948,100,101092,100,99926,200,101140,100,99911,100
2019-06-28 09:53:00.000000000,100302,236,100128,436,100342,236,100127,168,100657,200,100072,100,100665,100,100066,100,100772,100,100014,100,100853,100,99977,100,100867,100,99958,100,100869,100,99948,100,101092,100,99926,200,101140,100,99911,100
2019-06-28 09:53:10.000000000,100302,236,100128,436,100342,236,100127,168,100657,200,100072,100,100665,100,100066,100,100772,100,100014,100,100853,100,99977,100,100867,100,99958,100,100869,100,99948,100,101092,100,99926,200,101140,100,99911,100
2019-06-28 09:53:18.917564718,100302,236,100128,436,100342,236,100127,168,100657,200,100072,100,100665,100,100066,100,100772,100,100014,100,100853,100,99977,100,100867,100,99958,100,100869,100,99948,100,101092,100,99926,200,101140,100,99911,100
2019-06-28 09:53:20.000000000,100302,236,100128,436,100342,236,100127,168,100657,200,100072,100,100665,100,100066,100,100772,100,100014,100,100853,100,99977,100,100867,100,99958,100,100869,100,99948,100,101092,100,99926,200,101140,100,99911,100
2019-06-28 09:53:22.634241792,100302,236,100128,436,100342,236,100127,168,100657,200,100072,100,100665,100,100066,100,100772,100,100014,100,100853,100,99977,100,100867,100,99958,100,100869,100,99948,100,101092,100,99926,100,101140,100,99911,100
2019-06-28 09:53:30.000000000,100302,236,100128,436,100342,236,100127,168,100657,200,100072,100,100665,100,100066,100,100772,100,100014,100,100853,100,99977,100,100867,100,99958,100,100869,100,99948,100,101092,100,99926,100,101140,100,99911,100
2019-06-28 09:53:34.563228725,100302,136,100128,436,100342,236,100127,168,100657,200,100072,100,100665,100,100066,100,100772,100,100014,100,100853,100,99977,100,100867,100,99958,100,100869,100,99948,100,101092,100,99926,100,101140,100,99911,100
2019-06-28 09:53:40.000000000,100342,371,100128,571,100657,200,100127,32,100665,100,100072,100,100772,100,100066,100,100853,100,100014,100,100867,100,99977,100,100869,100,99958,100,101092,100,99948,100,101140,100,99926,100,101165,100,99911,100
2019-06-28 09:53:42.869870860,100342,371,100128,571,100657,200,100072,100,100665,100,100066,100,100772,100,100014,100,100853,100,99977,100,100867,100,99958,100,100869,100,99948,100,101022,100,99926,100,101092,100,99911,100,101140,100,99762,100
2019-06-28 09:53:47.077334808,100342,371,100266,100,100657,200,100128,571,100665,100,100072,100,100772,100,100066,100,100853,100,100014,100,100867,100,99977,100,100869,100,99958,100,101022,100,99948,100,101092,100,99926,100,101140,100,99911,100
2019-06-28 09:53:50.000000000,100342,168,100266,168,100657,268,100128,368,100665,168,100072,168,100772,168,100066,168,100853,100,100014,100,100867,100,99977,100,100869,100,99958,100,101022,100,99948,100,101092,100,99926,100,101140,100,99911,100
2019-06-28 09:53:50.379942289,100342,168,100266,168,100657,168,100128,368,100665,168,100072,168,100772,168,100066,168,100853,100,100014,100,100867,100,99977,100,100869,100,99958,100,101022,100,99948,100,101092,100,99926,100,101140,100,99911,100
2019-06-28 09:54:00.000000000,100342,236,100266,236,100657,236,100128,436,100665,100,100072,100,100772,100,100066,100,100853,100,100014,100,100867,100,99977,100,100869,100,99958,100,101022,100,99948,100,101092,100,99926,100,101140,100,99911,100
2019-06-28 09:54:10.000000000,100342,192,100266,192,100657,189,100128,389,100665,189,100072,189,100772,100,100066,100,100853,100,100014,100,100867,100,99977,100,100869,100,99958,100,101022,100,99948,100,101092,100,99926,100,101140,100,99911,100
2019-06-28 09:54:11.095217445,100342,192,100266,192,100657,189,100128,389,100665,189,100072,189,100772,100,100066,100,100853,100,99977,100,100867,100,99958,100,100869,100,99948,100,101022,100,99926,100,101092,100,99911,100,101140,100,99762,100
2019-06-28 09:54:20.000000000,100342,236,100266,236,100657,236,100128,436,100665,100,100072,100,100772,100,100066,100,100853,100,99977,100,100867,100,99958,100,100869,100,99948,100,101022,100,99926,100,101092,100,99911,100,101140,100,99762,100
2019-06-28 09:54:30.000000000,100342,236,100266,236,100657,236,100128,436,100665,100,100072,100,100772,100,100066,100,100853,100,99977,100,100867,100,99958,100,100869,100,99948,100,101022,100,99926,100,101092,100,99911,100,101140,100,99762,100
2019-06-28 09:54:40.000000000,100342,371,100266,371,100657,100,100128,300,100665,100,100072,100,100772,100,100066,100,100853,100,99977,100,100867,100,99958,100,100869,100,99948,100,101022,100,99926,100,101092,100,99911,100,101140,100,99762,100
2019-06-28 09:54:41.312193090,100342,371,100266,371,100657,100,100128,200,100665,100,100072,100,100772,100,100066,100,100853,100,99977,100,100867,100,99958,100,100869,100,99948,100,101022,100,99926,100,101092,100,99911,100,101140,100,99762,100
2019-06-28 09:54:50.000000000,100342,371,100266,371,100657,100,100128,200,100665,100,100072,100,100772,100,100066,100,100853,100,99977,100,100867,100,99958,100,100869,100,99948,100,101022,100,99926,100,101092,100,99911,100,101140,100,99762,100
2019-06-28 09:55:00.000000000,100342,371,100266,371,100657,100,100128,200,100665,100,100072,100,100772,100,100066,100,100853,100,99977,100,100867,100,99958,100,100869,100,99948,100,101022,100,99926,100,101092,100,99911,100,101140,100,99762,100
2019-06-28 09:55:10.000000000,100342,154,100266,154,100657,154,100128,254,100665,154,100072,154,100772,154,100066,154,100853,154,99977,154,100867,100,99958,100,100869,100,99948,100,101022,100,99926,100,101092,100,99911,100,101140,100,99762,100
2019-06-28 09:55:20.000000000,100342,371,100266,371,100657,100,100128,200,100665,100,100072,100,100772,100,100066,100,100853,100,99977,100,100867,100,99958,100,100869,100,99948,100,101022,100,99926,100,101092,100,99911,100,101140,100,99762,100
2019-06-28 09:55:30.000000000,100342,371,100266,371,100657,100,100128,200,100665,100,100072,100,100772,100,100066,100,100853,100,99977,100,100867,100,99958,100,100869,100,99948,100,101022,100,99926,100,101092,100,99911,100,101140,100,99762,100
2019-06-28 09:55:40.000000000,100342,168,100266,168,100657,168,100128,268,100665,168,100072,168,100772,168,100066,168,100853,100,99977,100,100867,100,99958,100,100869,100,99948,100,101022,100,99926,100,101092,100,99911,100,101140,100,99762,100
2019-06-28 09:55:50.000000000,100342,371,100266,371,100657,100,100128,200,100665,100,100072,100,100772,100,100066,100,100853,100,99977,100,100867,100,99958,100,100869,100,99948,100,101022,100,99926,100,101092,100,99911,100,101140,100,99762,100
2019-06-28 09:56:00.000000000,100342,192,100266,192,100657,189,100128,289,100665,189,100072,189,100772,100,100066,100,100853,100,99977,100,100867,100,99958,100,100869,100,99948,100,101022,100,99926,100,101092,100,99911,100,101140,100,99762,100
2019-06-28 09:56:10.000000000,100342,154,100266,154,100657,154,100128,254,100665,154,100072,154,100772,154,100066,154,100853,154,99977,154,100867,100,99958,100,100869,100,99948,100,101022,100,99926,100,101092,100,99911,100,101140,100,99762,100
2019-06-28 09:56:20.000000000,100342,192,100266,192,100657,189,100128,289,100665,189,100072,189,100772,100,100066,100,100853,100,99977,100,100867,100,99958,100,100869,100,99948,100,101022,100,99926,100,101092,100,99911,100,101140,100,99762,100
2019-06-28 09:56:30.000000000,100342,192,100266,192,100657,189,100128,289,100665,189,100072,189,100772,100,100066,100,100853,100,99977,100,100867,100,99958,100,100869,100,99948,100,101022,100,99926,100,101092,100,99911,100,101140,100,99762,100
2019-06-28 09:56:32.817000344,100342,192,100266,192,100657,189,100128,289,100665,189,100072,189,100772,100,100066,100,100853,100,100005,100,100867,100,99977,100,100869,100,99958,100,101022,100,99948,100,101092,100,99926,100,101140,100,99911,100
2019-06-28 09:56:33.539004493,100301,100,100266,192,100342,192,100128,289,100657,189,100072,189,100665,189,100066,100,100772,100,100005,100,100853,100,99977,100,100867,100,99958,100,100869,100,99948,100,101022,100,99926,100,101092,100,99911,100
2019-06-28 09:56:40.000000000,100301,168,100266,168,100342,168,100128,268,100657,168,100072,168,100665,168,100066,168,100772,100,100005,100,100853,100,99977,100,100867,100,99958,100,100869,100,99948,100,101022,100,99926,100,101092,100,99911,100
2019-06-28 09:56:49.016240124,100301,168,100266,168,100342,168,100128,268,100657,168,100072,168,100665,168,100066,168,100772,100,100063,100,100853,100,100005,100,100867,100,99977,100,100869,100,99958,100,101022,100,99948,100,101092,100,99926,100
2019-06-28 09:56:50.000000000,100301,192,100266,192,100342,189,100128,289,100657,189,100072,189,100665,100,100066,100,100772,100,100063,100,100853,100,100005,100,100867,100,99977,100,100869,100,99958,100,101022,100,99948,100,101092,100,99926,100
2019-06-28 09:56:50.827967185,100301,192,100266,192,100342,189,100128,289,100657,189,100072,189,100665,100,100066,100,100772,100,100063,100,100853,100,100005,100,100867,100,99977,100,100869,100,99958,200,101022,100,99948,100,101092,100,99926,100
2019-06-28 09:57:00.000000000,100301,236,100266,236,100342,236,100128,336,100657,100,100072,100,100665,100,100066,100,100772,100,100063,100,100853,100,100005,100,100867,100,99977,100,100869,100,99958,200,101022,100,99948,100,101092,100,99926,100
2019-06-28 09:57:10.000000000,100301,192,100266,192,100342,189,100128,289,100657,189,100072,189,100665,100,100066,100,100772,100,100063,100,100853,100,100005,100,100867,100,99977,100,100869,100,99958,200,101022,100,99948,100,101092,100,99926,100
2019-06-28 09:57:20.000000000,100301,192,100266,192,100342,189,100128,289,100657,189,100072,189,100665,100,100066,100,100772,100,100063,100,100853,100,100005,100,100867,100,99977,100,100869,100,99958,200,101022,100,99948,100,101092,100,99926,100
2019-06-28 09:57:30.000000000,100301,371,100266,371,100342,100,100128,200,100657,100,100072,100,100665,100,100066,100,100772,100,100063,100,100853,100,100005,100,100867,100,99977,100,100869,100,99958,200,101022,100,99948,100,101092,100,99926,100
2019-06-28 09:57:30.002260787,100301,471,100266,371,100342,100,100128,200,100657,100,100072,100,100665,100,100063,100,100772,100,100005,100,100853,100,99977,100,100867,100,99958,200,100869,100,99948,100,101022,100,99926,100,101092,100,99911,100
2019-06-28 09:57:40.000000000,100301,471,100266,371,100342,100,100128,200,100657,100,100072,100,100665,100,100063,100,100772,100,100005,100,100853,100,99977,100,100867,100,99958,200,100869,100,99948,100,101022,100,99926,100,101092,100,99911,100
2019-06-28 09:57:50.000000000,100301,471,100266,371,100342,100,100128,200,100657,100,100072,100,100665,100,100063,100,100772,100,100005,100,100853,100,99977,100,100867,100,99958,200,100869,100,99948,100,101022,100,99926,100,101092,100,99911,100
2019-06-28 09:58:00.000000000,100301,254,100266,154,100342,154,100128,254,100657,154,100072,154,100665,154,100063,154,100772,154,100005,154,100853,100,99977,100,100867,100,99958,200,100869,100,99948,100,101022,100,99926,100,101092,100,99911,100
2019-06-28 09:58:00.892089086,100301,254,100266,154,100342,154,100128,254,100427,100,100072,154,100657,154,100063,154,100665,154,100005,154,100772,154,99977,100,100853,100,99958,100,100867,100,99948,100,100869,100,99926,100,101022,100,99911,100
2019-06-28 09:58:05.636772566,100301,354,100266,154,100342,154,100128,154,100427,100,100072,154,100657,154,100063,154,100665,154,100005,154,100772,154,99977,100,100853,100,99958,100,100867,100,99948,100,100869,100,99926,100,101022,100,99911,100
2019-06-28 09:58:07.240435705,100301,254,100266,154,100342,154,100128,154,100427,100,100072,154,100657,154,100063,154,100665,154,100005,154,100772,154,99977,100,100853,100,99958,100,100867,100,99948,100,100869,100,99926,100,101022,100,99911,100
2019-06-28 09:58:10.000000000,100301,292,100266,192,100342,189,100128,189,100427,189,100072,189,100657,100,100063,100,100665,100,100005,100,100772,100,99977,100,100853,100,99958,100,100867,100,99948,100,100869,100,99926,100,101022,100,99911,100
2019-06-28 09:58:16.095265522,100301,292,100266,92,100342,189,100128,189,100427,189,100072,189,100657,100,100063,100,100665,100,100005,100,100772,100,99977,100,100853,100,99958,100,100867,100,99948,100,100869,100,99926,100,101022,100,99911,100
2019-06-28 09:58:18.761353386,100301,292,100266,92,100342,189,100131,100,100427,189,100128,189,100657,100,100072,189,100665,100,100063,100,100772,100,100005,100,100853,100,99977,100,100867,100,99958,100,100869,100,99948,100,101022,100,99926,100
2019-06-28 09:58:19.034535948,100266,8,100131,100,100301,292,100128,189,100342,189,100072,189,100427,189,100063,100,100657,100,100005,100,100665,100,99977,100,100772,100,99958,100,100853,100,99948,100,100867,100,99926,100,100869,100,99911,100
2019-06-28 09:58:20.000000000,100266,279,100131,371,100301,200,100128,100,100342,100,100072,100,100427,100,100063,100,100657,100,100005,100,100665,100,99977,100,100772,100,99958,100,100853,100,99948,100,100867,100,99926,100,100869,100,99911,100
2019-06-28 09:58:28.042811069,100266,279,100131,371,100300,100,100128,100,100301,200,100072,100,100342,100,100063,100,100427,100,100005,100,100657,100,99977,100,100665,100,99958,100,100772,100,99948,100,100853,100,99926,100,100867,100,99911,100
2019-06-28 09:58:30.000000000,100266,62,100131,154,100300,154,100128,154,100301,254,100072,154,100342,154,100063,154,100427,154,100005,154,100657,100,99977,100,100665,100,99958,100,100772,100,99948,100,100853,100,99926,100,100867,100,99911,100
2019-06-28 09:58:40.000000000,100266,144,100131,236,100300,236,100128,236,100301,200,100072,100,100342,100,100063,100,100427,100,100005,100,100657,100,99977,100,100665,100,99958,100,100772,100,99948,100,100853,100,99926,100,100867,100,99911,100
2019-06-28 09:58:50.000000000,100266,144,100131,236,100300,236,100128,236,100301,200,100072,100,100342,100,100063,100,100427,100,100005,100,100657,100,99977,100,100665,100,99958,100,100772,100,99948,100,100853,100,99926,100,100867,100,99911,100
2019-06-28 09:58:54.909433449,100266,144,100131,236,100300,236,100128,236,100301,200,100063,100,100342,100,100005,100,100427,100,99977,100,100657,100,99958,100,100665,100,99948,100,100772,100,99926,100,100853,100,99911,100,100867,100,99762,100
2019-06-28 09:59:00.000000000,100266,100,100131,192,100300,189,100128,189,100301,289,100063,189,100342,100,100005,100,100427,100,99977,100,100657,100,99958,100,100665,100,99948,100,100772,100,99926,100,100853,100,99911,100,100867,100,99762,100
2019-06-28 09:59:02.166882742,100266,92,100131,192,100300,189,100128,189,100301,289,100063,189,100342,100,100005,100,100427,100,99977,100,100657,100,99958,100,100665,100,99948,100,100772,100,99926,100,100853,100,99911,100,100867,100,99762,100
2019-06-28 09:59:10.000000000,100300,154,100131,154,100301,254,100128,154,100342,154,100063,154,100427,154,100005,154,100657,154,99977,154,100665,100,99958,100,100772,100,99948,100,100853,100,99926,100,100867,100,99911,100,100869,100,99762,100
2019-06-28 09:59:20.000000000,100300,168,100131,168,100301,268,100128,168,100342,168,100063,168,100427,168,100005,168,100657,100,99977,100,100665,100,99958,100,100772,100,99948,100,100853,100,99926,100,100867,100,99911,100,100869,100,99762,100
2019-06-28 09:59:30.000000000,100300,371,100131,371,100301,200,100128,100,100342,100,100063,100,100427,100,100005,100,100657,100,99977,100,100665,100,99958,100,100772,100,99948,100,100853,100,99926,100,100867,100,99911,100,100869,100,99762,100
2019-06-28 09:59:30.608409309,100300,371,100131,371,100301,200,100128,100,100342,100,100063,100,100427,100,100005,100,100657,100,99977,100,100665,100,99958,100,100772,100,99948,100,100853,100,99926,100,100867,100,99911,100,100869,100,99762,100
2019-06-28 09:59:40.000000000,100300,168,100131,168,100301,268,100128,168,100342,168,100063,168,100427,168,100005,168,100657,100,99977,100,100665,100,99958,100,100772,100,99948,100,100853,100,99926,100,100867,100,99911,100,100869,100,99762,100
2019-06-28 09:59:50.000000000,100300,192,100131,192,100301,289,100128,189,100342,189,100063,189,100427,100,100005,100,100657,100,99977,100,100665,100,99958,100,100772,100,99948,100,100853,100,99926,100,100867,100,99911,100,100869,100,99762,100
2019-06-28 10:00:00.000000000,100300,168,100131,168,100301,268,100128,168,100342,168,100063,168,100427,168,100005,168,100657,100,99977,100,100665,100,99958,100,100772,100,99948,100,100853,100,99926,100,100867,100,99911,100,100869,100,99762,100
2019-06-28 10:00:10.000000000,100300,371,100131,371,100301,200,100128,100,100342,100,100063,100,100427,100,100005,100,100657,100,99977,100,100665,100,99958,100,100772,100,99948,100,100853,100,99926,100,100867,100,99911,100,100869,100,99762,100
2019-06-28 10:00:14.465760929,100300,371,100131,371,100301,200,100128,100,100342,100,100063,100,100427,100,100005,100,100657,100,99977,100,100665,100,99958,100,100772,100,99948,100,100853,100,99926,100,100867,100,99911,100,100869,100,99762,100
2019-06-28 10:00:20.000000000,100300,154,100131,154,100301,254,100128,154,100342,154,100063,154,100427,154,100005,154,100657,154,99977,154,100665,100,99958,100,100772,100,99948,100,100853,100,99926,100,100867,100,99911,100,100869,100,99762,100
2019-06-28 10:00:20.339888796,100300,154,100131,54,100301,254,100128,154,100342,154,100063,154,100427,154,100005,154,100657,154,99977,154,100665,100,99958,100,100772,100,99948,100,100853,100,99926,100,100867,100,99911,100,100869,100,99762,100
2019-06-28 10:00:30.000000000,100300,154,100128,154,100301,254,100063,154,100342,154,100005,154,100427,154,99977,154,100657,154,99958,154,100665,100,99948,100,100772,100,99926,100,100853,100,99911,100,100867,100,99762,100,100869,100,99567,200
2019-06-28 10:00:40.000000000,100300,236,100128,236,100301,336,100063,236,100342,100,100005,100,100427,100,99977,100,100657,100,99958,100,100665,100,99948,100,100772,100,99926,100,100853,100,99911,100,100867,100,99762,100,100869,100,99567,200
2019-06-28 10:00:50.000000000,100300,371,100128,371,100301,200,100063,100,100342,100,100005,100,100427,100,99977,100,100657,100,99958,100,100665,100,99948,100,100772,100,99926,100,100853,100,99911,100,100867,100,99762,100,100869,100,99567,200
2019-06-28 10:01:00.000000000,100300,154,100128,154,100301,254,100063,154,100342,154,100005,154,100427,154,99977,154,100657,154,99958,154,100665,100,99948,100,100772,100,99926,100,100853,100,99911,100,100867,100,99762,100,100869,100,99567,200
2019-06-28 10:01:10.000000000,100300,192,100128,192,100301,289,100063,189,100342,189,100005,189,100427,100,99977,100,100657,100,99958,100,100665,100,99948,100,100772,100,99926,100,100853,100,99911,100,100867,100,99762,100,100869,100,99567,200
2019-06-28 10:01:17.543004318,100300,192,100128,192,100301,289,100063,189,100342,189,100005,189,100427,100,99977,100,100657,100,99958,100,100665,100,99948,100,100772,100,99926,100,100853,100,99911,100,100867,100,99762,100,100869,100,99567,100
2019-06-28 10:01:20.000000000,100300,168,100128,168,100301,268,100063,168,100342,168,100005,168,100427,168,99977,168,100657,100,99958,100,100665,100,99948,100,100772,100,99926,100,100853,100,99911,100,100867,100,99762,100,100869,100,99567,100
2019-06-28 10:01:24.600683573,100300,168,100128,68,100301,268,100063,168,100342,168,100005,168,100427,168,99977,168,100657,100,99958,100,100665,100,99948,100,100772,100,99926,100,100853,100,99911,100,100867,100,99762,100,100869,100,99567,100
2019-06-28 10:01:30.000000000,100300,236,100063,236,100301,336,100005,236,100342,100,99977,100,100427,100,99958,100,100657,100,99948,100,100665,100,99926,100,100772,100,99911,100,100853,100,99762,100,100867,100,99567,100,100869,100,99538,100
2019-06-28 10:01:40.000000000,100300,168,100063,168,100301,268,100005,168,100342,168,99977,168,100427,168,99958,168,100657,100,99948,100,100665,100,99926,100,100772,100,99911,100,100853,100,99762,100,100867,100,99567,100,100869,100,99538,100
2019-06-28 10:01:50.000000000,100300,192,100063,192,100301,289,100005,189,100342,189,99977,189,100427,100,99958,100,100657,100,99948,100,100665,100,99926,100,100772,100,99911,100,100853,100,99762,100,100867,100,99567,100,100869,100,99538,100
2019-06-28 10:01:50.497662723,100300,192,100063,192,100301,189,100005,189,100342,189,99977,189,100427,100,99958,100,100657,100,99948,100,100665,100,99926,100,100772,100,99911,100,100853,100,99762,100,100867,100,99567,100,100869,100,99538,100
2019-06-28 10:02:00.000000000,100300,236,100063,236,100301,236,100005,236,100342,100,99977,100,100427,100,99958,100,100657,100,99948,100,100665,100,99926,100,100772,100,99911,100,100853,100,99762,100,100867,100,99567,100,100869,100,99538,100
2019-06-28 10:02:03.438788851,100131,100,100063,236,100300,236,100005,236,100301,236,99977,100,100342,100,99958,100,100427,100,99948,100,100657,100,99926,100,100665,100,99911,100,100772,100,99762,100,100853,100,99567,100,100867,100,99538,100
2019-06-28 10:02:10.000000000,100131,236,100063,236,100300,236,100005,236,100301,100,99977,100,100342,100,99958,100,100427,100,99948,100,100657,100,99926,100,100665,100,99911,100,100772,100,99762,100,100853,100,99567,100,100867,100,99538,100
2019-06-28 10:02:20.000000000,100131,236,100063,236,100300,236,100005,236,100301,100,99977,100,100342,100,99958,100,100427,100,99948,100,100657,100,99926,100,100665,100,99911,100,100772,100,99762,100,100853,100,99567,100,100867,100,99538,100
2019-06-28 10:02:27.224684307,100131,236,100063,236,100300,236,100005,236,100301,100,99977,100,100342,100,99958,100,100427,100,99948,100,100657,100,99911,100,100665,100,99762,100,100772,100,99567,100,100853,100,99538,100,100867,100,99425,100
2019-06-28 10:02:30.000000000,100131,168,100063,168,100300,168,100005,168,100301,168,99977,168,100342,168,99958,168,100427,100,99948,100,100657,100,99911,100,100665,100,99762,100,100772,100,99567,100,100853,100,99538,100,100867,100,99425,100
2019-06-28 10:02:30.715351715,100131,168,100063,68,100300,168,100005,168,100301,168,99977,168,100342,168,99958,168,100427,100,99948,100,100657,100,99911,100,100665,100,99762,100,100772,100,99567,100,100853,100,99538,100,100867,100,99425,100
2019-06-28 10:02:31.180642152,100063,32,100005,168,100131,168,99977,168,100300,168,99958,168,100301,168,99948,100,100342,168,99911,100,100427,100,99762,100,100657,100,99567,100,100665,100,99538,100,100772,100,99425,100,100853,100,99410,100
2019-06-28 10:02:34.364227820,100063,32,100005,68,100131,168,99977,168,100300,168,99958,168,100301,168,99948,100,100342,168,99911,100,100427,100,99762,100,100657,100,99567,100,100665,100,99538,100,100772,100,99425,100,100853,100,99410,100
2019-06-28 10:02:40.000000000,100063,303,99977,371,100131,100,99958,100,100300,100,99948,100,100301,100,99911,100,100342,100,99762,100,100427,100,99567,100,100657,100,99538,100,100665,100,99425,100,100772,100,99410,100,100853,100,99270,100
2019-06-28 10:02:42.464590306,100063,303,99977,271,100131,100,99958,100,100300,100,99948,100,100301,100,99911,100,100342,100,99762,100,100427,100,99567,100,100657,100,99538,100,100665,100,99425,100,100772,100,99410,100,100853,100,98784,100
2019-06-28 10:02:50.000000000,100063,168,99958,236,100131,236,99948,236,100300,100,99911,100,100301,100,99762,100,100342,100,99567,100,100427,100,99538,100,100657,100,99425,100,100665,100,99410,100,100772,100,98784,100,100853,100,,
2019-06-28 10:03:00.000000000,100063,100,99958,168,100131,168,99948,168,100300,168,99911,168,100301,168,99762,168,100342,100,99567,100,100427,100,99538,100,100657,100,99425,100,100665,100,99410,100,100772,100,98784,100,100853,100,,
2019-06-28 10:03:05.260338051,100063,100,99958,168,100131,168,99948,168,100300,168,99911,168,100301,168,99762,168,100342,100,99567,100,100427,100,99538,100,100657,100,99425,100,100665,100,99410,100,100772,100,99214,100,100853,100,98784,100
2019-06-28 10:03:10.000000000,100063,124,99958,192,100131,189,99948,189,100300,189,99911,189,100301,100,99762,100,100342,100,99567,100,100427,100,99538,100,100657,100,99425,100,100665,100,99410,100,100772,100,99214,100,100853,100,98784,100
2019-06-28 10:03:20.000000000,100063,303,99958,371,100131,100,99948,100,100300,100,99911,100,100301,100,99762,100,100342,100,99567,100,100427,100,99538,100,100657,100,99425,100,100665,100,99410,100,100772,100,99214,100,100853,100,98784,100
2019-06-28 10:03:27.396116008,100005,100,99958,371,100063,303,99948,100,100131,100,99911,100,100300,100,99762,100,100301,100,99567,100,100342,100,99538,100,100427,100,99425,100,100657,100,99410,100,100665,100,99214,100,100772,100,98784,100
2019-06-28 10:03:30.000000000,100005,236,99958,236,100063,168,99948,236,100131,100,99911,100,100300,100,99762,100,100301,100,99567,100,100342,100,99538,100,100427,100,99425,100,100657,100,99410,100,100665,100,99214,100,100772,100,98784,100
2019-06-28 10:03:32.578852836,100005,236,99958,236,100063,168,99948,236,100131,100,99911,100,100300,100,99762,100,100301,100,99567,100,100342,100,99538,100,100427,100,99425,100,100657,100,99410,100,100665,100,99214,100,100772,100,99081,100
2019-06-28 10:03:35.615610974,100005,336,99958,236,100063,168,99948,236,100131,100,99911,100,100301,100,99762,100,100342,100,99567,100,100427,100,99538,100,100657,100,99425,100,100665,100,99410,100,100772,100,99214,100,100853,100,99081,100
2019-06-28 10:03:40.000000000,100005,292,99958,192,100063,121,99948,189,100131,189,99911,189,100301,100,99762,100,100342,100,99567,100,100427,100,99538,100,100657,100,99425,100,100665,100,99410,100,100772,100,99214,100,100853,100,99081,100
2019-06-28 10:03:49.846746861,100005,292,99958,192,100063,121,99948,189,100131,189,99911,189,100301,100,99762,100,100342,100,99567,100,100427,100,99538,100,100657,100,99425,100,100665,100,99410,100,100772,100,99214,100,100853,100,99081,100
2019-06-28 10:03:50.000000000,100005,292,99958,192,100063,121,99948,189,100131,189,99911,189,100301,100,99762,100,100342,100,99567,100,100427,100,99538,100,100657,100,99425,100,100665,100,99410,100,100772,100,99214,100,100853,100,99081,100
2019-06-28 10:03:55.455187172,100005,292,99958,192,100063,121,99948,189,100131,189,99911,189,100301,100,99762,100,100342,100,99567,100,100427,100,99538,100,100657,100,99425,100,100665,100,99410,100,100772,100,99268,100,100853,100,99214,100
2019-06-28 10:04:00.000000000,100005,471,99958,371,100063,32,99948,100,100131,100,99911,100,100301,100,99762,100,100342,100,99567,100,100427,100,99538,100,100657,100,99425,100,100665,100,99410,100,100772,100,99268,100,100853,100,99214,100
2019-06-28 10:04:10.000000000,100005,336,99958,236,100063,168,99948,236,100131,100,99911,100,100301,100,99762,100,100342,100,99567,100,100427,100,99538,100,100657,100,99425,100,100665,100,99410,100,100772,100,99268,100,100853,100,99214,100
2019-06-28 10:04:20.000000000,100005,268,99958,168,100063,100,99948,168,100131,168,99911,168,100301,168,99762,168,100342,100,99567,100,100427,100,99538,100,100657,100,99425,100,100665,100,99410,100,100772,100,99268,100,100853,100,99214,100
2019-06-28 10:04:21.982911163,100005,268,99958,168,100063,100,99948,168,100131,168,99911,168,100301,168,99762,168,100342,100,99567,100,100427,100,99538,100,100657,100,99425,100,100665,100,99410,100,100772,100,99268,100,100853,100,99214,100
2019-06-28 10:04:30.000000000,100005,268,99958,168,100063,100,99948,168,100131,168,99911,168,100301,168,99762,168,100342,100,99567,100,100427,100,99538,100,100657,100,99425,100,100665,100,99410,100,100772,100,99268,100,100853,100,99214,100
2019-06-28 10:04:40.000000000,100005,254,99958,154,100063,86,99948,154,100131,154,99911,154,100301,154,99762,154,100342,154,99567,154,100427,100,99538,100,100657,100,99425,100,100665,100,99410,100,100772,100,99268,100,100853,100,99214,100
2019-06-28 10:04:44.821450151,100005,254,99958,154,100063,86,99948,154,100131,154,99911,154,100301,154,99762,154,100342,154,99567,154,100427,100,99538,100,100657,100,99425,100,100665,100,99410,100,100772,100,99268,100,100853,100,99214,100
2019-06-28 10:04:50.000000000,100005,268,99958,168,100063,100,99948,168,100131,168,99911,168,100301,168,99762,168,100342,100,99567,100,100427,100,99538,100,100657,100,99425,100,100665,100,99410,100,100772,100,99268,100,100853,100,99214,100
2019-06-28 10:04:57.421642370,100005,368,99958,168,100063,100,99948,168,100131,168,99911,168,100301,168,99762,168,100342,100,99567,100,100427,100,99538,100,100657,100,99425,100,100665,100,99410,100,100772,100,99268,100,100853,100,99214,100
2019-06-28 10:05:00.000000000,100005,571,99958,371,100063,32,99948,100,100131,100,99911,100,100301,100,99762,100,100342,100,99567,100,100427,100,99538,100,100657,100,99425,100,100665,100,99410,100,100772,100,99268,100,100853,100,99214,100
2019-06-28 10:05:10.000000000,100005,368,99958,168,100063,100,99948,168,100131,168,99911,168,100301,168,99762,168,100342,100,99567,100,100427,100,99538,100,100657,100,99425,100,100665,100,99410,100,100772,100,99268,100,100853,100,99214,100
2019-06-28 10:05:20.000000000,100005,392,99958,192,100063,121,99948,189,100131,189,99911,189,100301,100,99762,100,100342,100,99567,100,100427,100,99538,100,100657,100,99425,100,100665,100,99410,100,100772,100,99268,100,100853,100,99214,100
2019-06-28 10:05:20.582028106,100005,492,99958,192,100063,121,99948,189,100131,189,99911,189,100301,100,99762,100,100342,100,99567,100,100427,100,99538,100,100657,100,99425,100,100665,100,99410,100,100772,100,99268,100,100853,100,99214,100
2019-06-28 10:05:30.000000000,100005,468,99958,168,100063,100,99948,168,100131,168,99911,168,100301,168,99762,168,100342,100,99567,100,100427,100,99538,100,100657,100,99425,100,100665,100,99410,100,100772,100,99268,100,100853,100,99214,100
2019-06-28 10:05:40.000000000,100005,454,99958,154,100063,86,99948,154,100131,154,99911,154,100301,154,99762,154,100342,154,99567,154,100427,100,99538,100,100657,100,99425,100,100665,100,99410,100,100772,100,99268,100,100853,100,99214,100
2019-06-28 10:05:50.000000000,100005,671,99958,371,100063,32,99948,100,100131,100,99911,100,100301,100,99762,100,100342,100,99567,100,100427,100,99538,100,100657,100,99425,100,100665,100,99410,100,100772,100,99268,100,100853,100,99214,100
2019-06-28 10:06:00.000000000,100005,536,99958,236,100063,168,99948,236,100131,100,99911,100,100301,100,99762,100,100342,100,99567,100,100427,100,99538,100,100657,100,99425,100,100665,100,99410,100,100772,100,99268,100,100853,100,99214,100
2019-06-28 10:06:10.000000000,100005,492,99958,192,100063,121,99948,189,100131,189,99911,189,100301,100,99762,100,100342,100,99567,100,100427,100,99538,100,100657,100,99425,100,100665,100,99410,100,100772,100,99268,100,100853,100,99214,100
2019-06-28 10:06:20.000000000,100005,492,99958,192,100063,121,99948,189,100131,189,99911,189,100301,100,99762,100,100342,100,99567,100,100427,100,99538,100,100657,100,99425,100,100665,100,99410,100,100772,100,99268,100,100853,100,99214,100
2019-06-28 10:06:23.039896849,100005,492,99958,192,100063,121,99948,189,100131,189,99911,189,100301,100,99762,100,100427,100,99567,100,100657,100,99538,100,100665,100,99425,100,100772,100,99410,100,100853,100,99268,100,100867,100,99214,100
2019-06-28 10:06:30.000000000,100005,454,99958,154,100063,86,99948,154,100131,154,99911,154,100301,154,99762,154,100427,154,99567,154,100657,100,99538,100,100665,100,99425,100,100772,100,99410,100,100853,100,99268,100,100867,100,99214,100
2019-06-28 10:06:40.000000000,100005,536,99958,236,100063,168,99948,236,100131,100,99911,100,100301,100,99762,100,100427,100,99567,100,100657,100,99538,100,100665,100,99425,100,100772,100,99410,100,100853,100,99268,100,100867,100,99214,100
2019-06-28 10:06:50.000000000,100005,671,99958,371,100063,32,99948,100,100131,100,99911,100,100301,100,99762,100,100427,100,99567,100,100657,100,99538,100,100665,100,99425,100,100772,100,99410,100,100853,100,99268,100,100867,100,99214,100
2019-06-28 10:07:00.000000000,100005,468,99958,168,100063,100,99948,168,100131,168,99911,168,100301,168,99762,168,100427,100,99567,100,100657,100,99538,100,100665,100,99425,100,100772,100,99410,100,100853,100,99268,100,100867,100,99214,100
2019-06-28 10:07:10.000000000,100005,492,99958,192,100063,121,99948,189,100131,189,99911,189,100301,100,99762,100,100427,100,99567,100,100657,100,99538,100,100665,100,99425,100,100772,100,99410,100,100853,100,99268,100,100867,100,99214,100
2019-06-28 10:07:20.000000000,100005,492,99958,192,100063,121,99948,189,100131,189,99911,189,100301,100,99762,100,100427,100,99567,100,100657,100,99538,100,100665,100,99425,100,100772,100,99410,100,100853,100,99268,100,100867,100,99214,100
2019-06-28 10:07:25.904757636,100005,492,99958,192,100063,121,99948,189,100131,189,99911,189,100301,100,99762,100,100427,100,99567,100,100657,100,99538,100,100665,100,99425,100,100772,100,99410,100,100853,100,99268,100,100867,100,99214,100
2019-06-28 10:07:30.000000000,100005,492,99958,192,100063,121,99948,189,100131,189,99911,189,100301,100,99762,100,100427,100,99567,100,100657,100,99538,100,100665,100,99425,100,100772,100,99410,100,100853,100,99268,100,100867,100,99214,100
2019-06-28 10:07:33.858780084,100005,492,99958,192,100063,121,99948,189,100131,189,99911,189,100301,100,99762,100,100427,100,99567,100,100665,100,99538,100,100772,100,99425,100,100853,100,99410,100,100867,100,99268,100,100869,100,99214,100
2019-06-28 10:07:38.187422931,100005,492,99958,192,100063,121,99948,189,100131,89,99911,189,100301,100,99762,100,100427,100,99567,100,100665,100,99538,100,100772,100,99425,100,100853,100,99410,100,100867,100,99268,100,100869,100,99214,100
2019-06-28 10:07:40.000000000,100005,492,99958,192,100063,121,99948,189,100301,189,99911,189,100427,100,99762,100,100665,100,99567,100,100772,100,99538,100,100853,100,99425,100,100867,100,99410,100,100869,100,99268,100,101092,100,99214,100
2019-06-28 10:07:50.000000000,100005,468,99958,168,100063,100,99948,168,100301,168,99911,168,100427,168,99762,168,100665,100,99567,100,100772,100,99538,100,100853,100,99425,100,100867,100,99410,100,100869,100,99268,100,101092,100,99214,100
2019-06-28 10:08:00.000000000,100005,468,99958,168,100063,100,99948,168,100301,168,99911,168,100427,168,99762,168,100665,100,99567,100,100772,100,99538,100,100853,100,99425,100,100867,100,99410,100,100869,100,99268,100,101092,100,99214,100
2019-06-28 10:08:02.758855244,100005,468,99958,168,100063,100,99948,168,100301,168,99911,168,100427,68,99762,168,100665,100,99567,100,100772,100,99538,100,100853,100,99425,100,100867,100,99410,100,100869,100,99268,100,101092,100,99214,100
2019-06-28 10:08:02.948584509,100005,468,99958,168,100063,100,99948,168,100301,168,99911,168,100427,68,99762,168,100665,100,99567,100,100772,100,99538,100,100853,100,99425,100,100867,100,99410,100,100869,100,99268,100,101092,100,99214,100
2019-06-28 10:08:10.000000000,100005,671,99958,371,100063,32,99948,100,100301,100,99911,100,100665,100,99762,100,100772,100,99567,100,100853,100,99538,100,100867,100,99425,100,100869,100,99410,100,101092,100,99268,100,101165,100,99214,100
2019-06-28 10:08:20.000000000,100005,468,99958,168,100063,100,99948,168,100301,168,99911,168,100665,168,99762,168,100772,100,99567,100,100853,100,99538,100,100867,100,99425,100,100869,100,99410,100,101092,100,99268,100,101165,100,99214,100
2019-06-28 10:08:29.768057652,100005,468,99958,68,100063,100,99948,168,100301,168,99911,168,100665,168,99762,168,100772,100,99567,100,100853,100,99538,100,100867,100,99425,100,100869,100,99410,100,101092,100,99268,100,101165,100,99214,100
2019-06-28 10:08:30.000000000,100005,536,99948,236,100063,168,99911,236,100301,100,99762,100,100665,100,99567,100,100772,100,99538,100,100853,100,99425,100,100867,100,99410,100,100869,100,99268,100,101092,100,99214,100,101165,100,99081,100
2019-06-28 10:08:31.391959677,100005,536,99948,136,100063,168,99911,236,100301,100,99762,100,100665,100,99567,100,100772,100,99538,100,100853,100,99425,100,100867,100,99410,100,100869,100,99268,100,101092,100,99214,100,101171,100,99081,100
2019-06-28 10:08:40.000000000,100005,454,99911,154,100063,86,99762,154,100301,154,99567,154,100665,154,99538,154,100772,154,99425,154,100853,100,99410,100,100867,100,99268,100,100869,100,99214,100,101092,100,99081,100,101171,100,98965,100
2019-06-28 10:08:44.676033374,99958,100,99911,154,100005,354,99762,154,100063,86,99567,154,100301,154,99538,154,100665,154,99425,154,100772,154,99410,100,100853,100,99268,100,100867,100,99214,100,100869,100,99081,100,101092,100,98965,100
2019-06-28 10:08:50.000000000,99958,154,99911,154,100005,354,99762,154,100063,86,99567,154,100301,154,99538,154,100665,154,99425,154,100772,100,99410,100,100853,100,99268,100,100867,100,99214,100,100869,100,99081,100,101092,100,98965,100
2019-06-28 10:09:00.000000000,99958,154,99911,154,100005,354,99762,154,100063,86,99567,154,100301,154,99538,154,100665,154,99425,154,100772,100,99410,100,100853,100,99268,100,100867,100,99214,100,100869,100,99081,100,101092,100,98965,100
