,ask_price_1,ask_size_1,bid_price_1,bid_size_1,ask_price_2,ask_size_2,bid_price_2,bid_size_2,ask_price_3,ask_size_3,bid_price_3,bid_size_3,ask_price_4,ask_size_4,bid_price_4,bid_size_4,ask_price_5,ask_size_5,bid_price_5,bid_size_5,ask_price_6,ask_size_6,bid_price_6,bid_size_6,ask_price_7,ask_size_7,bid_price_7,bid_size_7,ask_price_8,ask_size_8,bid_price_8,bid_size_8,ask_price_9,ask_size_9,bid_price_9,bid_size_9,ask_price_10,ask_size_10,bid_price_10,bid_size_10
2019-06-28 09:30:00.000000001,,,99840,100,,,,,,,,,,,,,,,,,,,,,,,,,,,,,,,,,,,,
2019-06-28 09:30:00.000000006,100161,100,99990,100,,,99840,100,,,,,,,,,,,,,,,,,,,,,,,,,,,,,,,,
2019-06-28 09:30:00.000000008,100161,100,99990,100,100189,100,99937,100,,,99840,100,,,,,,,,,,,,,,,,,,,,,,,,,,,,
2019-06-28 09:30:00.000000009,100161,100,99990,100,100189,100,99937,100,,,99893,100,,,99874,100,,,99840,100,,,,,,,,,,,,,,,,,,,,
2019-06-28 09:30:00.000000010,100055,100,99990,100,100161,100,99937,100,100189,100,99893,100,,,99874,100,,,99840,100,,,,,,,,,,,,,,,,,,,,
2019-06-28 09:30:00.000000011,100055,100,99990,100,100080,100,99937,100,100161,100,99893,100,100189,100,99874,100,,,99840,100,,,,,,,,,,,,,,,,,,,,
2019-06-28 09:30:00.000000012,100044,100,99990,100,100055,100,99937,100,100080,100,99893,100,100161,100,99874,100,100189,100,99840,100,,,,,,,,,,,,,,,,,,,,
2019-06-28 09:30:00.000000015,100010,100,99990,100,100044,100,99937,100,100055,100,99893,100,100080,100,99874,100,100081,100,99840,100,100087,100,,,100161,100,,,100189,100,,,,,,,,,,
2019-06-28 09:30:00.000000016,100010,100,99990,100,100044,100,99980,100,100055,100,99958,100,100080,100,99937,100,100081,100,99893,100,100087,100,99874,100,100161,100,99840,100,100189,100,,,,,,,,,,
2019-06-28 09:30:00.000000019,100010,100,99990,100,100044,100,99980,100,100055,100,99958,100,100056,100,99937,100,100080,100,99893,100,100081,100,99874,100,100087,100,99840,100,100161,100,,,100189,100,,,,,,
2019-06-28 09:30:00.000000020,100010,100,100001,100,100044,100,99990,100,100055,100,99980,100,100056,100,99958,100,100080,100,99937,100,100081,100,99893,100,100087,100,99874,100,100122,100,99840,100,100161,100,,,100189,100,,
2019-06-28 09:30:00.000000022,100010,100,100001,100,100044,100,99990,100,100055,100,99980,100,100056,100,99958,100,100080,100,99937,100,100081,100,99893,100,100087,100,99874,100,100110,100,99840,100,100122,100,,,100161,100,,
2019-06-28 09:30:00.000000023,100010,100,100001,100,100044,100,99990,100,100055,100,99980,100,100056,100,99958,100,100080,100,99937,100,100081,100,99893,100,100087,100,99874,100,100099,100,99840,100,100110,100,,,100122,100,,
2019-06-28 09:30:00.000000030,100010,100,100001,100,100044,100,99990,100,100055,100,99980,100,100056,100,99958,100,100080,100,99937,100,100081,100,99931,100,100087,100,99902,100,100099,100,99893,100,100110,100,99874,100,100122,100,99840,100
2019-06-28 09:30:00.000000031,100010,100,100001,100,100021,100,99990,100,100044,100,99980,100,100055,100,99967,100,100056,100,99958,100,100080,100,99937,100,100081,100,99931,100,100087,100,99902,100,100099,100,99893,100,100110,100,99874,100
2019-06-28 09:30:00.000000033,100021,100,100001,100,100044,100,99990,100,100055,100,99980,100,100056,100,99967,100,100080,100,99958,100,100081,100,99937,100,100087,100,99931,100,100099,100,99902,100,100110,100,99893,100,100111,100,99874,100
2019-06-28 09:30:00.000000038,100021,100,99990,100,100044,100,99980,100,100055,100,99967,100,100056,100,99958,100,100080,100,99937,100,100081,100,99931,100,100087,100,99902,100,100099,100,99893,100,100110,100,99891,100,100111,100,99874,100
2019-06-28 09:30:00.000000041,100021,100,100001,100,100044,100,99990,100,100055,100,99980,100,100056,100,99967,100,100080,100,99958,100,100081,100,99937,100,100087,100,99931,100,100099,100,99902,100,100110,100,99893,100,100111,100,99891,100
2019-06-28 09:30:00.000000042,100044,100,100001,100,100055,100,99990,100,100056,100,99980,100,100080,100,99967,100,100081,100,99958,100,100087,100,99937,100,100099,100,99931,100,100110,100,99902,100,100111,100,99893,100,100122,100,99891,100
2019-06-28 09:30:00.000000045,100044,100,100001,100,100055,100,99990,100,100056,100,99980,100,100080,100,99967,100,100081,100,99958,100,100087,100,99937,100,100099,100,99931,100,100110,100,99929,100,100111,100,99902,100,100122,100,99893,100
2019-06-28 09:30:00.000000047,100044,100,100001,200,100055,100,99990,100,100056,100,99980,100,100080,100,99967,100,100081,100,99958,100,100087,100,99937,100,100099,100,99931,100,100110,100,99929,100,100111,100,99911,100,100122,100,99902,100
2019-06-28 09:30:00.000000052,100044,100,100001,200,100055,100,99990,100,100056,100,99983,100,100080,100,99980,100,100081,100,99967,100,100087,100,99958,100,100099,100,99937,100,100110,100,99931,100,100111,100,99929,100,100122,100,99911,100
2019-06-28 09:30:00.000000056,100044,100,100001,200,100055,100,99990,100,100056,100,99983,100,100080,100,99980,100,100081,100,99967,100,100087,100,99958,100,100099,100,99953,100,100110,100,99937,100,100111,100,99931,100,100122,100,99929,100
2019-06-28 09:30:00.000000057,100038,100,100001,200,100044,100,99990,100,100055,100,99983,100,100056,100,99980,100,100080,100,99967,100,100081,100,99958,100,100087,100,99953,100,100099,100,99937,100,100110,100,99931,100,100111,100,99929,100
2019-06-28 09:30:00.000000059,100038,100,100001,200,100044,100,99990,100,100055,100,99983,100,100056,100,99980,100,100080,100,99967,100,100081,100,99958,100,100087,100,99953,100,100099,100,99937,100,100110,100,99931,100,100111,100,99929,100
2019-06-28 09:30:00.000000060,100021,100,100001,200,100038,100,99990,100,100044,100,99983,100,100055,100,99980,100,100056,100,99967,100,100080,100,99958,100,100081,100,99953,100,100087,100,99937,100,100099,100,99931,100,100110,100,99929,100
2019-06-28 09:30:00.000000063,100021,100,100001,100,100038,100,99990,100,100044,100,99983,100,100055,100,99980,100,100056,100,99967,100,100080,100,99958,100,100081,100,99953,100,100087,100,99937,100,100099,100,99931,100,100110,100,99929,100
2019-06-28 09:30:00.000000064,100021,100,100002,100,100038,100,100001,100,100044,100,99990,100,100055,100,99983,100,100056,100,99980,100,100080,100,99967,100,100081,100,99958,100,100087,100,99953,100,100099,100,99937,100,100110,100,99931,100
2019-06-28 09:30:00.000000066,100021,100,100002,100,100038,100,100001,100,100044,100,99990,100,100055,100,99983,100,100056,100,99980,100,100080,100,99967,100,100081,100,99958,100,100087,100,99953,100,100099,100,99937,100,100110,100,99931,100
2019-06-28 09:30:00.000000067,100020,100,100002,100,100021,100,100001,100,100038,100,99990,100,100044,100,99983,100,100055,100,99980,100,100056,100,99967,100,100080,100,99958,100,100081,100,99953,100,100087,100,99937,100,100099,100,99931,100
2019-06-28 09:30:00.000000068,100020,100,100002,100,100021,100,100001,100,100038,100,99990,100,100044,100,99983,100,100055,100,99980,100,100056,100,99967,100,100080,100,99958,100,100081,100,99953,100,100087,100,99937,100,100099,100,99931,100
2019-06-28 09:30:00.000000069,100020,100,100002,100,100021,100,100001,100,100038,100,99990,100,100044,100,99983,100,100055,100,99980,100,100056,100,99967,100,100080,100,99958,100,100081,100,99953,100,100087,100,99937,100,100099,100,99931,100
2019-06-28 09:30:00.000000070,100020,100,100002,100,100021,100,100001,100,100038,100,99990,100,100044,100,99983,100,100055,100,99980,100,100056,100,99967,100,100080,100,99958,100,100081,100,99953,100,100087,100,99937,100,100099,100,99931,100
2019-06-28 09:30:00.000000072,100020,100,100002,100,100021,100,100001,100,100038,100,99990,100,100044,100,99983,100,100055,100,99980,100,100056,100,99967,100,100080,100,99958,100,100081,100,99953,100,100087,100,99937,100,100099,100,99931,100
2019-06-28 09:30:00.000000073,100020,100,100001,100,100021,100,99990,100,100038,100,99983,100,100044,100,99980,100,100055,100,99967,100,100056,100,99958,100,100080,100,99953,100,100081,100,99937,100,100087,100,99931,100,100099,100,99929,100
2019-06-28 09:30:00.000000077,100020,100,99990,100,100021,100,99983,100,100038,100,99980,100,100044,100,99967,100,100055,100,99958,100,100056,100,99953,100,100080,100,99937,100,100081,100,99931,100,100087,100,99929,100,100099,100,99927,100
2019-06-28 09:30:00.000000078,100020,100,100001,100,100021,100,99990,100,100038,100,99983,100,100044,100,99980,100,100055,100,99967,100,100056,100,99958,100,100080,100,99953,100,100081,100,99937,100,100087,100,99931,100,100099,100,99929,100
2019-06-28 09:30:00.000000079,100020,100,100001,100,100021,100,99990,100,100038,100,99983,100,100044,100,99980,100,100055,100,99967,100,100056,100,99958,100,100080,100,99953,100,100081,100,99937,100,100087,100,99931,100,100099,100,99929,100
2019-06-28 09:30:00.000000080,100020,100,100001,100,100021,100,100000,100,100038,100,99990,100,100044,100,99983,100,100055,100,99980,100,100056,100,99967,100,100080,100,99958,100,100081,100,99953,100,100087,100,99937,100,100099,100,99931,100
2019-06-28 09:30:00.000000086,100020,100,100001,100,100021,100,100000,100,100038,100,99990,100,100044,100,99983,100,100055,100,99980,100,100056,100,99967,100,100080,100,99958,100,100081,100,99953,100,100087,100,99937,100,100099,100,99931,100
2019-06-28 09:30:00.000000088,100017,100,100001,100,100020,100,100000,100,100021,100,99990,100,100038,100,99983,100,100044,100,99980,100,100055,100,99967,100,100056,100,99958,100,100080,100,99953,100,100081,100,99949,100,100087,100,99937,100
2019-06-28 09:30:00.000000090,100017,100,100001,100,100020,100,100000,100,100021,100,99990,100,100038,100,99983,100,100044,100,99980,100,100055,100,99967,100,100056,100,99958,100,100080,100,99953,100,100081,100,99949,100,100087,100,99937,100
2019-06-28 09:30:00.000000091,100017,100,100001,100,100020,100,100000,100,100021,100,99990,100,100038,100,99983,100,100044,100,99980,100,100055,100,99967,100,100056,100,99958,100,100080,100,99953,100,100081,100,99949,100,100087,100,99937,100
2019-06-28 09:30:00.000000094,100017,100,100010,100,100020,100,100001,100,100021,100,100000,100,100038,100,99990,100,100044,100,99983,100,100055,100,99980,100,100056,100,99967,100,100080,100,99958,100,100081,100,99957,100,100087,100,99953,100
2019-06-28 09:30:00.000000095,100017,100,100010,100,100020,100,100001,100,100021,100,100000,100,100038,100,99990,100,100044,100,99983,100,100055,100,99980,100,100056,100,99967,100,100080,100,99958,100,100081,100,99957,100,100087,100,99953,100
2019-06-28 09:30:00.000000097,100017,100,100010,100,100020,100,100001,100,100021,100,100000,100,100038,100,99990,100,100044,100,99983,100,100055,100,99980,100,100056,100,99967,100,100080,100,99958,100,100081,100,99957,100,100087,100,99953,100
2019-06-28 09:30:00.000000098,100017,100,100010,100,100020,100,100001,100,100021,100,100000,100,100038,100,99990,100,100044,100,99983,100,100055,100,99980,100,100056,100,99967,100,100080,100,99958,100,100081,100,99957,100,100087,100,99953,100
2019-06-28 09:30:01.920383600,100017,100,100001,100,100020,100,100000,100,100021,100,99990,100,100038,100,99983,100,100044,100,99980,100,100055,100,99967,100,100056,100,99958,100,100080,100,99957,100,100081,100,99953,100,100087,100,99949,100
2019-06-28 09:30:10.000000000,100017,327,100001,327,100020,327,100000,327,100021,100,99990,100,100038,100,99983,100,100044,100,99980,100,100055,100,99967,100,100056,100,99958,100,100080,100,99957,100,100081,100,99953,100,100087,100,99949,100
2019-06-28 09:30:20.000000000,100017,191,100001,191,100020,191,100000,191,100021,191,99990,191,100038,191,99983,191,100044,191,99980,191,100055,100,99967,100,100056,100,99958,100,100080,100,99957,100,100081,100,99953,100,100087,100,99949,100
2019-06-28 09:30:20.093295486,100017,191,100001,91,100020,191,100000,191,100021,191,99990,191,100038,191,99983,191,100044,191,99980,191,100055,100,99967,100,100056,100,99958,100,100080,100,99957,100,100081,100,99953,100,100087,100,99949,100
2019-06-28 09:30:30.000000000,100017,214,100000,214,100020,214,99990,214,100021,214,99983,214,100038,214,99980,214,100044,100,99967,100,100055,100,99958,100,100056,100,99957,100,100080,100,99953,100,100081,100,99949,100,100087,100,99937,100
2019-06-28 09:30:33.839137097,100017,214,100002,100,100020,114,100000,214,100021,214,99990,214,100038,214,99983,214,100044,100,99980,214,100055,100,99967,100,100056,100,99958,100,100080,100,99957,100,100081,100,99953,100,100087,100,99949,100
2019-06-28 09:30:38.322627307,100017,114,100002,100,100020,114,100000,214,100021,214,99990,214,100038,214,99983,214,100044,100,99980,214,100055,100,99967,100,100056,100,99958,100,100080,100,99957,100,100081,100,99953,100,100087,100,99949,100
2019-06-28 09:30:40.000000000,100021,327,100002,327,100038,327,100000,327,100044,100,99990,100,100055,100,99983,100,100056,100,99980,100,100080,100,99967,100,100081,100,99958,100,100087,100,99957,100,100099,100,99953,100,100110,100,99949,100
2019-06-28 09:30:46.282686744,100021,227,100002,327,100038,327,100000,227,100044,100,99990,100,100055,100,99983,100,100056,100,99980,100,100080,100,99967,100,100081,100,99958,100,100087,100,99957,100,100099,100,99953,100,100110,100,99949,100
2019-06-28 09:30:49.070006130,100021,127,100002,327,100038,327,100000,227,100044,100,99990,100,100055,100,99983,100,100056,100,99980,100,100080,100,99967,100,100081,100,99958,100,100087,100,99957,100,100099,100,99953,100,100110,100,99949,100
2019-06-28 09:30:50.000000000,100038,191,100002,191,100044,191,99990,191,100055,191,99983,191,100056,191,99980,191,100080,191,99967,191,100081,100,99958,100,100087,100,99957,100,100099,100,99953,100,100110,100,99949,100,100111,100,99937,100
2019-06-28 09:31:00.000000000,100038,214,100002,214,100044,214,99990,214,100055,214,99983,214,100056,214,99980,214,100080,100,99967,100,100081,100,99958,100,100087,100,99957,100,100099,100,99953,100,100110,100,99949,100,100111,100,99937,100
2019-06-28 09:31:10.000000000,100038,191,100002,191,100044,191,99990,191,100055,191,99983,191,100056,191,99980,191,100080,191,99967,191,100081,100,99958,100,100087,100,99957,100,100099,100,99953,100,100110,100,99949,100,100111,100,99937,100
2019-06-28 09:31:20.000000000,100038,554,100002,554,100044,100,99990,100,100055,100,99983,100,100056,100,99980,100,100080,100,99967,100,100081,100,99958,100,100087,100,99957,100,100099,100,99953,100,100110,100,99949,100,100111,100,99937,100
2019-06-28 09:31:30.000000000,100038,214,100002,214,100044,214,99990,214,100055,214,99983,214,100056,214,99980,214,100080,100,99967,100,100081,100,99958,100,100087,100,99957,100,100099,100,99953,100,100110,100,99949,100,100111,100,99937,100
2019-06-28 09:31:35.349048563,100038,214,100002,214,100044,214,99990,214,100055,214,99983,214,100056,214,99980,214,100080,100,99967,100,100081,100,99958,100,100087,100,99957,100,100099,100,99953,100,100110,100,99949,100,100111,100,99937,100
2019-06-28 09:31:35.653163138,100038,214,100002,214,100044,214,99990,214,100055,214,99983,214,100056,214,99980,114,100080,100,99967,100,100081,100,99958,100,100087,100,99957,100,100099,100,99953,100,100110,100,99949,100,100111,100,99937,100
2019-06-28 09:31:40.000000000,100038,554,100002,554,100044,100,99990,100,100055,100,99983,100,100056,100,99967,100,100080,100,99958,100,100081,100,99957,100,100087,100,99953,100,100099,100,99949,100,100110,100,99937,100,100111,100,99931,100
2019-06-28 09:31:42.589039096,100038,454,100002,554,100044,100,99990,100,100055,100,99983,100,100056,100,99967,100,100081,100,99958,100,100087,100,99957,100,100099,100,99953,100,100110,100,99949,100,100111,100,99937,100,100122,100,99931,100
2019-06-28 09:31:43.914245755,100038,454,100002,554,100044,100,99990,100,100055,100,99983,100,100056,100,99967,100,100081,100,99958,100,100087,100,99957,100,100110,100,99953,100,100111,100,99949,100,100122,100,99937,100,100136,100,99931,100
2019-06-28 09:31:50.000000000,100044,214,100002,214,100055,214,99990,214,100056,214,99983,214,100081,214,99967,214,100087,100,99958,100,100110,100,99957,100,100111,100,99953,100,100122,100,99949,100,100136,100,99937,100,100154,100,99931,100
2019-06-28 09:31:57.234537006,100044,114,100002,214,100055,214,99990,214,100056,214,99983,214,100081,214,99967,214,100087,100,99958,100,100110,100,99957,100,100111,100,99953,100,100122,100,99949,100,100136,100,99937,100,100154,100,99931,100
2019-06-28 09:32:00.000000000,100055,254,100002,254,100056,250,99990,250,100081,250,99983,250,100087,100,99967,100,100110,100,99958,100,100111,100,99957,100,100122,100,99953,100,100136,100,99949,100,100154,100,99937,100,100158,100,99931,100
2019-06-28 09:32:02.864759062,100055,254,100002,254,100056,250,99990,250,100081,250,99983,250,100087,100,99967,100,100110,100,99958,100,100111,100,99957,100,100122,100,99953,100,100136,100,99949,100,100154,100,99937,100,100158,100,99931,100
2019-06-28 09:32:10.000000000,100055,191,100002,191,100056,191,99990,191,100081,191,99983,191,100087,191,99967,191,100110,191,99958,191,100111,100,99957,100,100122,100,99953,100,100136,100,99949,100,100154,100,99937,100,100158,100,99931,100
2019-06-28 09:32:12.921382055,100055,91,100002,191,100056,191,99990,191,100081,191,99983,191,100087,191,99967,191,100110,191,99958,191,100111,100,99957,100,100122,100,99953,100,100136,100,99949,100,100154,100,99937,100,100158,100,99931,100
2019-06-28 09:32:20.000000000,100056,191,100002,191,100081,191,99990,191,100087,191,99983,191,100110,191,99967,191,100111,191,99958,191,100122,100,99957,100,100136,100,99953,100,100154,100,99949,100,100158,100,99937,100,100163,100,99931,100
2019-06-28 09:32:30.000000000,100056,254,100002,254,100081,250,99990,250,100087,250,99983,250,100110,100,99967,100,100111,100,99958,100,100122,100,99957,100,100136,100,99953,100,100154,100,99949,100,100158,100,99937,100,100163,100,99931,100
2019-06-28 09:32:40.000000000,100056,554,100002,554,100081,100,99990,100,100087,100,99983,100,100110,100,99967,100,100111,100,99958,100,100122,100,99957,100,100136,100,99953,100,100154,100,99949,100,100158,100,99937,100,100163,100,99931,100
2019-06-28 09:32:44.124904214,100056,454,100002,554,100081,100,99990,100,100087,100,99983,100,100110,100,99967,100,100111,100,99958,100,100122,100,99957,100,100136,100,99953,100,100154,100,99949,100,100158,100,99937,100,100163,100,99931,100
2019-06-28 09:32:50.000000000,100081,327,100002,327,100087,327,99990,327,100110,100,99983,100,100111,100,99967,100,100122,100,99958,100,100136,100,99957,100,100154,100,99953,100,100158,100,99949,100,100163,100,99937,100,100169,100,99931,100
2019-06-28 09:32:51.297830795,100081,327,100002,327,100087,327,99990,327,100110,100,99983,100,100111,100,99967,100,100122,100,99958,100,100136,100,99957,100,100154,100,99953,100,100158,100,99949,100,100163,100,99937,100,100169,100,99931,100
2019-06-28 09:33:00.000000000,100081,191,100002,191,100087,191,99990,191,100110,191,99983,191,100111,191,99967,191,100122,191,99958,191,100136,100,99957,100,100154,100,99953,100,100158,100,99949,100,100163,100,99937,100,100169,100,99931,100
2019-06-28 09:33:10.000000000,100081,327,100002,327,100087,327,99990,327,100110,100,99983,100,100111,100,99967,100,100122,100,99958,100,100136,100,99957,100,100154,100,99953,100,100158,100,99949,100,100163,100,99937,100,100169,100,99931,100
2019-06-28 09:33:20.000000000,100081,554,100002,554,100087,100,99990,100,100110,100,99983,100,100111,100,99967,100,100122,100,99958,100,100136,100,99957,100,100154,100,99953,100,100158,100,99949,100,100163,100,99937,100,100169,100,99931,100
2019-06-28 09:33:30.000000000,100081,327,100002,327,100087,327,99990,327,100110,100,99983,100,100111,100,99967,100,100122,100,99958,100,100136,100,99957,100,100154,100,99953,100,100158,100,99949,100,100163,100,99937,100,100169,100,99931,100
2019-06-28 09:33:40.000000000,100081,191,100002,191,100087,191,99990,191,100110,191,99983,191,100111,191,99967,191,100122,191,99958,191,100136,100,99957,100,100154,100,99953,100,100158,100,99949,100,100163,100,99937,100,100169,100,99931,100
2019-06-28 09:33:49.410054861,100081,191,100002,191,100087,191,99990,191,100110,91,99983,191,100111,191,99967,191,100122,191,99958,191,100136,100,99957,100,100154,100,99953,100,100158,100,99949,100,100163,100,99937,100,100169,100,99931,100
2019-06-28 09:33:50.000000000,100081,191,100002,191,100087,191,99990,191,100111,191,99983,191,100122,191,99967,191,100136,191,99958,191,100154,100,99957,100,100158,100,99953,100,100163,100,99949,100,100169,100,99937,100,100174,100,99931,100
2019-06-28 09:33:59.116130963,100081,191,100055,100,100087,191,100002,191,100111,191,99990,191,100122,191,99983,191,100136,191,99967,191,100154,100,99958,191,100158,100,99957,100,100163,100,99953,100,100169,100,99949,100,100174,100,99937,100
2019-06-28 09:34:00.000000000,100081,254,100055,254,100087,250,100002,250,100111,250,99990,250,100122,100,99983,100,100136,100,99967,100,100154,100,99958,100,100158,100,99957,100,100163,100,99953,100,100169,100,99949,100,100174,100,99937,100
2019-06-28 09:34:07.860197547,100081,254,100055,254,100087,250,100002,250,100111,250,99990,250,100122,100,99983,100,100136,100,99967,100,100154,100,99958,100,100158,100,99957,100,100169,100,99953,100,100174,100,99949,100,100189,100,99937,100
2019-06-28 09:34:09.364713749,100081,254,100055,254,100087,250,100002,250,100111,250,99990,250,100122,100,99983,100,100136,100,99967,100,100154,100,99958,100,100158,100,99957,100,100169,100,99953,100,100174,100,99949,100,100189,100,99937,100
2019-06-28 09:34:10.000000000,100081,191,100055,191,100087,191,100002,191,100111,191,99990,191,100122,191,99983,191,100136,191,99967,191,100154,100,99958,100,100158,100,99957,100,100169,100,99953,100,100174,100,99949,100,100189,100,99937,100
2019-06-28 09:34:11.960876421,100081,91,100055,191,100087,191,100002,191,100111,191,99990,191,100122,191,99983,191,100136,191,99967,191,100154,100,99958,100,100158,100,99957,100,100169,100,99953,100,100174,100,99949,100,100189,100,99937,100
2019-06-28 09:34:20.000000000,100087,327,100055,327,100111,327,100002,327,100122,100,99990,100,100136,100,99983,100,100154,100,99967,100,100158,100,99958,100,100169,100,99957,100,100174,100,99953,100,100189,100,99949,100,100223,100,99937,100
2019-06-28 09:34:30.000000000,100087,191,100055,191,100111,191,100002,191,100122,191,99990,191,100136,191,99983,191,100154,191,99967,191,100158,100,99958,100,100169,100,99957,100,100174,100,99953,100,100189,100,99949,100,100223,100,99937,100
2019-06-28 09:34:34.693039557,100087,91,100055,191,100111,191,100002,191,100122,191,99990,191,100136,191,99983,191,100154,191,99967,191,100158,100,99958,100,100169,100,99957,100,100174,100,99953,100,100189,100,99949,100,100223,100,99937,100
2019-06-28 09:34:40.000000000,100111,327,100055,327,100122,327,100002,327,100136,100,99990,100,100154,100,99983,100,100158,100,99967,100,100169,100,99958,100,100174,100,99957,100,100189,100,99953,100,100223,100,99949,100,100236,100,99937,100
2019-06-28 09:34:40.014750012,100111,327,100055,327,100122,327,100002,327,100136,100,99990,100,100154,100,99983,100,100158,100,99967,100,100169,100,99958,100,100174,100,99957,100,100189,100,99953,100,100223,100,99949,100,100236,100,99937,100
2019-06-28 09:34:44.969793880,100111,327,100055,327,100122,327,100002,327,100136,100,99990,100,100154,100,99983,100,100158,100,99967,100,100169,100,99958,100,100174,100,99957,100,100189,100,99953,100,100223,100,99949,100,100236,100,99931,100
2019-06-28 09:34:50.000000000,100111,254,100055,254,100122,250,100002,250,100136,250,99990,250,100154,100,99983,100,100158,100,99967,100,100169,100,99958,100,100174,100,99957,100,100189,100,99953,100,100223,100,99949,100,100236,100,99931,100
2019-06-28 09:34:56.085845507,100111,254,100080,100,100122,250,100055,254,100136,250,100002,250,100154,100,99990,250,100158,100,99983,100,100169,100,99967,100,100174,100,99958,100,100189,100,99957,100,100223,100,99953,100,100236,100,99949,100
2019-06-28 09:34:56.905740525,100111,254,100081,100,100122,250,100080,100,100136,250,100055,254,100154,100,100002,250,100158,100,99990,250,100169,100,99983,100,100174,100,99967,100,100189,100,99958,100,100223,100,99957,100,100236,100,99953,100
2019-06-28 09:35:00.000000000,100111,191,100081,191,100122,191,100080,191,100136,191,100055,191,100154,191,100002,191,100158,191,99990,191,100169,100,99983,100,100174,100,99967,100,100189,100,99958,100,100223,100,99957,100,100236,100,99953,100
2019-06-28 09:35:10.000000000,100111,327,100081,327,100122,327,100080,327,100136,100,100055,100,100154,100,100002,100,100158,100,99990,100,100169,100,99983,100,100174,100,99967,100,100189,100,99958,100,100223,100,99957,100,100236,100,99953,100
2019-06-28 09:35:15.073150054,100111,327,100081,327,100121,100,100080,327,100122,327,100055,100,100136,100,100002,100,100154,100,99990,100,100158,100,99983,100,100169,100,99967,100,100174,100,99958,100,100189,100,99957,100,100223,100,99953,100
2019-06-28 09:35:20.000000000,100111,191,100081,191,100121,191,100080,191,100122,191,100055,191,100136,191,100002,191,100154,191,99990,191,100158,100,99983,100,100169,100,99967,100,100174,100,99958,100,100189,100,99957,100,100223,100,99953,100
2019-06-28 09:35:30.000000000,100111,191,100081,191,100121,191,100080,191,100122,191,100055,191,100136,191,100002,191,100154,191,99990,191,100158,100,99983,100,100169,100,99967,100,100174,100,99958,100,100189,100,99957,100,100223,100,99953,100
2019-06-28 09:35:40.000000000,100111,214,100081,214,100121,214,100080,214,100122,214,100055,214,100136,214,100002,214,100154,100,99990,100,100158,100,99983,100,100169,100,99967,100,100174,100,99958,100,100189,100,99957,100,100223,100,99953,100
2019-06-28 09:35:50.000000000,100111,214,100081,214,100121,214,100080,214,100122,214,100055,214,100136,214,100002,214,100154,100,99990,100,100158,100,99983,100,100169,100,99967,100,100174,100,99958,100,100189,100,99957,100,100223,100,99953,100
2019-06-28 09:36:00.000000000,100111,554,100081,554,100121,100,100080,100,100122,100,100055,100,100136,100,100002,100,100154,100,99990,100,100158,100,99983,100,100169,100,99967,100,100174,100,99958,100,100189,100,99957,100,100223,100,99953,100
2019-06-28 09:36:10.000000000,100111,191,100081,191,100121,191,100080,191,100122,191,100055,191,100136,191,100002,191,100154,191,99990,191,100158,100,99983,100,100169,100,99967,100,100174,100,99958,100,100189,100,99957,100,100223,100,99953,100
2019-06-28 09:36:20.000000000,100111,191,100081,191,100121,191,100080,191,100122,191,100055,191,100136,191,100002,191,100154,191,99990,191,100158,100,99983,100,100169,100,99967,100,100174,100,99958,100,100189,100,99957,100,100223,100,99953,100
2019-06-28 09:36:30.000000000,100111,254,100081,254,100121,250,100080,250,100122,250,100055,250,100136,100,100002,100,100154,100,99990,100,100158,100,99983,100,100169,100,99967,100,100174,100,99958,100,100189,100,99957,100,100223,100,99953,100
2019-06-28 09:36:40.000000000,100111,254,100081,254,100121,250,100080,250,100122,250,100055,250,100136,100,100002,100,100154,100,99990,100,100158,100,99983,100,100169,100,99967,100,100174,100,99958,100,100189,100,99957,100,100223,100,99953,100
2019-06-28 09:36:46.206752330,100111,154,100081,254,100121,250,100080,250,100122,250,100055,250,100136,100,100002,100,100158,100,99990,100,100169,100,99983,100,100174,100,99967,100,100189,100,99958,100,100223,100,99957,100,100236,100,99953,100
2019-06-28 09:36:50.000000000,100121,554,100081,554,100122,100,100080,100,100136,100,100055,100,100158,100,100002,100,100169,100,99990,100,100174,100,99983,100,100189,100,99967,100,100223,100,99958,100,100236,100,99957,100,100298,100,99953,100
2019-06-28 09:36:59.120594245,100121,554,100081,554,100122,100,100080,100,100136,100,100055,100,100158,100,100002,100,100169,100,99990,100,100174,100,99983,100,100189,100,99967,100,100223,100,99958,100,100236,100,99957,100,100298,100,99953,100
2019-06-28 09:37:00.000000000,100121,554,100081,554,100122,100,100080,100,100136,100,100055,100,100158,100,100002,100,100169,100,99990,100,100174,100,99983,100,100189,100,99967,100,100223,100,99958,100,100236,100,99957,100,100298,100,99953,100
2019-06-28 09:37:10.000000000,100121,554,100081,554,100122,100,100080,100,100136,100,100055,100,100158,100,100002,100,100169,100,99990,100,100174,100,99983,100,100189,100,99967,100,100223,100,99958,100,100236,100,99957,100,100298,100,99953,100
2019-06-28 09:37:20.000000000,100121,254,100081,254,100122,250,100080,250,100136,250,100055,250,100158,100,100002,100,100169,100,99990,100,100174,100,99983,100,100189,100,99967,100,100223,100,99958,100,100236,100,99957,100,100298,100,99953,100
2019-06-28 09:37:30.000000000,100121,191,100081,191,100122,191,100080,191,100136,191,100055,191,100158,191,100002,191,100169,191,99990,191,100174,100,99983,100,100189,100,99967,100,100223,100,99958,100,100236,100,99957,100,100298,100,99953,100
2019-06-28 09:37:31.757814795,100121,191,100081,191,100122,191,100080,191,100136,191,100055,191,100158,191,100002,191,100169,191,99990,191,100174,100,99983,100,100189,100,99967,100,100223,100,99958,100,100236,100,99957,100,100298,100,99953,100
2019-06-28 09:37:40.000000000,100121,191,100081,191,100122,191,100080,191,100136,191,100055,191,100158,191,100002,191,100169,191,99990,191,100174,100,99983,100,100189,100,99967,100,100223,100,99958,100,100236,100,99957,100,100298,100,99953,100
2019-06-28 09:37:41.704436863,100121,191,100081,91,100122,191,100080,191,100136,191,100055,191,100158,191,100002,191,100169,191,99990,191,100174,100,99983,100,100189,100,99967,100,100223,100,99958,100,100236,100,99957,100,100298,100,99953,100
2019-06-28 09:37:50.000000000,100121,554,100080,554,100122,100,100055,100,100136,100,100002,100,100158,100,99990,100,100169,100,99983,100,100174,100,99967,100,100189,100,99958,100,100223,100,99957,100,100236,100,99953,100,100298,100,99949,200
2019-06-28 09:37:54.241263098,100110,100,100080,554,100121,554,100055,100,100122,100,100002,100,100136,100,99990,100,100158,100,99983,100,100169,100,99967,100,100174,100,99958,100,100189,100,99957,100,100223,100,99953,100,100236,100,99949,200
2019-06-28 09:37:56.115506779,100110,100,100080,554,100121,554,100055,100,100122,100,100002,100,100136,100,99990,100,100158,100,99983,100,100169,100,99967,100,100174,100,99958,100,100189,100,99957,100,100223,100,99953,100,100236,100,99949,200
2019-06-28 09:38:00.000000000,100110,214,100080,214,100121,214,100055,214,100122,214,100002,214,100136,214,99990,214,100158,100,99983,100,100169,100,99967,100,100174,100,99958,100,100189,100,99957,100,100223,100,99953,100,100236,100,99949,200
2019-06-28 09:38:03.251687003,100110,214,100080,114,100121,214,100055,214,100122,214,100002,214,100136,214,99990,214,100158,100,99983,100,100169,100,99967,100,100174,100,99958,100,100189,100,99957,100,100223,100,99953,100,100236,100,99949,200
2019-06-28 09:38:03.755619483,100110,214,100080,114,100121,214,100055,214,100122,214,100002,214,100136,214,99990,214,100158,100,99983,100,100169,100,99967,100,100174,100,99958,100,100189,100,99953,100,100223,100,99949,200,100236,100,99931,100
2019-06-28 09:38:10.000000000,100110,254,100055,254,100121,250,100002,250,100122,250,99990,250,100136,100,99983,100,100158,100,99967,100,100169,100,99958,100,100174,100,99953,100,100189,100,99949,200,100223,100,99931,100,100236,100,99930,100
2019-06-28 09:38:19.368745757,100081,100,100055,254,100110,254,100002,250,100121,250,99990,250,100122,250,99983,100,100136,100,99967,100,100158,100,99958,100,100169,100,99953,100,100174,100,99949,200,100189,100,99931,100,100223,100,99930,100
2019-06-28 09:38:20.000000000,100081,214,100055,214,100110,214,100002,214,100121,214,99990,214,100122,214,99983,214,100136,100,99967,100,100158,100,99958,100,100169,100,99953,100,100174,100,99949,200,100189,100,99931,100,100223,100,99930,100
2019-06-28 09:38:30.000000000,100081,327,100055,327,100110,327,100002,327,100121,100,99990,100,100122,100,99983,100,100136,100,99967,100,100158,100,99958,100,100169,100,99953,100,100174,100,99949,200,100189,100,99931,100,100223,100,99930,100
2019-06-28 09:38:40.000000000,100081,327,100055,327,100110,327,100002,327,100121,100,99990,100,100122,100,99983,100,100136,100,99967,100,100158,100,99958,100,100169,100,99953,100,100174,100,99949,200,100189,100,99931,100,100223,100,99930,100
2019-06-28 09:38:50.000000000,100081,554,100055,554,100110,100,100002,100,100121,100,99990,100,100122,100,99983,100,100136,100,99967,100,100158,100,99958,100,100169,100,99953,100,100174,100,99949,200,100189,100,99931,100,100223,100,99930,100
2019-06-28 09:38:57.147506375,100081,554,100055,454,100110,100,100002,100,100121,100,99990,100,100122,100,99983,100,100158,100,99967,100,100169,100,99958,100,100174,100,99953,100,100189,100,99949,200,100223,100,99931,100,100236,100,99930,100
2019-06-28 09:38:59.370800574,100081,554,100055,454,100110,100,100002,100,100121,100,99990,100,100122,100,99983,100,100158,100,99967,100,100169,100,99958,100,100174,100,99953,100,100189,100,99949,200,100223,100,99931,100,100236,100,99930,100
2019-06-28 09:39:00.000000000,100081,254,100002,254,100110,250,99990,250,100121,250,99983,250,100122,100,99967,100,100158,100,99958,100,100169,100,99953,100,100174,100,99949,200,100189,100,99931,100,100223,100,99930,100,100236,100,99927,100
2019-06-28 09:39:03.377400128,100080,100,100002,154,100081,254,99990,250,100110,250,99983,250,100121,250,99967,100,100122,100,99958,100,100158,100,99953,100,100169,100,99949,200,100174,100,99931,100,100189,100,99930,100,100223,100,99927,100
2019-06-28 09:39:10.000000000,100080,191,99990,191,100081,191,99983,191,100110,191,99967,191,100121,191,99958,191,100122,191,99953,191,100158,100,99949,200,100169,100,99931,100,100174,100,99930,100,100189,100,99927,100,100223,100,99911,100
2019-06-28 09:39:20.000000000,100080,327,99990,327,100081,327,99983,327,100110,100,99967,100,100121,100,99958,100,100122,100,99953,100,100158,100,99949,200,100169,100,99931,100,100174,100,99930,100,100189,100,99927,100,100223,100,99911,100
2019-06-28 09:39:22.515753426,100080,327,99990,327,100081,327,99983,327,100110,100,99967,100,100121,100,99958,100,100122,100,99953,100,100158,100,99949,200,100169,100,99931,100,100174,100,99930,100,100189,100,99927,100,100223,100,99911,100
2019-06-28 09:39:28.166380121,100080,327,99990,327,100081,327,99983,327,100110,100,99967,100,100121,100,99958,100,100122,100,99953,100,100158,100,99949,200,100169,100,99931,100,100174,100,99930,100,100189,100,99927,100,100223,100,99911,100
2019-06-28 09:39:30.000000000,100080,214,99990,214,100081,214,99983,214,100110,214,99967,214,100121,214,99958,214,100122,100,99953,100,100158,100,99949,200,100169,100,99931,100,100174,100,99930,100,100189,100,99927,100,100223,100,99911,100
2019-06-28 09:39:40.000000000,100080,327,99990,327,100081,327,99983,327,100110,100,99967,100,100121,100,99958,100,100122,100,99953,100,100158,100,99949,200,100169,100,99931,100,100174,100,99930,100,100189,100,99927,100,100223,100,99911,100
2019-06-28 09:39:43.482248321,100080,327,99990,227,100081,327,99983,327,100110,100,99967,100,100121,100,99958,100,100122,100,99953,100,100158,100,99949,200,100169,100,99931,100,100174,100,99930,100,100189,100,99927,100,100223,100,99911,100
2019-06-28 09:39:50.000000000,100080,554,99983,554,100081,100,99967,100,100110,100,99958,100,100121,100,99953,100,100122,100,99949,200,100158,100,99931,100,100169,100,99930,100,100174,100,99927,100,100189,100,99911,100,100223,100,99902,100
2019-06-28 09:40:00.000000000,100080,554,99983,554,100081,100,99967,100,100110,100,99958,100,100121,100,99953,100,100122,100,99949,200,100158,100,99931,100,100169,100,99930,100,100174,100,99927,100,100189,100,99911,100,100223,100,99902,100
2019-06-28 09:40:10.000000000,100080,254,99983,254,100081,250,99967,250,100110,250,99958,250,100121,100,99953,100,100122,100,99949,200,100158,100,99931,100,100169,100,99930,100,100174,100,99927,100,100189,100,99911,100,100223,100,99902,100
2019-06-28 09:40:15.943537335,100080,254,99983,254,100081,250,99967,250,100110,250,99958,250,100121,100,99953,100,100122,100,99949,200,100158,100,99931,100,100169,100,99930,100,100174,100,99927,100,100189,100,99911,100,100223,100,99902,100
2019-06-28 09:40:20.000000000,100080,554,99983,554,100081,100,99967,100,100110,100,99958,100,100121,100,99953,100,100122,100,99949,200,100158,100,99931,100,100169,100,99930,100,100174,100,99927,100,100189,100,99911,100,100223,100,99902,100
2019-06-28 09:40:30.000000000,100080,191,99983,191,100081,191,99967,191,100110,191,99958,191,100121,191,99953,191,100122,191,99949,291,100158,100,99931,100,100169,100,99930,100,100174,100,99927,100,100189,100,99911,100,100223,100,99902,100
2019-06-28 09:40:40.000000000,100080,254,99983,254,100081,250,99967,250,100110,250,99958,250,100121,100,99953,100,100122,100,99949,200,100158,100,99931,100,100169,100,99930,100,100174,100,99927,100,100189,100,99911,100,100223,100,99902,100
2019-06-28 09:40:40.666546120,100055,100,99983,254,100080,254,99967,250,100081,250,99958,250,100110,250,99953,100,100121,100,99949,200,100122,100,99931,100,100158,100,99930,100,100169,100,99927,100,100174,100,99911,100,100189,100,99902,100
2019-06-28 09:40:46.793302080,100055,100,99983,254,100080,254,99967,250,100081,250,99958,250,100110,250,99953,100,100121,100,99949,200,100122,100,99931,100,100158,100,99930,100,100169,100,99927,100,100174,100,99911,100,100189,100,99902,100
2019-06-28 09:40:49.050138182,100055,100,99983,254,100080,254,99967,250,100081,250,99958,250,100110,250,99953,100,100121,100,99949,200,100122,100,99931,100,100158,100,99930,100,100169,100,99927,100,100174,100,99911,100,100189,100,99902,100
2019-06-28 09:40:50.000000000,100055,254,99983,254,100080,250,99967,250,100081,250,99958,250,100110,100,99953,100,100121,100,99949,200,100122,100,99931,100,100158,100,99930,100,100169,100,99927,100,100174,100,99911,100,100189,100,99902,100
2019-06-28 09:40:51.317837493,100055,254,99983,254,100080,250,99967,250,100081,250,99958,250,100110,100,99953,100,100121,100,99949,200,100122,100,99931,100,100158,100,99930,100,100169,100,99927,100,100174,100,99911,100,100189,100,99902,100
2019-06-28 09:41:00.000000000,100055,191,99983,191,100080,191,99967,191,100081,191,99958,191,100110,191,99953,191,100121,191,99949,291,100122,100,99931,100,100158,100,99930,100,100169,100,99927,100,100174,100,99911,100,100189,100,99902,100
2019-06-28 09:41:10.000000000,100055,554,99983,554,100080,100,99967,100,100081,100,99958,100,100110,100,99953,100,100121,100,99949,200,100122,100,99931,100,100158,100,99930,100,100169,100,99927,100,100174,100,99911,100,100189,100,99902,100
2019-06-28 09:41:10.241952122,100055,554,99983,454,100080,100,99967,100,100081,100,99958,100,100110,100,99953,100,100121,100,99949,200,100122,100,99931,100,100158,100,99930,100,100169,100,99911,100,100174,100,99902,100,100189,100,99893,100
2019-06-28 09:41:20.000000000,100055,554,99967,554,100080,100,99958,100,100081,100,99953,100,100110,100,99949,200,100121,100,99931,100,100122,100,99930,100,100158,100,99911,100,100169,100,99902,100,100174,100,99893,100,100189,100,99874,100
2019-06-28 09:41:21.517251144,100055,554,99967,554,100080,100,99958,100,100081,100,99953,100,100110,100,99949,200,100121,100,99931,100,100122,100,99930,100,100158,100,99911,100,100169,100,99902,100,100174,100,99874,100,100189,100,99871,100
2019-06-28 09:41:30.000000000,100055,191,99967,191,100080,191,99958,191,100081,191,99953,191,100110,191,99949,291,100121,191,99931,191,100122,100,99930,100,100158,100,99911,100,100169,100,99902,100,100174,100,99874,100,100189,100,99871,100
2019-06-28 09:41:40.000000000,100055,327,99967,327,100080,327,99958,327,100081,100,99953,100,100110,100,99949,200,100121,100,99931,100,100122,100,99930,100,100158,100,99911,100,100169,100,99902,100,100174,100,99874,100,100189,100,99871,100
2019-06-28 09:41:42.230302843,100055,327,99967,327,100080,327,99958,327,100081,100,99953,100,100110,100,99949,200,100121,100,99931,100,100122,100,99930,100,100158,100,99911,100,100174,100,99902,100,100189,100,99874,100,100223,100,99871,100
2019-06-28 09:41:50.000000000,100055,554,99967,554,100080,100,99958,100,100081,100,99953,100,100110,100,99949,200,100121,100,99931,100,100122,100,99930,100,100158,100,99911,100,100174,100,99902,100,100189,100,99874,100,100223,100,99871,100
2019-06-28 09:42:00.000000000,100055,554,99967,554,100080,100,99958,100,100081,100,99953,100,100110,100,99949,200,100121,100,99931,100,100122,100,99930,100,100158,100,99911,100,100174,100,99902,100,100189,100,99874,100,100223,100,99871,100
2019-06-28 09:42:01.040014952,100055,554,99967,454,100080,100,99958,100,100081,100,99953,100,100110,100,99949,200,100121,100,99931,100,100122,100,99930,100,100158,100,99911,100,100174,100,99902,100,100223,100,99874,100,100236,100,99871,100
2019-06-28 09:42:10.000000000,100055,554,99958,554,100080,100,99953,100,100081,100,99949,200,100110,100,99931,100,100121,100,99930,100,100122,100,99911,100,100158,100,99902,100,100174,100,99874,100,100223,100,99871,100,100236,100,99855,100
2019-06-28 09:42:11.212816697,100055,554,99958,454,100080,100,99953,100,100081,100,99949,200,100110,100,99931,100,100121,100,99930,100,100122,100,99911,100,100158,100,99902,100,100174,100,99874,100,100223,100,99871,100,100236,100,99855,100
2019-06-28 09:42:13.890334557,100055,554,99958,454,100080,100,99953,100,100081,100,99949,200,100110,100,99931,100,100121,100,99930,100,100122,100,99911,100,100158,100,99902,100,100174,100,99874,100,100223,100,99871,100,100236,100,99855,100
2019-06-28 09:42:20.000000000,100055,327,99953,327,100080,327,99949,427,100081,100,99931,100,100110,100,99930,100,100121,100,99911,100,100122,100,99902,100,100158,100,99874,100,100174,100,99871,100,100223,100,99855,100,100236,100,99840,100
2019-06-28 09:42:30.000000000,100055,254,99953,254,100080,250,99949,350,100081,250,99931,250,100110,100,99930,100,100121,100,99911,100,100122,100,99902,100,100158,100,99874,100,100174,100,99871,100,100223,100,99855,100,100236,100,99840,100
2019-06-28 09:42:34.890255681,100055,254,100016,100,100080,250,99953,254,100081,250,99949,350,100110,100,99931,250,100121,100,99930,100,100122,100,99911,100,100158,100,99902,100,100174,100,99874,100,100223,100,99871,100,100236,100,99855,100
2019-06-28 09:42:40.000000000,100055,191,100016,191,100080,191,99953,191,100081,191,99949,291,100110,191,99931,191,100121,191,99930,191,100122,100,99911,100,100158,100,99902,100,100174,100,99874,100,100223,100,99871,100,100236,100,99855,100
2019-06-28 09:42:42.830639718,100055,191,100034,100,100080,191,100016,191,100081,191,99953,191,100110,191,99949,291,100121,191,99931,191,100122,100,99930,191,100158,100,99911,100,100174,100,99902,100,100223,100,99874,100,100236,100,99871,100
2019-06-28 09:42:50.000000000,100055,214,100034,214,100080,214,100016,214,100081,214,99953,214,100110,214,99949,314,100121,100,99931,100,100122,100,99930,100,100158,100,99911,100,100174,100,99902,100,100223,100,99874,100,100236,100,99871,100
2019-06-28 09:43:00.000000000,100055,327,100034,327,100080,327,100016,327,100081,100,99953,100,100110,100,99949,200,100121,100,99931,100,100122,100,99930,100,100158,100,99911,100,100174,100,99902,100,100223,100,99874,100,100236,100,99871,100
2019-06-28 09:43:10.000000000,100055,214,100034,214,100080,214,100016,214,100081,214,99953,214,100110,214,99949,314,100121,100,99931,100,100122,100,99930,100,100158,100,99911,100,100174,100,99902,100,100223,100,99874,100,100236,100,99871,100
2019-06-28 09:43:20.000000000,100055,254,100034,254,100080,250,100016,250,100081,250,99953,250,100110,100,99949,200,100121,100,99931,100,100122,100,99930,100,100158,100,99911,100,100174,100,99902,100,100223,100,99874,100,100236,100,99871,100
2019-06-28 09:43:30.000000000,100055,191,100034,191,100080,191,100016,191,100081,191,99953,191,100110,191,99949,291,100121,191,99931,191,100122,100,99930,100,100158,100,99911,100,100174,100,99902,100,100223,100,99874,100,100236,100,99871,100
2019-06-28 09:43:32.607697530,100055,191,100034,191,100080,191,100016,191,100081,191,99953,191,100110,191,99949,291,100121,191,99931,191,100122,100,99930,100,100158,100,99911,100,100165,100,99902,100,100174,100,99874,100,100223,100,99871,100
2019-06-28 09:43:40.000000000,100055,191,100034,191,100080,191,100016,191,100081,191,99953,191,100110,191,99949,291,100121,191,99931,191,100122,100,99930,100,100158,100,99911,100,100165,100,99902,100,100174,100,99874,100,100223,100,99871,100
2019-06-28 09:43:43.622957249,100055,191,100034,191,100080,191,100016,191,100081,191,99968,100,100110,191,99953,191,100121,191,99949,291,100122,100,99931,191,100158,100,99930,100,100165,100,99911,100,100174,100,99902,100,100223,100,99874,100
2019-06-28 09:43:45.323796601,100055,191,100034,191,100080,91,100016,191,100081,191,99968,100,100110,191,99953,191,100121,191,99949,291,100122,100,99931,191,100158,100,99930,100,100165,100,99911,100,100174,100,99902,100,100223,100,99874,100
2019-06-28 09:43:48.809808942,100055,191,100034,191,100080,91,100016,191,100081,191,99968,200,100110,191,99953,191,100121,191,99949,291,100122,100,99931,191,100158,100,99930,100,100165,100,99911,100,100174,100,99902,100,100223,100,99874,100
2019-06-28 09:43:50.000000000,100055,214,100034,214,100081,214,100016,214,100110,214,99968,314,100121,214,99953,214,100122,100,99949,200,100158,100,99931,100,100165,100,99930,100,100174,100,99911,100,100223,100,99902,100,100236,100,99874,100
2019-06-28 09:43:55.995814647,100055,214,100034,214,100081,214,100016,214,100110,214,99968,314,100121,214,99953,214,100122,100,99949,200,100158,100,99931,100,100165,100,99930,100,100174,100,99911,100,100223,100,99902,100,100236,100,99874,100
2019-06-28 09:43:59.391761701,100055,114,100034,214,100081,214,100016,214,100110,214,99968,314,100121,214,99953,214,100122,100,99949,200,100158,100,99931,100,100165,100,99930,100,100174,100,99911,100,100223,100,99902,100,100236,100,99874,100
2019-06-28 09:44:00.000000000,100081,554,100034,554,100110,100,100016,100,100121,100,99968,200,100122,100,99953,100,100158,100,99949,200,100165,100,99931,100,100174,100,99930,100,100223,100,99911,100,100236,100,99902,100,100440,100,99874,100
2019-06-28 09:44:10.000000000,100081,214,100034,214,100110,214,100016,214,100121,214,99968,314,100122,214,99953,214,100158,100,99949,200,100165,100,99931,100,100174,100,99930,100,100223,100,99911,100,100236,100,99902,100,100440,100,99874,100
2019-06-28 09:44:18.909063704,100081,214,100034,214,100110,214,100016,214,100121,214,99968,314,100122,214,99953,214,100158,100,99949,200,100165,100,99930,100,100174,100,99911,100,100223,100,99902,100,100236,100,99891,100,100440,100,99874,100
2019-06-28 09:44:20.000000000,100081,554,100034,554,100110,100,100016,100,100121,100,99968,200,100122,100,99953,100,100158,100,99949,200,100165,100,99930,100,100174,100,99911,100,100223,100,99902,100,100236,100,99891,100,100440,100,99874,100
2019-06-28 09:44:25.115398829,100081,554,100037,100,100110,100,100034,554,100122,100,100016,100,100158,100,99968,200,100165,100,99953,100,100174,100,99949,200,100223,100,99930,100,100236,100,99911,100,100440,100,99902,100,100514,100,99891,100
2019-06-28 09:44:30.000000000,100081,327,100037,327,100110,327,100034,327,100122,100,100016,100,100158,100,99968,200,100165,100,99953,100,100174,100,99949,200,100223,100,99930,100,100236,100,99911,100,100440,100,99902,100,100514,100,99891,100
2019-06-28 09:44:40.000000000,100081,214,100037,214,100110,214,100034,214,100122,214,100016,214,100158,214,99968,314,100165,100,99953,100,100174,100,99949,200,100223,100,99930,100,100236,100,99911,100,100440,100,99902,100,100514,100,99891,100
2019-06-28 09:44:50.000000000,100081,191,100037,191,100110,191,100034,191,100122,191,100016,191,100158,191,99968,291,100165,191,99953,191,100174,100,99949,200,100223,100,99930,100,100236,100,99911,100,100440,100,99902,100,100514,100,99891,100
2019-06-28 09:45:00.000000000,100081,554,100037,554,100110,100,100034,100,100122,100,100016,100,100158,100,99968,200,100165,100,99953,100,100174,100,99949,200,100223,100,99930,100,100236,100,99911,100,100440,100,99902,100,100514,100,99891,100
2019-06-28 09:45:10.000000000,100081,554,100037,554,100110,100,100034,100,100122,100,100016,100,100158,100,99968,200,100165,100,99953,100,100174,100,99949,200,100223,100,99930,100,100236,100,99911,100,100440,100,99902,100,100514,100,99891,100
2019-06-28 09:45:20.000000000,100081,327,100037,327,100110,327,100034,327,100122,100,100016,100,100158,100,99968,200,100165,100,99953,100,100174,100,99949,200,100223,100,99930,100,100236,100,99911,100,100440,100,99902,100,100514,100,99891,100
2019-06-28 09:45:24.328192516,100081,327,100037,327,100110,327,100034,327,100122,100,100025,100,100158,100,100016,100,100165,100,99968,200,100174,100,99953,100,100223,100,99949,200,100236,100,99930,100,100440,100,99911,100,100514,100,99902,100
2019-06-28 09:45:30.000000000,100081,554,100037,554,100110,100,100034,100,100122,100,100025,100,100158,100,100016,100,100165,100,99968,200,100174,100,99953,100,100223,100,99949,200,100236,100,99930,100,100440,100,99911,100,100514,100,99902,100
2019-06-28 09:45:36.821443741,100045,100,100037,554,100081,554,100034,100,100110,100,100025,100,100122,100,100016,100,100158,100,99968,200,100165,100,99953,100,100174,100,99949,200,100223,100,99930,100,100236,100,99911,100,100440,100,99902,100
2019-06-28 09:45:37.861069466,100045,100,100037,554,100081,554,100034,100,100110,100,100025,100,100122,100,100016,100,100158,100,99982,100,100165,100,99968,200,100174,100,99953,100,100223,100,99949,200,100236,100,99930,100,100440,100,99911,100
2019-06-28 09:45:40.000000000,100045,254,100037,254,100081,250,100034,250,100110,250,100025,250,100122,100,100016,100,100158,100,99982,100,100165,100,99968,200,100174,100,99953,100,100223,100,99949,200,100236,100,99930,100,100440,100,99911,100
2019-06-28 09:45:50.000000000,100045,214,100037,214,100081,214,100034,214,100110,214,100025,214,100122,214,100016,214,100158,100,99982,100,100165,100,99968,200,100174,100,99953,100,100223,100,99949,200,100236,100,99930,100,100440,100,99911,100
2019-06-28 09:46:00.000000000,100045,254,100037,254,100081,250,100034,250,100110,250,100025,250,100122,100,100016,100,100158,100,99982,100,100165,100,99968,200,100174,100,99953,100,100223,100,99949,200,100236,100,99930,100,100440,100,99911,100
2019-06-28 09:46:10.000000000,100045,327,100037,327,100081,327,100034,327,100110,100,100025,100,100122,100,100016,100,100158,100,99982,100,100165,100,99968,200,100174,100,99953,100,100223,100,99949,200,100236,100,99930,100,100440,100,99911,100
2019-06-28 09:46:20.000000000,100045,327,100037,327,100081,327,100034,327,100110,100,100025,100,100122,100,100016,100,100158,100,99982,100,100165,100,99968,200,100174,100,99953,100,100223,100,99949,200,100236,100,99930,100,100440,100,99911,100
2019-06-28 09:46:25.976456057,100045,327,100037,227,100081,327,100034,327,100110,100,100025,100,100122,100,100016,100,100158,100,99982,100,100165,100,99968,200,100174,100,99953,100,100223,100,99949,200,100236,100,99930,100,100440,100,99911,100
2019-06-28 09:46:30.000000000,100045,554,100034,554,100081,100,100025,100,100110,100,100016,100,100122,100,99982,100,100158,100,99968,200,100165,100,99953,100,100174,100,99949,200,100223,100,99930,100,100236,100,99911,100,100440,100,99902,100
2019-06-28 09:46:30.736691737,100045,554,100034,554,100081,100,100025,100,100110,100,100016,100,100122,100,99982,100,100158,100,99968,100,100165,100,99953,100,100174,100,99949,200,100223,100,99930,100,100236,100,99911,100,100440,100,99902,100
2019-06-28 09:46:40.000000000,100045,327,100034,327,100081,327,100025,327,100110,100,100016,100,100122,100,99982,100,100158,100,99968,100,100165,100,99953,100,100174,100,99949,200,100223,100,99930,100,100236,100,99911,100,100440,100,99902,100
2019-06-28 09:46:42.106206189,100045,327,100034,227,100081,327,100025,227,100110,100,100016,100,100122,100,99982,100,100158,100,99968,100,100165,100,99953,100,100174,100,99949,200,100223,100,99930,100,100236,100,99911,100,100440,100,99902,100
2019-06-28 09:46:50.000000000,100045,554,100016,554,100081,100,99982,100,100110,100,99968,100,100122,100,99953,100,100158,100,99949,200,100165,100,99930,100,100174,100,99911,100,100223,100,99902,100,100236,100,99891,100,100440,100,99874,100
2019-06-28 09:47:00.000000000,100045,254,100016,254,100081,250,99982,250,100110,250,99968,250,100122,100,99953,100,100158,100,99949,200,100165,100,99930,100,100174,100,99911,100,100223,100,99902,100,100236,100,99891,100,100440,100,99874,100
2019-06-28 09:47:10.000000000,100045,254,100016,254,100081,250,99982,250,100110,250,99968,250,100122,100,99953,100,100158,100,99949,200,100165,100,99930,100,100174,100,99911,100,100223,100,99902,100,100236,100,99891,100,100440,100,99874,100
2019-06-28 09:47:20.000000000,100045,327,100016,327,100081,327,99982,327,100110,100,99968,100,100122,100,99953,100,100158,100,99949,200,100165,100,99930,100,100174,100,99911,100,100223,100,99902,100,100236,100,99891,100,100440,100,99874,100
2019-06-28 09:47:30.000000000,100045,191,100016,191,100081,191,99982,191,100110,191,99968,191,100122,191,99953,191,100158,191,99949,291,100165,100,99930,100,100174,100,99911,100,100223,100,99902,100,100236,100,99891,100,100440,100,99874,100
2019-06-28 09:47:40.000000000,100045,191,100016,191,100081,191,99982,191,100110,191,99968,191,100122,191,99953,191,100158,191,99949,291,100165,100,99930,100,100174,100,99911,100,100223,100,99902,100,100236,100,99891,100,100440,100,99874,100
2019-06-28 09:47:44.891867554,100037,100,100016,191,100045,191,99982,191,100081,191,99968,191,100110,191,99953,191,100122,191,99949,291,100158,191,99930,100,100165,100,99911,100,100174,100,99902,100,100223,100,99891,100,100236,100,99874,100
2019-06-28 09:47:50.000000000,100037,327,100016,327,100045,327,99982,327,100081,100,99968,100,100110,100,99953,100,100122,100,99949,200,100158,100,99930,100,100165,100,99911,100,100174,100,99902,100,100223,100,99891,100,100236,100,99874,100
2019-06-28 09:48:00.000000000,100037,214,100016,214,100045,214,99982,214,100081,214,99968,214,100110,214,99953,214,100122,100,99949,200,100158,100,99930,100,100165,100,99911,100,100174,100,99902,100,100223,100,99891,100,100236,100,99874,100
2019-06-28 09:48:01.295884404,100037,214,100016,114,100045,214,99982,214,100081,214,99968,214,100110,214,99953,214,100122,100,99949,200,100158,100,99930,100,100165,100,99911,100,100174,100,99902,100,100223,100,99891,100,100236,100,99874,100
2019-06-28 09:48:10.000000000,100037,191,99982,191,100045,191,99968,191,100081,191,99953,191,100110,191,99949,291,100122,191,99930,191,100158,100,99911,100,100165,100,99902,100,100174,100,99891,100,100223,100,99874,100,100236,100,99871,100
2019-06-28 09:48:20.000000000,100037,214,99982,214,100045,214,99968,214,100081,214,99953,214,100110,214,99949,314,100122,100,99930,100,100158,100,99911,100,100165,100,99902,100,100174,100,99891,100,100223,100,99874,100,100236,100,99871,100
2019-06-28 09:48:30.000000000,100037,254,99982,254,100045,250,99968,250,100081,250,99953,250,100110,100,99949,200,100122,100,99930,100,100158,100,99911,100,100165,100,99902,100,100174,100,99891,100,100223,100,99874,100,100236,100,99871,100
2019-06-28 09:48:32.864141429,100037,254,99982,154,100045,250,99968,250,100081,250,99953,250,100110,100,99949,200,100122,100,99930,100,100158,100,99911,100,100165,100,99902,100,100174,100,99891,100,100223,100,99874,100,100236,100,99871,100
2019-06-28 09:48:38.183104728,100037,254,99982,54,100045,250,99968,250,100081,250,99953,250,100110,100,99949,200,100122,100,99930,100,100158,100,99911,100,100165,100,99902,100,100174,100,99891,100,100223,100,99874,100,100236,100,99871,100
2019-06-28 09:48:40.000000000,100037,214,99968,214,100045,214,99953,214,100081,214,99949,314,100110,214,99930,214,100122,100,99911,100,100158,100,99902,100,100165,100,99891,100,100174,100,99874,100,100223,100,99871,100,100236,100,99855,100
2019-06-28 09:48:49.091071264,99982,100,99968,214,100037,214,99953,214,100045,214,99949,314,100081,214,99930,214,100110,214,99911,100,100122,100,99902,100,100158,100,99891,100,100165,100,99874,100,100174,100,99871,100,100223,100,99855,100
2019-06-28 09:48:50.000000000,99982,214,99968,214,100037,214,99953,214,100045,214,99949,314,100081,214,99930,214,100110,100,99911,100,100122,100,99902,100,100158,100,99891,100,100165,100,99874,100,100174,100,99871,100,100223,100,99855,100
2019-06-28 09:49:00.000000000,99982,554,99968,554,100037,100,99953,100,100045,100,99949,200,100081,100,99930,100,100110,100,99911,100,100122,100,99902,100,100158,100,99891,100,100165,100,99874,100,100174,100,99871,100,100223,100,99855,100
2019-06-28 09:49:10.000000000,99982,191,99968,191,100037,191,99953,191,100045,191,99949,291,100081,191,99930,191,100110,191,99911,191,100122,100,99902,100,100158,100,99891,100,100165,100,99874,100,100174,100,99871,100,100223,100,99855,100
2019-06-28 09:49:16.580735290,99982,191,99968,91,100037,191,99953,191,100045,191,99949,291,100081,191,99930,191,100110,191,99911,191,100122,100,99902,100,100158,100,99891,100,100165,100,99874,100,100174,100,99871,100,100223,100,99855,100
2019-06-28 09:49:20.000000000,99982,191,99953,191,100037,191,99949,291,100045,191,99930,191,100081,191,99911,191,100110,191,99902,191,100122,100,99891,100,100158,100,99874,100,100165,100,99871,100,100174,100,99855,100,100223,100,99850,100
2019-06-28 09:49:30.000000000,99982,327,99953,327,100037,327,99949,427,100045,100,99930,100,100081,100,99911,100,100110,100,99902,100,100122,100,99891,100,100158,100,99874,100,100165,100,99871,100,100174,100,99855,100,100223,100,99850,100
2019-06-28 09:49:34.949769621,99982,327,99953,227,100037,327,99949,427,100045,100,99930,100,100081,100,99911,100,100110,100,99902,100,100122,100,99891,100,100158,100,99874,100,100165,100,99871,100,100174,100,99855,100,100223,100,99850,100
2019-06-28 09:49:40.000000000,99982,254,99949,354,100037,250,99930,250,100045,250,99911,250,100081,100,99902,100,100110,100,99891,100,100122,100,99874,100,100158,100,99871,100,100165,100,99855,100,100174,100,99850,100,100223,100,99624,100
2019-06-28 09:49:41.039589860,99982,254,99949,354,100037,250,99930,250,100045,250,99911,250,100081,100,99902,100,100110,100,99891,100,100122,100,99874,100,100158,100,99871,100,100165,100,99855,100,100174,100,99850,100,100223,100,99624,100
2019-06-28 09:49:43.334059683,99968,100,99949,354,99982,254,99930,250,100037,250,99911,250,100045,250,99902,100,100081,100,99891,100,100110,100,99874,100,100122,100,99871,100,100158,100,99855,100,100165,100,99850,100,100174,100,99624,100
2019-06-28 09:49:50.000000000,99968,254,99949,354,99982,250,99930,250,100037,250,99911,250,100045,100,99902,100,100081,100,99891,100,100110,100,99874,100,100122,100,99871,100,100158,100,99855,100,100165,100,99850,100,100174,100,99624,100
2019-06-28 09:50:00.000000000,99968,214,99949,314,99982,214,99930,214,100037,214,99911,214,100045,214,99902,214,100081,100,99891,100,100110,100,99874,100,100122,100,99871,100,100158,100,99855,100,100165,100,99850,100,100174,100,99624,100
2019-06-28 09:50:05.984936758,99968,214,99949,314,99982,214,99930,214,100037,214,99911,214,100045,214,99902,214,100081,100,99891,100,100110,100,99874,100,100122,100,99871,100,100158,100,99855,100,100165,100,99850,100,100174,100,99624,100
2019-06-28 09:50:10.000000000,99968,191,99949,291,99982,191,99930,191,100037,191,99911,191,100045,191,99902,191,100081,191,99891,191,100110,100,99874,100,100122,100,99871,100,100158,100,99855,100,100165,100,99850,100,100174,100,99624,100
2019-06-28 09:50:20.000000000,99968,191,99949,291,99982,191,99930,191,100037,191,99911,191,100045,191,99902,191,100081,191,99891,191,100110,100,99874,100,100122,100,99871,100,100158,100,99855,100,100165,100,99850,100,100174,100,99624,100
2019-06-28 09:50:21.627800079,99968,191,99949,291,99982,191,99930,191,100037,191,99911,191,100045,191,99902,191,100081,191,99891,191,100110,100,99874,100,100122,100,99871,100,100158,100,99850,100,100165,100,99624,100,100174,100,99562,100
2019-06-28 09:50:30.000000000,99968,554,99949,654,99982,100,99930,100,100037,100,99911,100,100045,100,99902,100,100081,100,99891,100,100110,100,99874,100,100122,100,99871,100,100158,100,99850,100,100165,100,99624,100,100174,100,99562,100
2019-06-28 09:50:40.000000000,99968,214,99949,314,99982,214,99930,214,100037,214,99911,214,100045,214,99902,214,100081,100,99891,100,100110,100,99874,100,100122,100,99871,100,100158,100,99850,100,100165,100,99624,100,100174,100,99562,100
2019-06-28 09:50:48.641252207,99968,214,99949,314,99982,214,99930,214,100037,214,99911,214,100045,214,99902,214,100081,100,99891,100,100110,100,99874,100,100122,100,99871,100,100158,100,99850,100,100165,100,99624,100,100174,100,99562,100
2019-06-28 09:50:50.000000000,99968,191,99949,291,99982,191,99930,191,100037,191,99911,191,100045,191,99902,191,100081,191,99891,191,100110,100,99874,100,100122,100,99871,100,100158,100,99850,100,100165,100,99624,100,100174,100,99562,100
2019-06-28 09:50:57.317485764,99968,191,99949,291,99982,191,99930,191,100037,191,99911,191,100045,191,99902,191,100081,191,99891,91,100110,100,99874,100,100122,100,99871,100,100158,100,99850,100,100165,100,99624,100,100174,100,99562,100
2019-06-28 09:51:00.000000000,99968,191,99949,291,99982,191,99930,191,100037,191,99911,191,100045,191,99902,191,100081,191,99874,191,100110,100,99871,100,100122,100,99850,100,100158,100,99624,100,100165,100,99562,100,100174,100,99410,100
2019-06-28 09:51:01.094135077,99968,191,99949,191,99982,191,99930,191,100037,191,99911,191,100045,191,99902,191,100081,191,99874,191,100110,100,99871,100,100122,100,99850,100,100158,100,99624,100,100165,100,99562,100,100174,100,99410,100
2019-06-28 09:51:09.902470974,99968,191,99949,191,99982,191,99930,191,100037,191,99911,191,100045,191,99902,191,100081,191,99874,91,100110,100,99871,100,100122,100,99850,100,100158,100,99624,100,100165,100,99562,100,100174,100,99410,100
2019-06-28 09:51:10.000000000,99968,254,99949,254,99982,250,99930,250,100037,250,99911,250,100045,100,99902,100,100081,100,99871,100,100110,100,99850,100,100122,100,99624,100,100158,100,99562,100,100165,100,99410,100,100174,100,99409,100
2019-06-28 09:51:20.000000000,99968,254,99949,254,99982,250,99930,250,100037,250,99911,250,100045,100,99902,100,100081,100,99871,100,100110,100,99850,100,100122,100,99624,100,100158,100,99562,100,100165,100,99410,100,100174,100,99409,100
2019-06-28 09:51:21.542769937,99968,254,99949,154,99982,250,99930,150,100037,250,99911,250,100045,100,99902,100,100081,100,99871,100,100110,100,99850,100,100122,100,99624,100,100158,100,99562,100,100165,100,99410,100,100174,100,99409,100
2019-06-28 09:51:30.000000000,99968,554,99911,554,99982,100,99902,100,100037,100,99871,100,100045,100,99850,100,100081,100,99624,100,100110,100,99562,100,100122,100,99410,100,100158,100,99409,100,100165,100,99396,100,100174,100,99383,100
2019-06-28 09:51:34.251991402,99968,554,99911,554,99982,100,99902,100,100037,100,99871,100,100045,100,99850,100,100081,100,99754,100,100110,100,99624,100,100122,100,99562,100,100158,100,99410,100,100165,100,99409,100,100174,100,99396,100
2019-06-28 09:51:40.000000000,99968,327,99911,327,99982,327,99902,327,100037,100,99871,100,100045,100,99850,100,100081,100,99754,100,100110,100,99624,100,100122,100,99562,100,100158,100,99410,100,100165,100,99409,100,100174,100,99396,100
2019-06-28 09:51:48.391879458,99949,100,99911,327,99968,327,99902,327,99982,327,99871,100,100037,100,99850,100,100045,100,99754,100,100081,100,99624,100,100110,100,99562,100,100122,100,99410,100,100158,100,99409,100,100165,100,99396,100
2019-06-28 09:51:50.000000000,99949,254,99911,254,99968,250,99902,250,99982,250,99871,250,100037,100,99850,100,100045,100,99754,100,100081,100,99624,100,100110,100,99562,100,100122,100,99410,100,100158,100,99409,100,100165,100,99396,100
2019-06-28 09:52:00.000000000,99949,214,99911,214,99968,214,99902,214,99982,214,99871,214,100037,214,99850,214,100045,100,99754,100,100081,100,99624,100,100110,100,99562,100,100122,100,99410,100,100158,100,99409,100,100165,100,99396,100
2019-06-28 09:52:02.552101036,99949,214,99911,214,99968,214,99902,214,99982,214,99871,214,100037,214,99850,214,100045,100,99754,100,100081,100,99624,100,100110,100,99586,100,100158,100,99562,100,100165,100,99410,100,100174,100,99409,100
2019-06-28 09:52:10.000000000,99949,554,99911,554,99968,100,99902,100,99982,100,99871,100,100037,100,99850,100,100045,100,99754,100,100081,100,99624,100,100110,100,99586,100,100158,100,99562,100,100165,100,99410,100,100174,100,99409,100
2019-06-28 09:52:17.654731338,99949,554,99911,454,99968,100,99902,100,99982,100,99871,100,100037,100,99850,100,100045,100,99754,100,100081,100,99624,100,100110,100,99586,100,100158,100,99562,100,100165,100,99410,100,100174,100,99409,100
2019-06-28 09:52:20.000000000,99949,554,99902,554,99968,100,99871,100,99982,100,99850,100,100037,100,99754,100,100045,100,99624,100,100081,100,99586,100,100110,100,99562,100,100158,100,99410,100,100165,100,99409,100,100174,100,99396,100
2019-06-28 09:52:30.000000000,99949,254,99902,254,99968,250,99871,250,99982,250,99850,250,100037,100,99754,100,100045,100,99624,100,100081,100,99586,100,100110,100,99562,100,100158,100,99410,100,100165,100,99409,100,100174,100,99396,100
2019-06-28 09:52:40.000000000,99949,191,99902,191,99968,191,99871,191,99982,191,99850,191,100037,191,99754,191,100045,191,99624,191,100081,100,99586,100,100110,100,99562,100,100158,100,99410,100,100165,100,99409,100,100174,100,99396,100
2019-06-28 09:52:48.126163905,99949,191,99902,191,99968,191,99871,191,99982,191,99850,191,99992,100,99754,191,100037,191,99624,191,100045,191,99586,100,100081,100,99562,100,100110,100,99410,100,100158,100,99409,100,100165,100,99396,100
2019-06-28 09:52:50.000000000,99949,327,99902,327,99968,327,99871,327,99982,100,99850,100,99992,100,99754,100,100037,100,99624,100,100045,100,99586,100,100081,100,99562,100,100110,100,99410,100,100158,100,99409,100,100165,100,99396,100
2019-06-28 09:53:00.000000000,99949,254,99902,254,99968,250,99871,250,99982,250,99850,250,99992,100,99754,100,100037,100,99624,100,100045,100,99586,100,100081,100,99562,100,100110,100,99410,100,100158,100,99409,100,100165,100,99396,100
2019-06-28 09:53:01.442367436,99949,254,99902,254,99968,250,99871,250,99982,250,99850,250,99992,100,99754,100,100008,100,99624,100,100037,100,99586,100,100045,100,99562,100,100081,100,99410,100,100110,100,99409,100,100158,100,99396,100
2019-06-28 09:53:01.522788911,99949,254,99902,254,99968,250,99871,250,99982,250,99850,250,99992,100,99754,100,100008,100,99632,100,100037,100,99624,100,100045,100,99586,100,100081,100,99562,100,100110,100,99410,100,100158,100,99409,100
2019-06-28 09:53:10.000000000,99949,214,99902,214,99968,214,99871,214,99982,214,99850,214,99992,214,99754,214,100008,100,99632,100,100037,100,99624,100,100045,100,99586,100,100081,100,99562,100,100110,100,99410,100,100158,100,99409,100
2019-06-28 09:53:13.598748517,99949,214,99902,214,99968,214,99871,214,99982,214,99850,214,99992,214,99835,100,100008,100,99754,214,100037,100,99632,100,100045,100,99624,100,100081,100,99586,100,100110,100,99562,100,100158,100,99410,100
2019-06-28 09:53:19.737033097,99949,214,99902,214,99968,214,99871,214,99982,214,99850,214,99992,214,99835,100,100008,100,99754,214,100037,100,99712,100,100045,100,99632,100,100081,100,99624,100,100110,100,99586,100,100158,100,99562,100
2019-06-28 09:53:20.000000000,99949,554,99902,554,99968,100,99871,100,99982,100,99850,100,99992,100,99835,100,100008,100,99754,100,100037,100,99712,100,100045,100,99632,100,100081,100,99624,100,100110,100,99586,100,100158,100,99562,100
2019-06-28 09:53:23.216267431,99949,554,99902,554,99968,100,99871,100,99982,100,99850,100,99992,100,99835,100,100008,100,99793,100,100037,100,99754,100,100045,100,99712,100,100081,100,99632,100,100110,100,99624,100,100158,100,99586,100
2019-06-28 09:53:30.000000000,99949,554,99902,554,99968,100,99871,100,99982,100,99850,100,99992,100,99835,100,100008,100,99793,100,100037,100,99754,100,100045,100,99712,100,100081,100,99632,100,100110,100,99624,100,100158,100,99586,100
2019-06-28 09:53:31.434353671,99949,554,99902,554,99968,100,99871,100,99982,100,99850,100,99992,100,99835,100,100008,100,99793,100,100037,100,99762,100,100045,100,99754,100,100081,100,99712,100,100110,100,99632,100,100158,100,99624,100
2019-06-28 09:53:40.000000000,99949,214,99902,214,99968,214,99871,214,99982,214,99850,214,99992,214,99835,214,100008,100,99793,100,100037,100,99762,100,100045,100,99754,100,100081,100,99712,100,100110,100,99632,100,100158,100,99624,100
2019-06-28 09:53:40.928991836,99924,100,99902,214,99949,214,99871,214,99968,214,99850,214,99982,214,99835,214,99992,214,99793,100,100008,100,99762,100,100037,100,99754,100,100045,100,99712,100,100081,100,99632,100,100110,100,99624,100
2019-06-28 09:53:50.000000000,99924,327,99902,327,99949,327,99871,327,99968,100,99850,100,99982,100,99835,100,99992,100,99793,100,100008,100,99762,100,100037,100,99754,100,100045,100,99712,100,100081,100,99632,100,100110,100,99624,100
2019-06-28 09:53:53.434755033,99924,327,99902,327,99949,327,99871,327,99968,100,99850,100,99982,100,99835,100,99992,100,99793,100,100008,100,99780,100,100037,100,99762,100,100045,100,99754,100,100081,100,99712,100,100110,100,99632,100
2019-06-28 09:54:00.000000000,99924,214,99902,214,99949,214,99871,214,99968,214,99850,214,99982,214,99835,214,99992,100,99793,100,100008,100,99780,100,100037,100,99762,100,100045,100,99754,100,100081,100,99712,100,100110,100,99632,100
2019-06-28 09:54:09.712961444,99924,214,99912,100,99949,214,99902,214,99968,214,99871,214,99982,214,99850,214,99992,100,99835,214,100008,100,99793,100,100037,100,99780,100,100045,100,99762,100,100081,100,99754,100,100110,100,99712,100
2019-06-28 09:54:10.000000000,99924,254,99912,254,99949,250,99902,250,99968,250,99871,250,99982,100,99850,100,99992,100,99835,100,100008,100,99793,100,100037,100,99780,100,100045,100,99762,100,100081,100,99754,100,100110,100,99712,100
2019-06-28 09:54:20.000000000,99924,191,99912,191,99949,191,99902,191,99968,191,99871,191,99982,191,99850,191,99992,191,99835,191,100008,100,99793,100,100037,100,99780,100,100045,100,99762,100,100081,100,99754,100,100110,100,99712,100
2019-06-28 09:54:25.700212223,99924,191,99912,191,99949,191,99902,191,99968,191,99871,191,99982,191,99850,191,99992,191,99835,191,100008,100,99793,100,100037,100,99780,100,100045,100,99762,100,100110,100,99754,100,100158,100,99712,100
2019-06-28 09:54:30.000000000,99924,327,99912,327,99949,327,99902,327,99968,100,99871,100,99982,100,99850,100,99992,100,99835,100,100008,100,99793,100,100037,100,99780,100,100045,100,99762,100,100110,100,99754,100,100158,100,99712,100
2019-06-28 09:54:35.716664348,99924,327,99912,327,99949,327,99902,327,99968,100,99871,100,99982,100,99850,100,99992,100,99835,100,100008,100,99793,100,100037,100,99780,100,100110,100,99779,100,100158,100,99762,100,100165,100,99754,100
2019-06-28 09:54:40.000000000,99924,327,99912,327,99949,327,99902,327,99968,100,99871,100,99982,100,99850,100,99992,100,99835,100,100008,100,99793,100,100037,100,99780,100,100110,100,99779,100,100158,100,99762,100,100165,100,99754,100
2019-06-28 09:54:50.000000000,99924,254,99912,254,99949,250,99902,250,99968,250,99871,250,99982,100,99850,100,99992,100,99835,100,100008,100,99793,100,100037,100,99780,100,100110,100,99779,100,100158,100,99762,100,100165,100,99754,100
2019-06-28 09:55:00.000000000,99924,214,99912,214,99949,214,99902,214,99968,214,99871,214,99982,214,99850,214,99992,100,99835,100,100008,100,99793,100,100037,100,99780,100,100110,100,99779,100,100158,100,99762,100,100165,100,99754,100
2019-06-28 09:55:05.127771136,99924,114,99912,114,99949,214,99902,214,99968,214,99871,214,99982,214,99850,214,99992,100,99835,100,100008,100,99793,100,100037,100,99780,100,100110,100,99779,100,100158,100,99762,100,100165,100,99754,100
2019-06-28 09:55:10.000000000,99949,191,99902,191,99968,191,99871,191,99982,191,99850,191,99992,191,99835,191,100008,191,99793,191,100037,100,99780,100,100110,100,99779,100,100158,100,99762,100,100165,100,99754,100,100223,100,99712,100
2019-06-28 09:55:20.000000000,99949,554,99902,554,99968,100,99871,100,99982,100,99850,100,99992,100,99835,100,100008,100,99793,100,100037,100,99780,100,100110,100,99779,100,100158,100,99762,100,100165,100,99754,100,100223,100,99712,100
2019-06-28 09:55:29.167331749,99949,554,99902,454,99968,100,99871,100,99982,100,99850,100,99992,100,99835,100,100008,100,99793,100,100037,100,99780,100,100110,100,99779,100,100158,100,99762,100,100165,100,99754,100,100223,100,99712,100
2019-06-28 09:55:30.000000000,99949,254,99871,254,99968,250,99850,250,99982,250,99835,250,99992,100,99793,100,100008,100,99780,100,100037,100,99779,100,100110,100,99762,100,100158,100,99754,100,100165,100,99712,100,100223,100,99632,100
2019-06-28 09:55:40.000000000,99949,214,99871,214,99968,214,99850,214,99982,214,99835,214,99992,214,99793,214,100008,100,99780,100,100037,100,99779,100,100110,100,99762,100,100158,100,99754,100,100165,100,99712,100,100223,100,99632,100
2019-06-28 09:55:50.000000000,99949,191,99871,191,99968,191,99850,191,99982,191,99835,191,99992,191,99793,191,100008,191,99780,191,100037,100,99779,100,100110,100,99762,100,100158,100,99754,100,100165,100,99712,100,100223,100,99632,100
2019-06-28 09:55:52.936459967,99949,191,99871,91,99968,191,99850,191,99982,191,99835,191,99992,191,99793,191,100008,191,99780,191,100037,100,99779,100,100110,100,99762,100,100158,100,99754,100,100165,100,99712,100,100223,100,99632,100
2019-06-28 09:55:53.865523764,99871,9,99850,191,99949,191,99835,191,99968,191,99793,191,99982,191,99780,191,99992,191,99779,100,100008,191,99762,100,100037,100,99754,100,100110,100,99712,100,100158,100,99632,100,100165,100,99624,100
2019-06-28 09:56:00.000000000,99871,123,99850,214,99949,214,99835,214,99968,214,99793,214,99982,214,99780,214,99992,100,99779,100,100008,100,99762,100,100037,100,99754,100,100110,100,99712,100,100158,100,99632,100,100165,100,99624,100
2019-06-28 09:56:10.000000000,99871,163,99850,254,99949,250,99835,250,99968,250,99793,250,99982,100,99780,100,99992,100,99779,100,100008,100,99762,100,100037,100,99754,100,100110,100,99712,100,100158,100,99632,100,100165,100,99624,100
2019-06-28 09:56:13.626529145,99871,163,99850,154,99949,250,99835,250,99968,250,99793,250,99982,100,99780,100,99992,100,99779,100,100008,100,99762,100,100037,100,99754,100,100110,100,99712,100,100158,100,99632,100,100223,100,99624,100
2019-06-28 09:56:20.000000000,99871,463,99835,554,99949,100,99793,100,99968,100,99780,100,99982,100,99779,100,99992,100,99762,100,100008,100,99754,100,100037,100,99712,100,100110,100,99632,100,100158,100,99624,100,100223,100,99562,100
2019-06-28 09:56:23.685637397,99870,100,99835,554,99871,463,99793,100,99949,100,99780,100,99968,100,99779,100,99982,100,99762,100,99992,100,99754,100,100008,100,99712,100,100037,100,99632,100,100110,100,99624,100,100158,100,99562,100
2019-06-28 09:56:30.000000000,99870,191,99835,191,99871,100,99793,191,99949,191,99780,191,99968,191,99779,191,99982,191,99762,191,99992,100,99754,100,100008,100,99712,100,100037,100,99632,100,100110,100,99624,100,100158,100,99562,100
2019-06-28 09:56:36.767599070,99870,191,99835,91,99871,100,99793,191,99949,191,99780,191,99968,191,99779,191,99982,191,99762,191,99992,100,99754,100,100008,100,99712,100,100037,100,99632,100,100110,100,99562,100,100158,100,99410,100
2019-06-28 09:56:40.000000000,99870,254,99793,254,99871,159,99780,250,99949,250,99779,250,99968,100,99762,100,99982,100,99754,100,99992,100,99712,100,100008,100,99632,100,100037,100,99562,100,100110,100,99410,100,100158,100,99383,100
2019-06-28 09:56:41.887974385,99870,254,99793,154,99871,159,99780,250,99949,250,99779,250,99968,100,99762,100,99982,100,99754,100,99992,100,99712,100,100008,100,99632,100,100037,100,99562,100,100110,100,99410,100,100158,100,99383,100
2019-06-28 09:56:50.000000000,99870,254,99780,254,99871,159,99779,250,99949,250,99762,250,99968,100,99754,100,99982,100,99712,100,99992,100,99632,100,100008,100,99562,100,100037,100,99410,100,100110,100,99383,100,100158,100,99372,100
2019-06-28 09:57:00.000000000,99870,214,99780,214,99871,123,99779,214,99949,214,99762,214,99968,214,99754,214,99982,100,99712,100,99992,100,99632,100,100008,100,99562,100,100037,100,99410,100,100110,100,99383,100,100158,100,99372,100
2019-06-28 09:57:10.000000000,99870,254,99780,254,99871,159,99779,250,99949,250,99762,250,99968,100,99754,100,99982,100,99712,100,99992,100,99632,100,100008,100,99562,100,100037,100,99410,100,100110,100,99383,100,100158,100,99372,100
2019-06-28 09:57:12.411554220,99835,100,99780,254,99870,254,99779,250,99871,159,99762,250,99949,250,99754,100,99968,100,99712,100,99992,100,99632,100,100008,100,99562,100,100037,100,99410,100,100110,100,99383,100,100158,100,99372,100
2019-06-28 09:57:20.000000000,99835,554,99780,554,99870,100,99779,100,99871,9,99762,100,99949,100,99754,100,99968,100,99712,100,99992,100,99632,100,100008,100,99562,100,100037,100,99410,100,100110,100,99383,100,100158,100,99372,100
2019-06-28 09:57:30.000000000,99835,554,99780,554,99870,100,99779,100,99871,9,99762,100,99949,100,99754,100,99968,100,99712,100,99992,100,99632,100,100008,100,99562,100,100037,100,99410,100,100110,100,99383,100,100158,100,99372,100
2019-06-28 09:57:30.969713706,99835,554,99780,554,99870,100,99779,100,99871,9,99762,100,99949,100,99754,100,99968,100,99712,100,99992,100,99632,100,100008,100,99562,100,100037,100,99417,100,100110,100,99410,100,100158,100,99383,100
2019-06-28 09:57:32.225386288,99835,554,99780,454,99870,100,99779,100,99871,9,99762,100,99949,100,99712,100,99968,100,99632,100,99992,100,99562,100,100008,100,99417,100,100037,100,99410,100,100110,100,99383,100,100158,100,99372,100
2019-06-28 09:57:40.000000000,99835,554,99779,554,99870,100,99762,100,99871,9,99712,100,99949,100,99632,100,99968,100,99562,100,99992,100,99417,100,100008,100,99410,100,100037,100,99383,100,100110,100,99372,100,100158,100,99200,100
2019-06-28 09:57:50.000000000,99835,327,99779,327,99870,327,99762,327,99871,9,99712,100,99949,100,99632,100,99968,100,99562,100,99992,100,99417,100,100008,100,99410,100,100037,100,99383,100,100110,100,99372,100,100158,100,99200,100
2019-06-28 09:57:54.977310964,99835,327,99779,327,99870,227,99762,327,99871,9,99712,100,99949,100,99632,100,99968,100,99562,100,99992,100,99417,100,100008,100,99410,100,100037,100,99383,100,100110,100,99372,100,100158,100,99200,100
2019-06-28 09:58:00.000000000,99835,214,99779,214,99871,123,99762,214,99949,214,99712,214,99968,214,99632,214,99992,100,99562,100,100008,100,99417,100,100037,100,99410,100,100110,100,99383,100,100158,100,99372,100,100236,100,99200,100
2019-06-28 09:58:06.816519822,99835,214,99779,214,99871,123,99762,214,99949,214,99712,214,99968,214,99632,214,99992,100,99562,100,100008,100,99521,100,100037,100,99417,100,100110,100,99410,100,100158,100,99383,100,100236,100,99372,100
2019-06-28 09:58:10.000000000,99835,254,99779,254,99871,159,99762,250,99949,250,99712,250,99968,100,99632,100,99992,100,99562,100,100008,100,99521,100,100037,100,99417,100,100110,100,99410,100,100158,100,99383,100,100236,100,99372,100
2019-06-28 09:58:20.000000000,99835,327,99779,327,99871,236,99762,327,99949,100,99712,100,99968,100,99632,100,99992,100,99562,100,100008,100,99521,100,100037,100,99417,100,100110,100,99410,100,100158,100,99383,100,100236,100,99372,100
2019-06-28 09:58:30.000000000,99835,214,99779,214,99871,123,99762,214,99949,214,99712,214,99968,214,99632,214,99992,100,99562,100,100008,100,99521,100,100037,100,99417,100,100110,100,99410,100,100158,100,99383,100,100236,100,99372,100
2019-06-28 09:58:40.000000000,99835,214,99779,214,99871,123,99762,214,99949,214,99712,214,99968,214,99632,214,99992,100,99562,100,100008,100,99521,100,100037,100,99417,100,100110,100,99410,100,100158,100,99383,100,100236,100,99372,100
2019-06-28 09:58:40.052710631,99835,214,99779,214,99871,123,99762,214,99949,214,99712,214,99968,214,99632,214,99992,100,99562,100,100008,100,99521,100,100037,100,99423,100,100110,100,99417,100,100236,100,99410,100,100514,100,99383,100
2019-06-28 09:58:50.000000000,99835,254,99779,254,99871,159,99762,250,99949,250,99712,250,99968,100,99632,100,99992,100,99562,100,100008,100,99521,100,100037,100,99423,100,100110,100,99417,100,100236,100,99410,100,100514,100,99383,100
2019-06-28 09:58:55.325446715,99835,254,99779,254,99871,159,99762,250,99949,250,99712,250,99968,100,99632,100,99992,100,99562,100,100008,100,99521,100,100037,100,99423,100,100110,100,99417,100,100236,100,99410,100,100514,100,99383,100
2019-06-28 09:59:00.000000000,99835,554,99779,554,99871,9,99762,100,99949,100,99712,100,99968,100,99632,100,99992,100,99562,100,100008,100,99521,100,100037,100,99423,100,100110,100,99417,100,100236,100,99410,100,100514,100,99383,100
2019-06-28 09:59:10.000000000,99835,214,99779,214,99871,123,99762,214,99949,214,99712,214,99968,214,99632,214,99992,100,99562,100,100008,100,99521,100,100037,100,99423,100,100110,100,99417,100,100236,100,99410,100,100514,100,99383,100
2019-06-28 09:59:12.137104795,99835,214,99779,114,99871,123,99762,214,99949,214,99712,214,99968,214,99632,214,100008,100,99562,100,100037,100,99521,100,100110,100,99423,100,100236,100,99417,100,100514,100,99410,100,100600,100,99383,100
2019-06-28 09:59:20.000000000,99835,191,99762,191,99871,100,99712,191,99949,191,99632,191,99968,191,99562,191,100008,191,99521,191,100037,100,99423,100,100110,100,99417,100,100236,100,99410,100,100514,100,99383,100,100600,100,99372,100
2019-06-28 09:59:29.758137408,99835,191,99762,191,99871,100,99712,191,99949,191,99632,191,99968,191,99562,191,100008,191,99521,191,100037,100,99423,100,100110,100,99417,100,100236,100,99410,100,100514,100,99383,100,100600,100,99372,100
2019-06-28 09:59:30.000000000,99835,214,99762,214,99871,123,99712,214,99949,214,99632,214,99968,214,99562,214,100008,100,99521,100,100037,100,99423,100,100110,100,99417,100,100236,100,99410,100,100514,100,99383,100,100600,100,99372,100
2019-06-28 09:59:30.003794991,99835,214,99762,114,99871,123,99712,214,99949,214,99632,214,99968,214,99562,214,100008,100,99521,100,100037,100,99423,100,100110,100,99417,100,100236,100,99410,100,100514,100,99383,100,100600,100,99372,100
2019-06-28 09:59:40.000000000,99835,554,99712,554,99871,9,99632,100,99949,100,99562,100,99968,100,99521,100,100008,100,99423,100,100037,100,99417,100,100110,100,99410,100,100236,100,99383,100,100514,100,99372,100,100600,100,99298,100
2019-06-28 09:59:50.000000000,99835,554,99712,554,99871,9,99632,100,99949,100,99562,100,99968,100,99521,100,100008,100,99423,100,100037,100,99417,100,100110,100,99410,100,100236,100,99383,100,100514,100,99372,100,100600,100,99298,100
2019-06-28 10:00:00.000000000,99835,327,99712,327,99871,236,99632,327,99949,100,99562,100,99968,100,99521,100,100008,100,99423,100,100037,100,99417,100,100110,100,99410,100,100236,100,99383,100,100514,100,99372,100,100600,100,99298,100
2019-06-28 10:00:10.000000000,99835,254,99712,254,99871,159,99632,250,99949,250,99562,250,99968,100,99521,100,100008,100,99423,100,100037,100,99417,100,100110,100,99410,100,100236,100,99383,100,100514,100,99372,100,100600,100,99298,100
2019-06-28 10:00:20.000000000,99835,191,99712,191,99871,100,99632,191,99949,191,99562,191,99968,191,99521,191,100008,191,99423,191,100037,100,99417,100,100110,100,99410,100,100236,100,99383,100,100514,100,99372,100,100600,100,99298,100
2019-06-28 10:00:30.000000000,99835,554,99712,554,99871,9,99632,100,99949,100,99562,100,99968,100,99521,100,100008,100,99423,100,100037,100,99417,100,100110,100,99410,100,100236,100,99383,100,100514,100,99372,100,100600,100,99298,100
2019-06-28 10:00:40.000000000,99835,214,99712,214,99871,123,99632,214,99949,214,99562,214,99968,214,99521,214,100008,100,99423,100,100037,100,99417,100,100110,100,99410,100,100236,100,99383,100,100514,100,99372,100,100600,100,99298,100
2019-06-28 10:00:41.270067571,99835,214,99712,214,99871,123,99632,214,99949,214,99562,214,99968,214,99521,214,100008,100,99423,100,100037,100,99417,100,100110,100,99383,100,100236,100,99372,100,100514,100,99298,100,100600,100,99247,100
2019-06-28 10:00:50.000000000,99835,191,99712,191,99871,100,99632,191,99949,191,99562,191,99968,191,99521,191,100008,191,99423,191,100037,100,99417,100,100110,100,99383,100,100236,100,99372,100,100514,100,99298,100,100600,100,99247,100
2019-06-28 10:01:00.000000000,99835,254,99712,254,99871,159,99632,250,99949,250,99562,250,99968,100,99521,100,100008,100,99423,100,100037,100,99417,100,100110,100,99383,100,100236,100,99372,100,100514,100,99298,100,100600,100,99247,100
2019-06-28 10:01:10.000000000,99835,554,99712,554,99871,9,99632,100,99949,100,99562,100,99968,100,99521,100,100008,100,99423,100,100037,100,99417,100,100110,100,99383,100,100236,100,99372,100,100514,100,99298,100,100600,100,99247,100
2019-06-28 10:01:20.000000000,99835,327,99712,327,99871,236,99632,327,99949,100,99562,100,99968,100,99521,100,100008,100,99423,100,100037,100,99417,100,100110,100,99383,100,100236,100,99372,100,100514,100,99298,100,100600,100,99247,100
2019-06-28 10:01:22.774159521,99835,327,99712,327,99871,236,99632,327,99949,100,99564,100,99968,100,99562,100,100008,100,99521,100,100037,100,99423,100,100110,100,99417,100,100236,100,99383,100,100514,100,99372,100,100600,100,99298,100
2019-06-28 10:01:30.000000000,99835,214,99712,214,99871,123,99632,214,99949,214,99564,214,99968,214,99562,214,100008,100,99521,100,100037,100,99423,100,100110,100,99417,100,100236,100,99383,100,100514,100,99372,100,100600,100,99298,100
2019-06-28 10:01:40.000000000,99835,327,99712,327,99871,236,99632,327,99949,100,99564,100,99968,100,99562,100,100008,100,99521,100,100037,100,99423,100,100110,100,99417,100,100236,100,99383,100,100514,100,99372,100,100600,100,99298,100
2019-06-28 10:01:50.000000000,99835,214,99712,214,99871,123,99632,214,99949,214,99564,214,99968,214,99562,214,100008,100,99521,100,100037,100,99423,100,100110,100,99417,100,100236,100,99383,100,100514,100,99372,100,100600,100,99298,100
2019-06-28 10:01:56.895239874,99778,100,99712,214,99835,214,99632,214,99871,123,99564,214,99949,214,99562,214,99968,214,99521,100,100008,100,99423,100,100037,100,99417,100,100110,100,99383,100,100236,100,99372,100,100514,100,99298,100
2019-06-28 10:02:00.000000000,99778,191,99712,191,99835,191,99632,191,99871,100,99564,191,99949,191,99562,191,99968,191,99521,191,100008,100,99423,100,100037,100,99417,100,100110,100,99383,100,100236,100,99372,100,100514,100,99298,100
2019-06-28 10:02:10.000000000,99778,254,99712,254,99835,250,99632,250,99871,159,99564,250,99949,100,99562,100,99968,100,99521,100,100008,100,99423,100,100037,100,99417,100,100110,100,99383,100,100236,100,99372,100,100514,100,99298,100
2019-06-28 10:02:18.481794912,99778,254,99712,254,99835,250,99632,250,99871,159,99597,100,99949,100,99564,250,99968,100,99562,100,100008,100,99521,100,100037,100,99423,100,100110,100,99417,100,100236,100,99383,100,100514,100,99372,100
2019-06-28 10:02:20.000000000,99778,554,99712,554,99835,100,99632,100,99871,9,99597,100,99949,100,99564,100,99968,100,99562,100,100008,100,99521,100,100037,100,99423,100,100110,100,99417,100,100236,100,99383,100,100514,100,99372,100
2019-06-28 10:02:30.000000000,99778,327,99712,327,99835,327,99632,327,99871,9,99597,100,99949,100,99564,100,99968,100,99562,100,100008,100,99521,100,100037,100,99423,100,100110,100,99417,100,100236,100,99383,100,100514,100,99372,100
2019-06-28 10:02:40.000000000,99778,554,99712,554,99835,100,99632,100,99871,9,99597,100,99949,100,99564,100,99968,100,99562,100,100008,100,99521,100,100037,100,99423,100,100110,100,99417,100,100236,100,99383,100,100514,100,99372,100
2019-06-28 10:02:44.176644080,99778,554,99712,454,99835,100,99632,100,99871,9,99597,100,99949,100,99564,100,99968,100,99562,100,100008,100,99521,100,100037,100,99423,100,100110,100,99417,100,100236,100,99383,100,100327,100,99372,100
2019-06-28 10:02:47.295653679,99778,454,99712,454,99835,100,99632,100,99871,9,99597,100,99949,100,99564,100,99968,100,99562,100,100008,100,99521,100,100037,100,99423,100,100110,100,99417,100,100236,100,99383,100,100327,100,99372,100
2019-06-28 10:02:50.000000000,99835,191,99632,191,99871,100,99597,191,99949,191,99564,191,99968,191,99562,191,100008,191,99521,191,100037,100,99423,100,100110,100,99417,100,100236,100,99383,100,100327,100,99372,100,100514,100,99298,100
2019-06-28 10:02:59.912099060,99835,91,99632,191,99871,100,99597,191,99949,191,99564,191,99968,191,99562,191,100008,191,99521,191,100037,100,99423,100,100110,100,99383,100,100236,100,99372,100,100327,100,99298,100,100514,100,99247,100
2019-06-28 10:03:00.000000000,99871,100,99632,191,99949,191,99597,191,99968,191,99564,191,100008,191,99562,191,100037,191,99521,191,100110,100,99423,100,100236,100,99383,100,100327,100,99372,100,100514,100,99298,100,100600,100,99247,100
2019-06-28 10:03:00.237896493,99871,100,99632,191,99949,191,99597,191,99968,191,99564,191,100008,191,99562,191,100037,191,99521,191,100110,100,99423,100,100236,100,99383,100,100327,100,99372,100,100342,100,99298,100,100514,100,99247,100
2019-06-28 10:03:10.000000000,99871,163,99632,254,99949,250,99597,250,99968,250,99564,250,100008,100,99562,100,100037,100,99521,100,100110,100,99423,100,100236,100,99383,100,100327,100,99372,100,100342,100,99298,100,100514,100,99247,100
2019-06-28 10:03:20.000000000,99871,236,99632,327,99949,327,99597,327,99968,100,99564,100,100008,100,99562,100,100037,100,99521,100,100110,100,99423,100,100236,100,99383,100,100327,100,99372,100,100342,100,99298,100,100514,100,99247,100
2019-06-28 10:03:30.000000000,99871,100,99632,191,99949,191,99597,191,99968,191,99564,191,100008,191,99562,191,100037,191,99521,191,100110,100,99423,100,100236,100,99383,100,100327,100,99372,100,100342,100,99298,100,100514,100,99247,100
2019-06-28 10:03:40.000000000,99871,236,99632,327,99949,327,99597,327,99968,100,99564,100,100008,100,99562,100,100037,100,99521,100,100110,100,99423,100,100236,100,99383,100,100327,100,99372,100,100342,100,99298,100,100514,100,99247,100
2019-06-28 10:03:50.000000000,99871,163,99632,254,99949,250,99597,250,99968,250,99564,250,100008,100,99562,100,100037,100,99521,100,100110,100,99423,100,100236,100,99383,100,100327,100,99372,100,100342,100,99298,100,100514,100,99247,100
2019-06-28 10:03:56.066466250,99871,63,99632,254,99949,250,99597,250,99968,250,99564,250,100008,100,99562,100,100037,100,99521,100,100110,100,99423,100,100236,100,99383,100,100327,100,99372,100,100514,100,99298,100,100600,100,99247,100
2019-06-28 10:04:00.000000000,99949,327,99632,327,99968,327,99597,327,100008,100,99564,100,100037,100,99562,100,100110,100,99521,100,100236,100,99423,100,100327,100,99383,100,100514,100,99372,100,100600,100,99298,100,,,99247,100
2019-06-28 10:04:10.000000000,99949,554,99632,554,99968,100,99597,100,100008,100,99564,100,100037,100,99562,100,100110,100,99521,100,100236,100,99423,100,100327,100,99383,100,100514,100,99372,100,100600,100,99298,100,,,99247,100
2019-06-28 10:04:10.105277287,99949,454,99632,554,99968,100,99597,100,100008,100,99564,100,100037,100,99562,100,100110,100,99521,100,100236,100,99423,100,100327,100,99383,100,100514,100,99372,100,100600,100,99298,100,,,99247,100
2019-06-28 10:04:10.650994443,99949,454,99632,554,99968,100,99597,100,100008,100,99564,100,100037,100,99562,100,100110,100,99521,100,100131,100,99423,100,100236,100,99383,100,100327,100,99372,100,100514,100,99298,100,100600,100,99247,100
2019-06-28 10:04:20.000000000,99968,214,99632,214,100008,214,99597,214,100037,214,99564,214,100110,214,99562,214,100131,100,99521,100,100236,100,99423,100,100327,100,99383,100,100514,100,99372,100,100600,100,99298,100,,,99247,100
2019-06-28 10:04:23.877789006,99968,114,99632,214,100008,214,99597,214,100037,214,99564,214,100110,214,99562,214,100131,100,99521,100,100236,100,99423,100,100327,100,99383,100,100514,100,99372,100,100600,100,99298,100,,,99247,100
2019-06-28 10:04:30.000000000,100008,214,99632,214,100037,214,99597,214,100110,214,99564,214,100131,214,99562,214,100236,100,99521,100,100327,100,99423,100,100514,100,99383,100,100600,100,99372,100,,,99298,100,,,99247,100
2019-06-28 10:04:33.898875772,100008,214,99949,100,100037,214,99632,214,100110,214,99597,214,100131,214,99564,214,100236,100,99562,214,100327,100,99521,100,100514,100,99423,100,100600,100,99383,100,,,99372,100,,,99298,100
2019-06-28 10:04:34.011199141,100008,214,99632,214,100037,214,99597,214,100110,214,99564,214,100131,214,99562,214,100236,100,99521,100,100327,100,99423,100,100514,100,99383,100,100600,100,99372,100,,,99298,100,,,99247,100
2019-06-28 10:04:40.000000000,100008,191,99632,191,100037,191,99597,191,100110,191,99564,191,100131,191,99562,191,100236,191,99521,191,100327,100,99423,100,100514,100,99383,100,100600,100,99372,100,,,99298,100,,,99247,100
2019-06-28 10:04:50.000000000,100008,554,99632,554,100037,100,99597,100,100110,100,99564,100,100131,100,99562,100,100236,100,99521,100,100327,100,99423,100,100514,100,99383,100,100600,100,99372,100,,,99298,100,,,99247,100
2019-06-28 10:04:52.830847177,100008,554,99949,100,100037,100,99632,554,100110,100,99597,100,100131,100,99564,100,100236,100,99562,100,100327,100,99521,100,100514,100,99423,100,100600,100,99383,100,,,99372,100,,,99298,100
2019-06-28 10:05:00.000000000,100008,327,99949,327,100037,327,99632,327,100110,100,99597,100,100131,100,99564,100,100236,100,99562,100,100327,100,99521,100,100514,100,99423,100,100600,100,99383,100,,,99372,100,,,99298,100
2019-06-28 10:05:10.000000000,100008,254,99949,254,100037,250,99632,250,100110,250,99597,250,100131,100,99564,100,100236,100,99562,100,100327,100,99521,100,100514,100,99423,100,100600,100,99383,100,,,99372,100,,,99298,100
2019-06-28 10:05:19.249759488,100008,154,99949,254,100037,250,99632,250,100110,250,99597,250,100131,100,99564,100,100236,100,99562,100,100327,100,99521,100,100514,100,99423,100,100600,100,99383,100,,,99372,100,,,99298,100
2019-06-28 10:05:20.000000000,100037,554,99949,554,100110,100,99632,100,100131,100,99597,100,100236,100,99564,100,100327,100,99562,100,100514,100,99521,100,100600,100,99423,100,,,99383,100,,,99372,100,,,99298,100
2019-06-28 10:05:30.000000000,100037,254,99949,254,100110,250,99632,250,100131,250,99597,250,100236,100,99564,100,100327,100,99562,100,100514,100,99521,100,100600,100,99423,100,,,99383,100,,,99372,100,,,99298,100
2019-06-28 10:05:40.000000000,100037,254,99949,254,100110,250,99632,250,100131,250,99597,250,100236,100,99564,100,100327,100,99562,100,100514,100,99521,100,100600,100,99423,100,,,99383,100,,,99372,100,,,99298,100
2019-06-28 10:05:50.000000000,100037,214,99949,214,100110,214,99632,214,100131,214,99597,214,100236,214,99564,214,100327,100,99562,100,100514,100,99521,100,100600,100,99423,100,,,99383,100,,,99372,100,,,99298,100
2019-06-28 10:06:00.000000000,100037,191,99949,191,100110,191,99632,191,100131,191,99597,191,100236,191,99564,191,100327,191,99562,191,100514,100,99521,100,100600,100,99423,100,,,99383,100,,,99372,100,,,99298,100
2019-06-28 10:06:10.000000000,100037,214,99949,214,100110,214,99632,214,100131,214,99597,214,100236,214,99564,214,100327,100,99562,100,100514,100,99521,100,100600,100,99423,100,,,99383,100,,,99372,100,,,99298,100
2019-06-28 10:06:19.620709759,100037,214,99949,214,100110,214,99900,100,100131,214,99632,214,100236,214,99597,214,100327,100,99564,114,100514,100,99562,100,100600,100,99521,100,,,99423,100,,,99383,100,,,99372,100
2019-06-28 10:06:20.000000000,100037,254,99949,254,100110,250,99900,250,100131,250,99632,250,100236,100,99597,100,100327,100,99562,100,100514,100,99521,100,100600,100,99423,100,,,99383,100,,,99372,100,,,99298,100
2019-06-28 10:06:30.000000000,100037,554,99949,554,100110,100,99900,100,100131,100,99632,100,100236,100,99597,100,100327,100,99562,100,100514,100,99521,100,100600,100,99423,100,,,99383,100,,,99372,100,,,99298,100
2019-06-28 10:06:39.787268352,100037,554,99949,554,100110,100,99900,100,100131,100,99803,100,100236,100,99632,100,100327,100,99597,100,100514,100,99562,100,100600,100,99521,100,,,99423,100,,,99383,100,,,99372,100
2019-06-28 10:06:40.000000000,100037,191,99949,191,100110,191,99900,191,100131,191,99803,191,100236,191,99632,191,100327,191,99597,191,100514,100,99562,100,100600,100,99521,100,,,99423,100,,,99383,100,,,99372,100
2019-06-28 10:06:50.000000000,100037,254,99949,254,100110,250,99900,250,100131,250,99803,250,100236,100,99632,100,100327,100,99597,100,100514,100,99562,100,100600,100,99521,100,,,99423,100,,,99383,100,,,99372,100
2019-06-28 10:06:53.825527836,100037,254,99949,254,100110,250,99900,250,100131,250,99803,250,100236,100,99653,100,100327,100,99632,100,100514,100,99597,100,100600,100,99562,100,,,99521,100,,,99423,100,,,99383,100
2019-06-28 10:06:57.010793638,99967,100,99949,254,100037,254,99900,250,100110,250,99803,250,100131,250,99653,100,100236,100,99632,100,100327,100,99597,100,100514,100,99562,100,100600,100,99521,100,,,99423,100,,,99383,100
2019-06-28 10:07:00.000000000,99967,327,99949,327,100037,327,99900,327,100110,100,99803,100,100131,100,99653,100,100236,100,99632,100,100327,100,99597,100,100514,100,99562,100,100600,100,99521,100,,,99423,100,,,99383,100
2019-06-28 10:07:02.930574559,99967,327,99949,327,100037,327,99900,327,100110,100,99803,100,100131,100,99632,100,100236,100,99597,100,100327,100,99562,100,100514,100,99521,100,100600,100,99423,100,,,99383,100,,,99372,100
2019-06-28 10:07:05.054478540,99967,327,99949,227,100037,327,99900,327,100110,100,99803,100,100131,100,99632,100,100236,100,99562,100,100327,100,99521,100,100514,100,99423,100,100600,100,99383,100,,,99372,100,,,99298,100
2019-06-28 10:07:10.000000000,99967,191,99900,191,100037,191,99803,191,100110,191,99632,191,100131,191,99562,191,100236,191,99521,191,100327,100,99423,100,100514,100,99383,100,100600,100,99372,100,,,99298,100,,,99166,100
2019-06-28 10:07:20.000000000,99967,254,99900,254,100037,250,99803,250,100110,250,99632,250,100131,100,99562,100,100236,100,99521,100,100327,100,99423,100,100514,100,99383,100,100600,100,99372,100,,,99298,100,,,99166,100
2019-06-28 10:07:21.357652907,99967,254,99900,154,100037,250,99803,250,100110,250,99632,250,100131,100,99562,100,100236,100,99521,100,100327,100,99423,100,100514,100,99383,100,100600,100,99372,100,,,99298,100,,,99166,100
2019-06-28 10:07:26.375941538,99967,254,99900,154,100037,250,99803,250,100110,250,99632,250,100236,100,99562,100,100327,100,99521,100,100514,100,99423,100,100600,100,99383,100,,,99372,100,,,99298,100,,,99166,100
2019-06-28 10:07:27.402958610,99967,254,99900,154,100037,250,99803,250,100110,250,99632,250,100236,100,99562,100,100327,100,99521,100,100514,100,99383,100,100600,100,99372,100,,,99298,100,,,99166,100,,,99159,100
2019-06-28 10:07:30.000000000,99967,214,99803,214,100037,214,99632,214,100110,214,99562,214,100236,214,99521,214,100327,100,99383,100,100514,100,99372,100,100600,100,99298,100,,,99166,100,,,99159,100,,,99095,100
2019-06-28 10:07:33.396991292,99967,214,99803,214,100037,214,99632,214,100110,214,99562,214,100236,214,99521,214,100327,100,99383,100,100514,100,99372,100,100600,100,99298,100,,,99166,100,,,99159,100,,,99095,100
2019-06-28 10:07:40.000000000,99967,191,99803,191,100037,191,99632,191,100110,191,99562,191,100236,191,99521,191,100327,191,99383,191,100514,100,99372,100,100600,100,99298,100,,,99166,100,,,99159,100,,,99095,100
2019-06-28 10:07:41.480492769,99949,100,99803,191,99967,191,99632,191,100037,191,99562,191,100110,191,99521,191,100236,191,99383,191,100327,191,99372,100,100514,100,99298,100,100600,100,99166,100,,,99159,100,,,99095,100
2019-06-28 10:07:50.000000000,99949,191,99803,191,99967,191,99632,191,100037,191,99562,191,100110,191,99521,191,100236,191,99383,191,100327,100,99372,100,100514,100,99298,100,100600,100,99166,100,,,99159,100,,,99095,100
2019-06-28 10:08:00.000000000,99949,327,99803,327,99967,327,99632,327,100037,100,99562,100,100110,100,99521,100,100236,100,99383,100,100327,100,99372,100,100514,100,99298,100,100600,100,99166,100,,,99159,100,,,99095,100
2019-06-28 10:08:10.000000000,99949,214,99803,214,99967,214,99632,214,100037,214,99562,214,100110,214,99521,214,100236,100,99383,100,100327,100,99372,100,100514,100,99298,100,100600,100,99166,100,,,99159,100,,,99095,100
2019-06-28 10:08:14.293133883,99949,214,99803,214,99967,214,99632,214,100037,214,99562,214,100110,214,99521,214,100236,100,99383,100,100327,100,99372,100,100514,100,99298,100,100600,100,99166,100,,,99159,100,,,99095,100
2019-06-28 10:08:20.000000000,99949,327,99803,327,99967,327,99632,327,100037,100,99562,100,100110,100,99521,100,100236,100,99383,100,100327,100,99372,100,100514,100,99298,100,100600,100,99166,100,,,99159,100,,,99095,100
2019-06-28 10:08:28.587556565,99949,327,99803,227,99967,327,99632,327,100037,100,99562,100,100110,100,99521,100,100236,100,99383,100,100327,100,99372,100,100514,100,99298,100,100600,100,99166,100,,,99159,100,,,99095,100
