,ask_price_1,ask_size_1,bid_price_1,bid_size_1,ask_price_2,ask_size_2,bid_price_2,bid_size_2,ask_price_3,ask_size_3,bid_price_3,bid_size_3,ask_price_4,ask_size_4,bid_price_4,bid_size_4,ask_price_5,ask_size_5,bid_price_5,bid_size_5,ask_price_6,ask_size_6,bid_price_6,bid_size_6,ask_price_7,ask_size_7,bid_price_7,bid_size_7,ask_price_8,ask_size_8,bid_price_8,bid_size_8,ask_price_9,ask_size_9,bid_price_9,bid_size_9,ask_price_10,ask_size_10,bid_price_10,bid_size_10
2019-06-28 09:30:00.000000005,100117,100,,,,,,,,,,,,,,,,,,,,,,,,,,,,,,,,,,,,,,
2019-06-28 09:30:00.000000006,100117,100,99832,100,,,,,,,,,,,,,,,,,,,,,,,,,,,,,,,,,,,,
2019-06-28 09:30:00.000000008,99992,100,99872,100,100117,100,99832,100,,,,,,,,,,,,,,,,,,,,,,,,,,,,,,,,
2019-06-28 09:30:00.000000010,99992,100,99872,100,100060,100,99832,100,100117,100,99785,100,,,,,,,,,,,,,,,,,,,,,,,,,,,,
2019-06-28 09:30:00.000000011,99992,100,99914,100,100060,100,99872,100,100117,100,99832,100,,,99785,100,,,,,,,,,,,,,,,,,,,,,,,,
2019-06-28 09:30:00.000000012,99992,100,99914,100,100060,100,99872,100,100117,100,99832,100,100172,100,99785,100,,,,,,,,,,,,,,,,,,,,,,,,
2019-06-28 09:30:00.000000013,99992,100,99914,100,100060,100,99872,100,100117,100,99832,100,100155,100,99785,100,100172,100,,,,,,,,,,,,,,,,,,,,,,
2019-06-28 09:30:00.000000015,99992,100,99914,100,100060,100,99882,100,100117,100,99872,100,100155,100,99832,100,100172,100,99785,100,,,,,,,,,,,,,,,,,,,,
2019-06-28 09:30:00.000000017,100060,100,99977,100,100117,100,99914,100,100126,100,99882,100,100155,100,99872,100,100172,100,99832,100,,,99785,100,,,,,,,,,,,,,,,,
2019-06-28 09:30:00.000000018,100018,100,99977,100,100060,100,99956,100,100117,100,99914,100,100126,100,99882,100,100155,100,99872,100,100172,100,99832,100,,,99785,100,,,,,,,,,,,,
2019-06-28 09:30:00.000000020,100018,100,99977,100,100060,100,99956,100,100117,100,99941,100,100126,100,99914,100,100155,100,99882,100,100172,100,99872,100,,,99832,100,,,99785,100,,,,,,,,
2019-06-28 09:30:00.000000023,100060,100,99992,100,100117,100,99977,100,100126,100,99956,100,100155,100,99941,100,100172,100,99914,100,,,99882,100,,,99872,100,,,99832,100,,,99785,100,,,,
2019-06-28 09:30:00.000000026,100016,100,99992,100,100060,100,99977,100,100117,100,99956,100,100126,100,99941,100,100155,100,99914,100,100172,100,99882,100,,,99872,100,,,99868,100,,,99832,100,,,99785,100
2019-06-28 09:30:00.000000027,100016,100,99977,100,100060,100,99956,100,100117,100,99941,100,100126,100,99940,100,100155,100,99920,100,100172,100,99914,100,,,99882,100,,,99872,100,,,99868,100,,,99832,100
2019-06-28 09:30:00.000000031,100016,100,99977,100,100060,100,99956,100,100117,100,99941,100,100126,100,99940,100,100155,100,99920,100,100172,100,99914,100,,,99882,100,,,99872,100,,,99868,100,,,99832,100
2019-06-28 09:30:00.000000035,100016,100,99992,100,100060,100,99977,100,100117,100,99956,100,100126,100,99941,100,100155,100,99940,100,100172,100,99920,100,,,99914,100,,,99882,100,,,99872,100,,,99868,100
2019-06-28 09:30:00.000000037,100016,100,99992,100,100056,100,99977,100,100060,100,99956,100,100117,100,99941,100,100126,100,99940,100,100155,100,99920,100,100172,100,99914,100,,,99882,100,,,99872,100,,,99868,100
2019-06-28 09:30:00.000000038,100016,100,99992,100,100056,100,99989,100,100060,100,99977,100,100117,100,99956,100,100126,100,99941,100,100155,100,99940,100,100172,100,99920,100,,,99914,100,,,99882,100,,,99872,100
2019-06-28 09:30:00.000000041,100015,100,99992,200,100016,100,99989,100,100056,100,99977,100,100060,100,99956,100,100117,100,99941,100,100126,100,99940,100,100155,100,99920,100,100172,100,99914,100,,,99882,100,,,99872,100
2019-06-28 09:30:00.000000043,100015,100,99992,100,100016,100,99989,100,100056,100,99977,100,100060,100,99956,100,100117,100,99941,100,100126,100,99940,100,100155,100,99920,100,100172,100,99914,100,,,99882,100,,,99872,100
2019-06-28 09:30:00.000000046,100015,100,99989,100,100016,100,99977,100,100056,100,99965,100,100060,100,99956,100,100117,100,99941,100,100126,100,99940,100,100155,100,99920,100,100172,100,99914,100,,,99882,100,,,99872,100
2019-06-28 09:30:00.000000050,100015,100,99989,100,100016,100,99977,100,100056,100,99965,100,100060,100,99956,100,100117,100,99941,100,100126,100,99940,100,100155,100,99920,100,100172,100,99914,100,,,99885,100,,,99882,100
2019-06-28 09:30:00.000000052,100015,100,99995,100,100016,100,99989,100,100056,100,99977,100,100060,100,99965,100,100117,100,99956,100,100126,100,99941,100,100155,100,99940,100,100172,100,99920,100,,,99914,100,,,99885,100
2019-06-28 09:30:00.000000054,100015,100,99995,100,100016,100,99989,100,100056,100,99977,100,100060,100,99965,100,100117,100,99956,100,100126,100,99941,100,100155,100,99940,100,100172,100,99920,100,100209,100,99914,100,,,99885,100
2019-06-28 09:30:00.000000055,100015,100,100009,100,100016,100,99995,100,100056,100,99989,100,100060,100,99977,100,100117,100,99965,100,100126,100,99956,100,100127,100,99941,100,100155,100,99940,100,100172,100,99920,100,100209,100,99914,100
2019-06-28 09:30:00.000000058,100015,100,99995,100,100016,100,99989,100,100056,100,99977,100,100060,100,99965,100,100117,100,99956,100,100126,100,99941,100,100127,100,99940,100,100155,100,99920,100,100172,100,99914,100,100209,100,99904,100
2019-06-28 09:30:00.000000059,100015,100,99995,100,100016,100,99989,100,100056,100,99977,100,100060,100,99965,100,100117,100,99956,100,100126,100,99941,100,100127,100,99940,100,100155,100,99920,100,100172,100,99914,100,100209,100,99904,100
2019-06-28 09:30:00.000000061,100015,100,99995,100,100016,100,99989,100,100056,100,99977,100,100060,100,99965,100,100117,100,99956,100,100126,100,99941,100,100127,100,99940,100,100155,100,99920,100,100172,100,99914,100,100209,100,99910,100
2019-06-28 09:30:00.000000064,100015,100,99995,100,100016,100,99989,100,100056,100,99977,100,100060,100,99965,100,100105,100,99956,100,100117,100,99941,100,100126,100,99940,100,100127,100,99920,100,100155,100,99914,100,100172,100,99910,100
2019-06-28 09:30:00.000000067,100015,100,100011,100,100016,100,99995,100,100056,100,99989,100,100060,100,99977,100,100105,100,99965,100,100117,100,99956,100,100126,100,99941,100,100127,100,99940,100,100155,100,99920,100,100172,100,99914,100
2019-06-28 09:30:00.000000071,100015,100,100011,100,100016,100,99995,100,100056,100,99989,100,100060,100,99977,100,100067,100,99965,100,100105,100,99956,100,100117,100,99941,100,100126,100,99940,100,100127,100,99920,100,100155,100,99914,100
2019-06-28 09:30:00.000000073,100015,100,100011,100,100016,100,99995,100,100056,100,99989,100,100060,100,99977,100,100067,100,99965,100,100081,100,99956,100,100105,100,99941,100,100117,100,99940,100,100126,100,99920,100,100127,100,99914,100
2019-06-28 09:30:00.000000074,100015,100,100011,100,100016,100,99995,100,100056,100,99989,100,100060,100,99977,100,100067,100,99965,100,100081,100,99956,100,100105,100,99941,100,100117,100,99940,100,100126,100,99939,100,100127,100,99920,100
2019-06-28 09:30:00.000000076,100015,100,100011,100,100016,100,99995,100,100056,100,99989,100,100060,100,99977,100,100067,100,99965,100,100081,100,99956,100,100105,100,99951,100,100117,100,99941,100,100126,100,99940,100,100127,100,99939,100
2019-06-28 09:30:00.000000078,100016,100,99995,100,100056,100,99989,100,100060,100,99977,100,100067,100,99965,100,100081,100,99956,100,100097,100,99951,100,100105,100,99941,100,100117,100,99940,100,100126,100,99939,100,100127,100,99920,100
2019-06-28 09:30:00.000000079,100015,100,99995,100,100016,100,99989,100,100056,100,99977,100,100060,100,99965,100,100067,100,99956,100,100081,100,99951,100,100097,100,99941,100,100105,100,99940,100,100117,100,99939,100,100126,100,99920,100
2019-06-28 09:30:00.000000080,100015,100,99996,100,100016,100,99989,100,100056,100,99977,100,100060,100,99965,100,100067,100,99956,100,100081,100,99951,100,100097,100,99941,100,100105,100,99940,100,100117,100,99939,100,100126,100,99920,100
2019-06-28 09:30:00.000000082,100015,100,99996,100,100016,100,99989,100,100038,100,99977,100,100056,100,99965,100,100060,100,99956,100,100067,100,99951,100,100081,100,99941,100,100097,100,99940,100,100105,100,99939,100,100117,100,99920,100
2019-06-28 09:30:00.000000084,100015,100,99989,100,100016,100,99977,100,100038,100,99965,100,100056,100,99956,100,100060,100,99951,100,100067,100,99941,100,100081,100,99940,100,100084,100,99939,100,100097,100,99920,100,100105,100,99914,100
2019-06-28 09:30:00.000000085,99996,100,99977,100,100015,100,99965,100,100016,100,99956,100,100038,100,99951,100,100056,100,99941,100,100060,100,99940,100,100067,100,99939,100,100081,100,99920,100,100084,100,99914,100,100097,100,99910,100
2019-06-28 09:30:00.000000093,99996,100,99989,100,100015,100,99977,100,100016,100,99965,100,100038,100,99956,100,100056,100,99951,100,100060,100,99941,100,100067,100,99940,100,100081,100,99939,100,100084,100,99920,100,100096,100,99914,100
2019-06-28 09:30:00.000000094,99996,100,99989,100,100015,100,99977,100,100016,100,99965,100,100038,100,99956,100,100056,100,99951,100,100060,100,99941,100,100066,100,99940,100,100067,100,99939,100,100081,100,99920,100,100084,100,99914,100
2019-06-28 09:30:05.452303155,99996,100,99989,100,100015,100,99977,100,100016,100,99965,100,100038,100,99956,100,100056,100,99951,100,100060,100,99941,100,100066,100,99940,100,100067,100,99939,100,100081,100,99920,100,100084,100,99914,100
2019-06-28 09:30:06.115622095,99996,100,99989,100,100015,100,99977,100,100016,100,99965,100,100038,100,99956,100,100056,100,99951,100,100060,100,99941,100,100066,100,99940,100,100067,100,99939,100,100081,100,99920,100,100084,100,99910,100
2019-06-28 09:30:10.000000000,99996,204,99989,204,100015,204,99977,204,100016,204,99965,204,100038,204,99956,204,100056,100,99951,100,100060,100,99941,100,100066,100,99940,100,100067,100,99939,100,100081,100,99920,100,100084,100,99910,100
2019-06-28 09:30:20.000000000,99996,204,99989,204,100015,204,99977,204,100016,204,99965,204,100038,204,99956,204,100056,100,99951,100,100060,100,99941,100,100066,100,99940,100,100067,100,99939,100,100081,100,99920,100,100084,100,99910,100
2019-06-28 09:30:30.000000000,99996,204,99989,204,100015,204,99977,204,100016,204,99965,204,100038,204,99956,204,100056,100,99951,100,100060,100,99941,100,100066,100,99940,100,100067,100,99939,100,100081,100,99920,100,100084,100,99910,100
2019-06-28 09:30:31.499461117,99996,204,99989,104,100015,204,99977,204,100016,204,99965,204,100038,204,99956,204,100056,100,99951,100,100060,100,99941,100,100066,100,99940,100,100067,100,99939,100,100081,100,99920,100,100084,100,99910,100
2019-06-28 09:30:34.709580260,99996,204,99989,4,100015,204,99977,204,100016,204,99965,204,100038,204,99956,204,100056,100,99951,100,100060,100,99941,100,100066,100,99940,100,100067,100,99939,100,100081,100,99920,100,100084,100,99910,100
2019-06-28 09:30:35.200619371,99996,204,99989,4,100015,204,99977,204,100016,204,99965,204,100028,100,99956,204,100038,204,99951,100,100056,100,99941,100,100060,100,99940,100,100066,100,99939,100,100067,100,99920,100,100081,100,99910,100
2019-06-28 09:30:40.000000000,99996,204,99977,204,100015,204,99965,204,100016,204,99956,204,100028,204,99951,204,100038,100,99941,100,100056,100,99940,100,100060,100,99939,100,100066,100,99920,100,100067,100,99910,100,100081,100,99904,100
2019-06-28 09:30:50.000000000,99996,184,99977,184,100015,184,99965,184,100016,184,99956,184,100028,184,99951,184,100038,184,99941,184,100056,100,99940,100,100060,100,99939,100,100066,100,99920,100,100067,100,99910,100,100081,100,99904,100
2019-06-28 09:30:50.323790703,99996,184,99977,184,100015,184,99965,184,100016,184,99956,184,100028,184,99951,184,100038,184,99941,184,100056,100,99940,100,100060,100,99939,100,100066,100,99920,100,100067,100,99910,100,100081,100,99904,100
2019-06-28 09:31:00.000000000,99996,518,99977,518,100015,100,99965,100,100016,100,99956,100,100028,100,99951,100,100038,100,99941,100,100056,100,99940,100,100060,100,99939,100,100066,100,99920,100,100067,100,99910,100,100081,100,99904,100
2019-06-28 09:31:01.385594198,99996,518,99990,100,100015,100,99977,518,100016,100,99965,100,100028,100,99956,100,100038,100,99951,100,100056,100,99941,100,100060,100,99940,100,100066,100,99939,100,100067,100,99920,100,100081,100,99910,100
2019-06-28 09:31:10.000000000,99996,184,99990,184,100015,184,99977,184,100016,184,99965,184,100028,184,99956,184,100038,184,99951,184,100056,100,99941,100,100060,100,99940,100,100066,100,99939,100,100067,100,99920,100,100081,100,99910,100
2019-06-28 09:31:20.000000000,99996,204,99990,204,100015,204,99977,204,100016,204,99965,204,100028,204,99956,204,100038,100,99951,100,100056,100,99941,100,100060,100,99940,100,100066,100,99939,100,100067,100,99920,100,100081,100,99910,100
2019-06-28 09:31:28.622174675,99996,204,99990,204,100015,204,99977,204,100016,204,99965,204,100028,204,99956,204,100038,100,99951,100,100056,100,99941,100,100060,100,99940,100,100066,100,99939,100,100067,100,99920,100,100081,100,99910,100
2019-06-28 09:31:30.000000000,99996,184,99990,184,100015,184,99977,184,100016,184,99965,184,100028,184,99956,184,100038,184,99951,184,100056,100,99941,100,100060,100,99940,100,100066,100,99939,100,100067,100,99920,100,100081,100,99910,100
2019-06-28 09:31:40.000000000,99996,184,99990,184,100015,184,99977,184,100016,184,99965,184,100028,184,99956,184,100038,184,99951,184,100056,100,99941,100,100060,100,99940,100,100066,100,99939,100,100067,100,99920,100,100081,100,99910,100
2019-06-28 09:31:46.361654560,99996,184,99990,184,100015,184,99977,184,100016,184,99965,184,100028,184,99956,184,100038,184,99951,184,100056,100,99941,100,100060,100,99940,100,100066,100,99939,100,100067,100,99920,100,100081,100,99910,100
2019-06-28 09:31:50.000000000,99996,184,99990,184,100015,184,99977,184,100016,184,99965,184,100028,184,99956,184,100038,184,99951,184,100056,100,99941,100,100060,100,99940,100,100066,100,99939,100,100067,100,99920,100,100081,100,99910,100
2019-06-28 09:32:00.000000000,99996,309,99990,309,100015,309,99977,309,100016,100,99965,100,100028,100,99956,100,100038,100,99951,100,100056,100,99941,100,100060,100,99940,100,100066,100,99939,100,100067,100,99920,100,100081,100,99910,100
2019-06-28 09:32:07.377065541,99996,209,99990,309,100015,309,99977,309,100016,100,99965,100,100028,100,99956,100,100038,100,99951,100,100056,100,99941,100,100060,100,99940,100,100066,100,99939,100,100067,100,99920,100,100081,100,99910,100
2019-06-28 09:32:10.000000000,100015,518,99990,518,100016,100,99977,100,100028,100,99965,100,100038,100,99956,100,100056,100,99951,100,100060,100,99941,100,100066,100,99940,100,100067,100,99939,100,100081,100,99920,100,100084,100,99910,100
2019-06-28 09:32:20.000000000,100015,309,99990,309,100016,309,99977,309,100028,100,99965,100,100038,100,99956,100,100056,100,99951,100,100060,100,99941,100,100066,100,99940,100,100067,100,99939,100,100081,100,99920,100,100084,100,99910,100
2019-06-28 09:32:30.000000000,100015,309,99990,309,100016,309,99977,309,100028,100,99965,100,100038,100,99956,100,100056,100,99951,100,100060,100,99941,100,100066,100,99940,100,100067,100,99939,100,100081,100,99920,100,100084,100,99910,100
2019-06-28 09:32:35.565484154,100015,309,99991,100,100016,309,99990,309,100028,100,99977,309,100038,100,99965,100,100056,100,99956,100,100060,100,99951,100,100066,100,99941,100,100067,100,99940,100,100081,100,99939,100,100084,100,99920,100
2019-06-28 09:32:36.703624065,100015,209,99991,100,100016,309,99990,309,100028,100,99977,309,100038,100,99965,100,100056,100,99956,100,100060,100,99951,100,100066,100,99941,100,100067,100,99940,100,100081,100,99939,100,100084,100,99920,100
2019-06-28 09:32:37.739686574,100015,209,99991,100,100016,309,99990,309,100028,100,99977,309,100038,100,99965,100,100056,100,99956,100,100060,100,99951,100,100066,100,99941,100,100067,100,99940,100,100081,100,99939,100,100084,100,99920,100
2019-06-28 09:32:40.000000000,100016,309,99991,309,100028,309,99990,309,100038,100,99977,100,100056,100,99965,100,100060,100,99956,100,100066,100,99951,100,100067,100,99941,100,100081,100,99940,100,100084,100,99939,100,100097,100,99920,100
2019-06-28 09:32:46.924032307,100016,309,99996,100,100028,309,99991,309,100038,100,99990,309,100056,100,99977,100,100060,100,99965,100,100066,100,99956,100,100067,100,99951,100,100081,100,99941,100,100084,100,99940,100,100097,100,99939,100
2019-06-28 09:32:50.000000000,100016,309,99996,309,100028,309,99991,309,100038,100,99990,100,100056,100,99977,100,100060,100,99965,100,100066,100,99956,100,100067,100,99951,100,100081,100,99941,100,100084,100,99940,100,100097,100,99939,100
2019-06-28 09:33:00.000000000,100016,242,99996,242,100028,238,99991,238,100038,238,99990,238,100056,100,99977,100,100060,100,99965,100,100066,100,99956,100,100067,100,99951,100,100081,100,99941,100,100084,100,99940,100,100097,100,99939,100
2019-06-28 09:33:10.000000000,100016,242,99996,242,100028,238,99991,238,100038,238,99990,238,100056,100,99977,100,100060,100,99965,100,100066,100,99956,100,100067,100,99951,100,100081,100,99941,100,100084,100,99940,100,100097,100,99939,100
2019-06-28 09:33:20.000000000,100016,204,99996,204,100028,204,99991,204,100038,204,99990,204,100056,204,99977,204,100060,100,99965,100,100066,100,99956,100,100067,100,99951,100,100081,100,99941,100,100084,100,99940,100,100097,100,99939,100
2019-06-28 09:33:30.000000000,100016,204,99996,204,100028,204,99991,204,100038,204,99990,204,100056,204,99977,204,100060,100,99965,100,100066,100,99956,100,100067,100,99951,100,100081,100,99941,100,100084,100,99940,100,100097,100,99939,100
2019-06-28 09:33:37.312266672,100016,104,99996,204,100028,204,99991,204,100038,204,99990,204,100056,204,99977,204,100060,100,99965,100,100066,100,99956,100,100067,100,99951,100,100081,100,99941,100,100084,100,99940,100,100097,100,99939,100
2019-06-28 09:33:40.000000000,100028,242,99996,242,100038,238,99991,238,100056,238,99990,238,100060,100,99977,100,100066,100,99965,100,100067,100,99956,100,100081,100,99951,100,100084,100,99941,100,100097,100,99940,100,100105,100,99939,100
2019-06-28 09:33:41.912827890,100028,242,100015,100,100038,238,99996,242,100056,238,99991,238,100060,100,99990,238,100066,100,99977,100,100067,100,99965,100,100081,100,99956,100,100084,100,99951,100,100097,100,99941,100,100105,100,99940,100
2019-06-28 09:33:50.000000000,100028,242,100015,242,100038,238,99996,238,100056,238,99991,238,100060,100,99990,100,100066,100,99977,100,100067,100,99965,100,100081,100,99956,100,100084,100,99951,100,100097,100,99941,100,100105,100,99940,100
2019-06-28 09:33:54.945263508,100028,242,100015,242,100038,238,99996,238,100056,238,99991,238,100060,100,99990,100,100066,100,99977,100,100067,100,99965,100,100081,100,99956,100,100084,100,99951,100,100097,100,99941,100,100105,100,99940,100
2019-06-28 09:33:59.131672125,100028,242,100015,242,100038,238,99996,238,100056,238,99991,238,100066,100,99990,100,100067,100,99977,100,100081,100,99965,100,100084,100,99956,100,100097,100,99951,100,100105,100,99941,100,100126,100,99940,100
2019-06-28 09:34:00.000000000,100028,204,100015,204,100038,204,99996,204,100056,204,99991,204,100066,204,99990,204,100067,100,99977,100,100081,100,99965,100,100084,100,99956,100,100097,100,99951,100,100105,100,99941,100,100126,100,99940,100
2019-06-28 09:34:07.184196492,100028,204,100015,204,100038,204,99996,204,100056,204,99991,204,100066,204,99990,204,100067,100,99977,100,100081,100,99965,100,100084,100,99956,100,100097,100,99951,100,100105,100,99941,100,100126,100,99940,100
2019-06-28 09:34:10.000000000,100028,309,100015,309,100038,309,99996,309,100056,100,99991,100,100066,100,99990,100,100067,100,99977,100,100081,100,99965,100,100084,100,99956,100,100097,100,99951,100,100105,100,99941,100,100126,100,99940,100
2019-06-28 09:34:19.351220737,100028,309,100015,309,100038,309,99996,309,100056,100,99991,100,100066,100,99990,100,100067,100,99977,100,100084,100,99965,100,100097,100,99956,100,100105,100,99951,100,100126,100,99941,100,100127,100,99940,100
2019-06-28 09:34:20.000000000,100028,242,100015,242,100038,238,99996,238,100056,238,99991,238,100066,100,99990,100,100067,100,99977,100,100084,100,99965,100,100097,100,99956,100,100105,100,99951,100,100126,100,99941,100,100127,100,99940,100
2019-06-28 09:34:22.395821618,100028,142,100015,242,100038,238,99996,238,100056,238,99991,238,100066,100,99990,100,100067,100,99977,100,100084,100,99965,100,100097,100,99956,100,100105,100,99951,100,100126,100,99941,100,100127,100,99940,100
2019-06-28 09:34:30.000000000,100038,204,100015,204,100056,204,99996,204,100066,204,99991,204,100067,204,99990,204,100084,100,99977,100,100097,100,99965,100,100105,100,99956,100,100126,100,99951,100,100127,100,99941,100,100155,100,99940,100
2019-06-28 09:34:36.090249538,100038,204,100015,204,100056,204,99996,204,100066,204,99991,204,100067,204,99990,204,100084,100,99977,100,100097,100,99965,100,100105,100,99956,100,100126,100,99951,100,100127,100,99941,100,100155,100,99940,100
2019-06-28 09:34:36.683050499,100038,204,100015,204,100056,204,99996,204,100066,204,99991,204,100067,204,99990,204,100084,100,99977,100,100097,100,99965,100,100105,100,99956,100,100126,100,99951,100,100127,100,99941,100,100155,100,99940,100
2019-06-28 09:34:40.000000000,100038,242,100015,242,100056,238,99996,238,100066,238,99991,238,100067,100,99990,100,100084,100,99977,100,100097,100,99965,100,100105,100,99956,100,100126,100,99951,100,100127,100,99941,100,100155,100,99940,100
2019-06-28 09:34:50.000000000,100038,204,100015,204,100056,204,99996,204,100066,204,99991,204,100067,204,99990,204,100084,100,99977,100,100097,100,99965,100,100105,100,99956,100,100126,100,99951,100,100127,100,99941,100,100155,100,99940,100
2019-06-28 09:35:00.000000000,100038,309,100015,309,100056,309,99996,309,100066,100,99991,100,100067,100,99990,100,100084,100,99977,100,100097,100,99965,100,100105,100,99956,100,100126,100,99951,100,100127,100,99941,100,100155,100,99940,100
2019-06-28 09:35:03.825887674,100038,209,100015,309,100056,309,99996,309,100066,100,99991,100,100067,100,99990,100,100084,100,99977,100,100097,100,99965,100,100105,100,99956,100,100126,100,99951,100,100127,100,99941,100,100155,100,99940,100
2019-06-28 09:35:08.795626871,100038,209,100015,309,100056,309,99996,309,100066,100,99991,100,100067,100,99990,100,100084,100,99977,100,100097,100,99965,100,100105,100,99956,100,100126,100,99951,100,100127,100,99941,100,100155,100,99940,100
2019-06-28 09:35:10.000000000,100056,242,100015,242,100066,238,99996,238,100067,238,99991,238,100084,100,99990,100,100097,100,99977,100,100105,100,99965,100,100126,100,99956,100,100127,100,99951,100,100155,100,99941,100,100244,100,99940,100
2019-06-28 09:35:20.000000000,100056,204,100015,204,100066,204,99996,204,100067,204,99991,204,100084,204,99990,204,100097,100,99977,100,100105,100,99965,100,100126,100,99956,100,100127,100,99951,100,100155,100,99941,100,100244,100,99940,100
2019-06-28 09:35:30.000000000,100056,204,100015,204,100066,204,99996,204,100067,204,99991,204,100084,204,99990,204,100097,100,99977,100,100105,100,99965,100,100126,100,99956,100,100127,100,99951,100,100155,100,99941,100,100244,100,99940,100
2019-06-28 09:35:35.551345361,100056,204,100040,100,100066,204,100015,204,100067,204,99996,204,100084,204,99991,204,100097,100,99990,204,100105,100,99977,100,100126,100,99965,100,100127,100,99956,100,100155,100,99951,100,100244,100,99941,100
2019-06-28 09:35:40.000000000,100056,184,100040,184,100066,184,100015,184,100067,184,99996,184,100084,184,99991,184,100097,184,99990,184,100105,100,99977,100,100126,100,99965,100,100127,100,99956,100,100155,100,99951,100,100244,100,99941,100
2019-06-28 09:35:50.000000000,100056,309,100040,309,100066,309,100015,309,100067,100,99996,100,100084,100,99991,100,100097,100,99990,100,100105,100,99977,100,100126,100,99965,100,100127,100,99956,100,100155,100,99951,100,100244,100,99941,100
2019-06-28 09:36:00.000000000,100056,204,100040,204,100066,204,100015,204,100067,204,99996,204,100084,204,99991,204,100097,100,99990,100,100105,100,99977,100,100126,100,99965,100,100127,100,99956,100,100155,100,99951,100,100244,100,99941,100
2019-06-28 09:36:10.000000000,100056,184,100040,184,100066,184,100015,184,100067,184,99996,184,100084,184,99991,184,100097,184,99990,184,100105,100,99977,100,100126,100,99965,100,100127,100,99956,100,100155,100,99951,100,100244,100,99941,100
2019-06-28 09:36:16.038775977,100056,184,100040,84,100066,184,100015,184,100067,184,99996,184,100084,184,99991,184,100097,184,99990,184,100105,100,99977,100,100126,100,99965,100,100127,100,99956,100,100155,100,99951,100,100244,100,99941,100
2019-06-28 09:36:20.000000000,100056,242,100015,242,100066,238,99996,238,100067,238,99991,238,100084,100,99990,100,100097,100,99977,100,100105,100,99965,100,100126,100,99956,100,100127,100,99951,100,100155,100,99941,100,100244,100,99940,100
2019-06-28 09:36:30.000000000,100056,518,100015,518,100066,100,99996,100,100067,100,99991,100,100084,100,99990,100,100097,100,99977,100,100105,100,99965,100,100126,100,99956,100,100127,100,99951,100,100155,100,99941,100,100244,100,99940,100
2019-06-28 09:36:40.000000000,100056,184,100015,184,100066,184,99996,184,100067,184,99991,184,100084,184,99990,184,100097,184,99977,184,100105,100,99965,100,100126,100,99956,100,100127,100,99951,100,100155,100,99941,100,100244,100,99940,100
2019-06-28 09:36:45.487788701,100056,184,100015,184,100066,184,99996,184,100067,184,99991,184,100084,184,99990,184,100097,184,99977,184,100105,100,99965,100,100126,100,99956,100,100127,100,99951,100,100155,100,99941,100,100244,100,99940,100
2019-06-28 09:36:50.000000000,100056,184,100015,184,100066,184,99996,184,100067,184,99991,184,100084,184,99990,184,100097,184,99977,184,100105,100,99965,100,100126,100,99956,100,100127,100,99951,100,100155,100,99941,100,100244,100,99940,100
2019-06-28 09:37:00.000000000,100056,204,100015,204,100066,204,99996,204,100067,204,99991,204,100084,204,99990,204,100097,100,99977,100,100105,100,99965,100,100126,100,99956,100,100127,100,99951,100,100155,100,99941,100,100244,100,99940,100
2019-06-28 09:37:10.000000000,100056,309,100015,309,100066,309,99996,309,100067,100,99991,100,100084,100,99990,100,100097,100,99977,100,100105,100,99965,100,100126,100,99956,100,100127,100,99951,100,100155,100,99941,100,100244,100,99940,100
2019-06-28 09:37:17.734691272,100037,100,100015,209,100056,309,99996,309,100066,309,99991,100,100067,100,99990,100,100084,100,99977,100,100097,100,99965,100,100105,100,99956,100,100126,100,99951,100,100127,100,99941,100,100155,100,99940,100
2019-06-28 09:37:20.000000000,100037,204,99996,204,100056,204,99991,204,100066,204,99990,204,100067,204,99977,204,100084,100,99965,100,100097,100,99956,100,100105,100,99951,100,100126,100,99941,100,100127,100,99940,100,100155,100,99939,100
2019-06-28 09:37:22.510496803,100037,204,99996,104,100056,204,99991,204,100066,204,99990,204,100067,204,99977,204,100084,100,99965,100,100097,100,99956,100,100105,100,99951,100,100126,100,99941,100,100127,100,99940,100,100155,100,99939,100
2019-06-28 09:37:30.000000000,100037,204,99991,204,100056,204,99990,204,100066,204,99977,204,100067,204,99965,204,100084,100,99956,100,100097,100,99951,100,100105,100,99941,100,100126,100,99940,100,100127,100,99939,100,100155,100,99910,100
2019-06-28 09:37:40.000000000,100037,184,99991,184,100056,184,99990,184,100066,184,99977,184,100067,184,99965,184,100084,184,99956,184,100097,100,99951,100,100105,100,99941,100,100126,100,99940,100,100127,100,99939,100,100155,100,99910,100
2019-06-28 09:37:45.367232570,100037,184,99991,184,100056,184,99990,184,100066,184,99977,184,100067,184,99965,184,100084,184,99956,184,100097,100,99951,100,100105,100,99941,100,100126,100,99940,100,100127,100,99939,100,100244,100,99910,100
2019-06-28 09:37:45.944890883,100037,184,99991,184,100056,184,99990,184,100066,184,99977,184,100067,184,99965,184,100084,184,99956,184,100097,100,99951,100,100105,100,99940,100,100126,100,99939,100,100127,100,99910,100,100244,100,99904,100
2019-06-28 09:37:48.521545305,100037,184,99991,184,100056,184,99990,184,100066,184,99977,184,100067,184,99965,184,100084,184,99956,184,100097,100,99951,100,100105,100,99940,100,100126,100,99939,100,100127,100,99910,100,100244,100,99904,100
2019-06-28 09:37:50.000000000,100037,204,99991,204,100056,204,99990,204,100066,204,99977,204,100067,204,99965,204,100084,100,99956,100,100097,100,99951,100,100105,100,99940,100,100126,100,99939,100,100127,100,99910,100,100244,100,99904,100
2019-06-28 09:38:00.000000000,100037,518,99991,518,100056,100,99990,100,100066,100,99977,100,100067,100,99965,100,100084,100,99956,100,100097,100,99951,100,100105,100,99940,100,100126,100,99939,100,100127,100,99910,100,100244,100,99904,100
2019-06-28 09:38:10.000000000,100037,309,99991,309,100056,309,99990,309,100066,100,99977,100,100067,100,99965,100,100084,100,99956,100,100097,100,99951,100,100105,100,99940,100,100126,100,99939,100,100127,100,99910,100,100244,100,99904,100
2019-06-28 09:38:20.000000000,100037,204,99991,204,100056,204,99990,204,100066,204,99977,204,100067,204,99965,204,100084,100,99956,100,100097,100,99951,100,100105,100,99940,100,100126,100,99939,100,100127,100,99910,100,100244,100,99904,100
2019-06-28 09:38:23.120046512,100037,204,99991,104,100056,204,99990,204,100066,204,99977,204,100067,204,99965,204,100084,100,99956,100,100097,100,99951,100,100105,100,99940,100,100126,100,99939,100,100127,100,99910,100,100244,100,99904,100
2019-06-28 09:38:25.663485992,100015,100,99991,104,100037,204,99990,204,100056,204,99977,204,100066,204,99965,204,100067,204,99956,100,100084,100,99951,100,100097,100,99940,100,100105,100,99939,100,100126,100,99910,100,100127,100,99904,100
2019-06-28 09:38:30.000000000,100015,309,99990,309,100037,309,99977,309,100056,100,99965,100,100066,100,99956,100,100067,100,99951,100,100084,100,99940,100,100097,100,99939,100,100105,100,99910,100,100126,100,99904,100,100127,100,99885,100
2019-06-28 09:38:31.065849043,100015,309,99990,309,100037,309,99977,309,100056,100,99965,100,100066,100,99956,100,100067,100,99951,100,100084,100,99940,100,100097,100,99939,100,100105,100,99910,100,100126,100,99904,100,100127,100,99885,100
2019-06-28 09:38:40.000000000,100015,518,99990,518,100037,100,99977,100,100056,100,99965,100,100066,100,99956,100,100067,100,99951,100,100084,100,99940,100,100097,100,99939,100,100105,100,99910,100,100126,100,99904,100,100127,100,99885,100
2019-06-28 09:38:50.000000000,100015,518,99990,518,100037,100,99977,100,100056,100,99965,100,100066,100,99956,100,100067,100,99951,100,100084,100,99940,100,100097,100,99939,100,100105,100,99910,100,100126,100,99904,100,100127,100,99885,100
2019-06-28 09:38:51.790548547,100015,518,99990,518,100037,100,99977,100,100056,100,99965,100,100066,100,99956,100,100067,100,99951,100,100084,100,99940,100,100097,100,99939,100,100105,100,99910,100,100126,100,99904,100,100127,100,99885,100
2019-06-28 09:38:54.611598353,100015,518,99990,418,100037,100,99977,100,100056,100,99965,100,100066,100,99956,100,100067,100,99951,100,100084,100,99940,100,100097,100,99939,100,100105,100,99910,100,100126,100,99904,100,100127,100,99885,100
2019-06-28 09:38:54.921775491,100015,518,99990,318,100037,100,99977,100,100056,100,99965,100,100066,100,99956,100,100067,100,99951,100,100084,100,99940,100,100097,100,99939,100,100105,100,99910,100,100126,100,99904,100,100127,100,99885,100
2019-06-28 09:39:00.000000000,100015,204,99977,204,100037,204,99965,204,100056,204,99956,204,100066,204,99951,204,100067,100,99940,100,100084,100,99939,100,100097,100,99910,100,100105,100,99904,100,100126,100,99885,100,100127,100,99877,100
2019-06-28 09:39:10.000000000,100015,242,99977,242,100037,238,99965,238,100056,238,99956,238,100066,100,99951,100,100067,100,99940,100,100084,100,99939,100,100097,100,99910,100,100105,100,99904,100,100126,100,99885,100,100127,100,99877,100
2019-06-28 09:39:20.000000000,100015,309,99977,309,100037,309,99965,309,100056,100,99956,100,100066,100,99951,100,100067,100,99940,100,100084,100,99939,100,100097,100,99910,100,100105,100,99904,100,100126,100,99885,100,100127,100,99877,100
2019-06-28 09:39:21.312720633,99990,100,99977,309,100015,309,99965,309,100037,309,99956,100,100056,100,99951,100,100066,100,99940,100,100067,100,99939,100,100084,100,99910,100,100097,100,99904,100,100105,100,99885,100,100126,100,99877,100
2019-06-28 09:39:30.000000000,99990,518,99977,518,100015,100,99965,100,100037,100,99956,100,100056,100,99951,100,100066,100,99940,100,100067,100,99939,100,100084,100,99910,100,100097,100,99904,100,100105,100,99885,100,100126,100,99877,100
2019-06-28 09:39:30.789742647,99990,518,99977,518,100015,100,99965,100,100037,100,99956,100,100056,100,99951,100,100066,100,99940,100,100067,100,99939,100,100084,100,99910,100,100097,100,99904,100,100105,100,99885,100,100126,100,99877,100
2019-06-28 09:39:32.153025802,99990,518,99977,418,100015,100,99965,100,100037,100,99956,100,100056,100,99951,100,100066,100,99940,100,100067,100,99939,100,100084,100,99910,100,100097,100,99904,100,100126,100,99885,100,100127,100,99877,100
2019-06-28 09:39:40.000000000,99990,242,99965,242,100015,238,99956,238,100037,238,99951,238,100056,100,99940,100,100066,100,99939,100,100067,100,99910,100,100084,100,99904,100,100097,100,99885,100,100126,100,99877,100,100127,100,99859,100
2019-06-28 09:39:43.688721115,99989,100,99965,242,99990,142,99956,238,100015,238,99951,238,100037,238,99940,100,100056,100,99939,100,100066,100,99910,100,100067,100,99904,100,100084,100,99885,100,100097,100,99877,100,100126,100,99859,100
2019-06-28 09:39:50.000000000,99989,309,99965,309,100015,309,99956,309,100037,100,99951,100,100056,100,99940,100,100066,100,99939,100,100067,100,99910,100,100084,100,99904,100,100097,100,99885,100,100126,100,99877,100,100127,100,99859,100
2019-06-28 09:40:00.000000000,99989,242,99965,242,100015,238,99956,238,100037,238,99951,238,100056,100,99940,100,100066,100,99939,100,100067,100,99910,100,100084,100,99904,100,100097,100,99885,100,100126,100,99877,100,100127,100,99859,100
2019-06-28 09:40:10.000000000,99989,204,99965,204,100015,204,99956,204,100037,204,99951,204,100056,204,99940,204,100066,100,99939,100,100067,100,99910,100,100084,100,99904,100,100097,100,99885,100,100126,100,99877,100,100127,100,99859,100
2019-06-28 09:40:16.957807022,99989,204,99965,104,100015,204,99956,204,100037,204,99951,204,100056,204,99940,204,100066,100,99939,100,100067,100,99910,100,100084,100,99904,100,100097,100,99885,100,100126,100,99877,100,100127,100,99859,100
2019-06-28 09:40:20.000000000,99989,204,99956,204,100015,204,99951,204,100037,204,99940,204,100056,204,99939,204,100066,100,99910,100,100067,100,99904,100,100084,100,99885,100,100097,100,99877,100,100126,100,99859,100,100127,100,99832,100
2019-06-28 09:40:30.000000000,99989,309,99956,309,100015,309,99951,309,100037,100,99940,100,100056,100,99939,100,100066,100,99910,100,100067,100,99904,100,100084,100,99885,100,100097,100,99877,100,100126,100,99859,100,100127,100,99832,100
2019-06-28 09:40:40.000000000,99989,518,99956,518,100015,100,99951,100,100037,100,99940,100,100056,100,99939,100,100066,100,99910,100,100067,100,99904,100,100084,100,99885,100,100097,100,99877,100,100126,100,99859,100,100127,100,99832,100
2019-06-28 09:40:41.267072035,99977,100,99956,518,99989,518,99951,100,100015,100,99940,100,100037,100,99939,100,100056,100,99910,100,100066,100,99904,100,100067,100,99885,100,100084,100,99877,100,100097,100,99859,100,100126,100,99832,100
2019-06-28 09:40:50.000000000,99977,309,99956,309,99989,309,99951,309,100015,100,99940,100,100037,100,99939,100,100056,100,99910,100,100066,100,99904,100,100067,100,99885,100,100084,100,99877,100,100097,100,99859,100,100126,100,99832,100
2019-06-28 09:40:50.281106606,99977,309,99956,209,99989,309,99951,309,100015,100,99940,100,100037,100,99939,100,100056,100,99910,100,100066,100,99885,100,100067,100,99877,100,100084,100,99859,100,100097,100,99832,100,100126,100,99825,100
2019-06-28 09:40:56.414309321,99977,309,99956,209,99989,309,99951,309,100015,100,99940,100,100037,100,99939,100,100056,100,99910,100,100066,100,99885,100,100067,100,99877,100,100084,100,99859,100,100097,100,99832,100,100126,100,99825,100
2019-06-28 09:41:00.000000000,99977,518,99951,518,99989,100,99940,100,100015,100,99939,100,100037,100,99910,100,100056,100,99885,100,100066,100,99877,100,100067,100,99859,100,100084,100,99832,100,100097,100,99825,100,100126,100,99799,100
2019-06-28 09:41:03.741589201,99977,518,99951,518,99989,100,99940,100,100015,100,99939,100,100037,100,99910,100,100056,100,99885,100,100066,100,99877,100,100067,100,99859,100,100084,100,99832,100,100097,100,99825,100,100126,100,99799,100
2019-06-28 09:41:10.000000000,99977,309,99951,309,99989,309,99940,309,100015,100,99939,100,100037,100,99910,100,100056,100,99885,100,100066,100,99877,100,100067,100,99859,100,100084,100,99832,100,100097,100,99825,100,100126,100,99799,100
2019-06-28 09:41:12.633096308,99977,309,99951,209,99989,309,99940,309,100015,100,99939,100,100037,100,99910,100,100056,100,99885,100,100066,100,99877,100,100067,100,99859,100,100084,100,99832,100,100097,100,99825,100,100126,100,99799,100
2019-06-28 09:41:17.159321210,99977,309,99951,109,99989,309,99940,309,100015,100,99939,100,100037,100,99910,100,100056,100,99885,100,100066,100,99877,100,100067,100,99859,100,100084,100,99832,100,100097,100,99825,100,100126,100,99799,100
2019-06-28 09:41:20.000000000,99977,204,99940,204,99989,204,99939,204,100015,204,99910,204,100037,204,99885,204,100056,100,99877,100,100066,100,99859,100,100067,100,99832,100,100084,100,99825,100,100097,100,99799,100,100126,100,99785,100
2019-06-28 09:41:24.557501440,99977,204,99940,204,99989,204,99939,204,100015,204,99910,204,100037,204,99885,204,100056,100,99877,100,100066,100,99859,100,100067,100,99832,100,100084,100,99825,100,100097,100,99799,100,100126,100,99785,100
2019-06-28 09:41:30.000000000,99977,204,99940,204,99989,204,99939,204,100015,204,99910,204,100037,204,99885,204,100056,100,99877,100,100066,100,99859,100,100067,100,99832,100,100084,100,99825,100,100097,100,99799,100,100126,100,99785,100
2019-06-28 09:41:39.492475335,99977,204,99940,104,99989,204,99939,204,100015,204,99910,204,100037,204,99885,204,100056,100,99877,100,100066,100,99859,100,100067,100,99832,100,100084,100,99825,100,100097,100,99799,100,100126,100,99785,100
2019-06-28 09:41:40.000000000,99977,204,99939,204,99989,204,99910,204,100015,204,99885,204,100037,204,99877,204,100056,100,99859,100,100066,100,99832,100,100067,100,99825,100,100084,100,99799,100,100097,100,99785,100,100126,100,99764,100
2019-06-28 09:41:43.771381510,99951,100,99939,204,99977,204,99910,204,99989,204,99885,204,100015,204,99877,204,100037,204,99859,100,100056,100,99832,100,100066,100,99825,100,100067,100,99799,100,100084,100,99785,100,100097,100,99764,100
2019-06-28 09:41:50.000000000,99951,309,99939,309,99977,309,99910,309,99989,100,99885,100,100015,100,99877,100,100037,100,99859,100,100056,100,99832,100,100066,100,99825,100,100067,100,99799,100,100084,100,99785,100,100097,100,99764,100
2019-06-28 09:42:00.000000000,99951,309,99939,309,99977,309,99910,309,99989,100,99885,100,100015,100,99877,100,100037,100,99859,100,100056,100,99832,100,100066,100,99825,100,100067,100,99799,100,100084,100,99785,100,100097,100,99764,100
2019-06-28 09:42:09.142703373,99951,309,99939,309,99977,309,99910,309,99989,100,99885,100,100015,100,99877,100,100037,100,99859,100,100056,100,99832,100,100066,100,99825,100,100067,100,99799,100,100084,100,99785,100,100097,100,99764,100
2019-06-28 09:42:10.000000000,99951,309,99939,309,99977,309,99910,309,99989,100,99885,100,100015,100,99877,100,100037,100,99859,100,100056,100,99832,100,100066,100,99825,100,100067,100,99799,100,100084,100,99785,100,100097,100,99764,100
2019-06-28 09:42:18.113496890,99951,309,99939,209,99977,309,99910,309,99989,100,99885,100,100015,100,99877,100,100037,100,99859,100,100056,100,99832,100,100066,100,99825,100,100067,100,99799,100,100084,100,99785,100,100097,100,99764,100
2019-06-28 09:42:20.000000000,99951,204,99910,204,99977,204,99885,204,99989,204,99877,204,100015,204,99859,204,100037,100,99832,100,100056,100,99825,100,100066,100,99799,100,100067,100,99785,100,100084,100,99764,100,100097,100,99762,100
2019-06-28 09:42:30.000000000,99951,204,99910,204,99977,204,99885,204,99989,204,99877,204,100015,204,99859,204,100037,100,99832,100,100056,100,99825,100,100066,100,99799,100,100067,100,99785,100,100084,100,99764,100,100097,100,99762,100
2019-06-28 09:42:40.000000000,99951,204,99910,204,99977,204,99885,204,99989,204,99877,204,100015,204,99859,204,100037,100,99832,100,100056,100,99825,100,100066,100,99799,100,100067,100,99785,100,100084,100,99764,100,100097,100,99762,100
2019-06-28 09:42:40.399518455,99951,204,99910,104,99977,204,99885,204,99989,204,99877,204,100015,204,99859,204,100037,100,99832,100,100056,100,99825,100,100066,100,99799,100,100067,100,99785,100,100084,100,99764,100,100097,100,99762,100
2019-06-28 09:42:50.000000000,99951,242,99885,242,99977,238,99877,238,99989,238,99859,238,100015,100,99832,100,100037,100,99825,100,100056,100,99799,100,100066,100,99785,100,100067,100,99764,100,100084,100,99762,100,100097,100,99684,100
2019-06-28 09:43:00.000000000,99951,184,99885,184,99977,184,99877,184,99989,184,99859,184,100015,184,99832,184,100037,184,99825,184,100056,100,99799,100,100066,100,99785,100,100067,100,99764,100,100084,100,99762,100,100097,100,99684,100
2019-06-28 09:43:10.000000000,99951,204,99885,204,99977,204,99877,204,99989,204,99859,204,100015,204,99832,204,100037,100,99825,100,100056,100,99799,100,100066,100,99785,100,100067,100,99764,100,100084,100,99762,100,100097,100,99684,100
2019-06-28 09:43:19.538692790,99951,104,99885,204,99977,204,99877,204,99989,204,99859,204,100015,204,99832,204,100037,100,99825,100,100056,100,99799,100,100066,100,99785,100,100067,100,99764,100,100084,100,99762,100,100097,100,99684,100
2019-06-28 09:43:20.000000000,99977,204,99885,204,99989,204,99877,204,100015,204,99859,204,100037,204,99832,204,100056,100,99825,100,100066,100,99799,100,100067,100,99785,100,100084,100,99764,100,100097,100,99762,100,100126,100,99684,100
2019-06-28 09:43:21.376249466,99935,100,99885,204,99977,204,99877,204,99989,204,99859,204,100015,204,99832,204,100037,204,99825,100,100056,100,99799,100,100066,100,99785,100,100067,100,99764,100,100084,100,99762,100,100097,100,99684,100
2019-06-28 09:43:30.000000000,99935,309,99885,309,99977,309,99877,309,99989,100,99859,100,100015,100,99832,100,100037,100,99825,100,100056,100,99799,100,100066,100,99785,100,100067,100,99764,100,100084,100,99762,100,100097,100,99684,100
2019-06-28 09:43:30.867791783,99935,309,99885,309,99977,309,99877,309,99989,100,99859,100,100015,100,99832,100,100037,100,99825,100,100056,100,99799,100,100066,100,99785,100,100067,100,99778,100,100084,100,99764,100,100097,100,99762,100
2019-06-28 09:43:40.000000000,99935,184,99885,184,99977,184,99877,184,99989,184,99859,184,100015,184,99832,184,100037,184,99825,184,100056,100,99799,100,100066,100,99785,100,100067,100,99778,100,100084,100,99764,100,100097,100,99762,100
2019-06-28 09:43:44.440003545,99935,184,99885,184,99977,184,99883,100,99989,184,99877,184,100015,184,99859,184,100037,184,99832,184,100056,100,99825,184,100066,100,99799,100,100067,100,99785,100,100084,100,99778,100,100097,100,99764,100
2019-06-28 09:43:50.000000000,99935,309,99885,309,99977,309,99883,309,99989,100,99877,100,100015,100,99859,100,100037,100,99832,100,100056,100,99825,100,100066,100,99799,100,100067,100,99785,100,100084,100,99778,100,100097,100,99764,100
2019-06-28 09:44:00.000000000,99935,242,99885,242,99977,238,99883,238,99989,238,99877,238,100015,100,99859,100,100037,100,99832,100,100056,100,99825,100,100066,100,99799,100,100067,100,99785,100,100084,100,99778,100,100097,100,99764,100
2019-06-28 09:44:00.239552481,99935,242,99885,242,99977,238,99883,238,99989,238,99877,238,100010,100,99859,100,100015,100,99832,100,100037,100,99825,100,100056,100,99799,100,100066,100,99785,100,100067,100,99778,100,100084,100,99764,100
2019-06-28 09:44:03.117550734,99935,142,99885,242,99977,238,99883,238,99989,238,99877,238,100010,100,99859,100,100015,100,99832,100,100037,100,99825,100,100056,100,99799,100,100066,100,99785,100,100067,100,99778,100,100084,100,99764,100
2019-06-28 09:44:10.000000000,99977,184,99885,184,99989,184,99883,184,100010,184,99877,184,100015,184,99859,184,100037,184,99832,184,100056,100,99825,100,100066,100,99799,100,100067,100,99785,100,100084,100,99778,100,100097,100,99764,100
2019-06-28 09:44:15.604041062,99977,84,99885,184,99989,184,99883,184,100010,184,99877,184,100015,184,99859,184,100037,184,99832,184,100056,100,99825,100,100066,100,99799,100,100067,100,99785,100,100084,100,99778,100,100097,100,99764,100
2019-06-28 09:44:15.898823062,99977,84,99935,100,99989,184,99885,184,100010,184,99883,184,100015,184,99877,184,100037,184,99859,184,100056,100,99832,184,100066,100,99825,100,100067,100,99799,100,100084,100,99785,100,100097,100,99778,100
2019-06-28 09:44:20.000000000,99989,518,99935,518,100010,100,99885,100,100015,100,99883,100,100037,100,99877,100,100056,100,99859,100,100066,100,99832,100,100067,100,99825,100,100084,100,99799,100,100097,100,99785,100,100126,100,99778,100
2019-06-28 09:44:30.000000000,99989,184,99935,184,100010,184,99885,184,100015,184,99883,184,100037,184,99877,184,100056,184,99859,184,100066,100,99832,100,100067,100,99825,100,100084,100,99799,100,100097,100,99785,100,100126,100,99778,100
2019-06-28 09:44:40.000000000,99989,242,99935,242,100010,238,99885,238,100015,238,99883,238,100037,100,99877,100,100056,100,99859,100,100066,100,99832,100,100067,100,99825,100,100084,100,99799,100,100097,100,99785,100,100126,100,99778,100
2019-06-28 09:44:41.725642008,99989,242,99935,242,100010,238,99885,238,100015,238,99883,238,100037,100,99877,100,100056,100,99859,100,100066,100,99832,100,100067,100,99825,100,100084,100,99799,100,100097,100,99785,100,100126,100,99778,100
2019-06-28 09:44:42.929306781,99989,242,99935,242,100010,238,99885,238,100015,238,99883,238,100037,100,99877,100,100056,100,99859,100,100066,100,99832,100,100067,100,99825,100,100084,100,99799,100,100094,100,99785,100,100097,100,99778,100
2019-06-28 09:44:50.000000000,99989,184,99935,184,100010,184,99885,184,100015,184,99883,184,100037,184,99877,184,100056,184,99859,184,100066,100,99832,100,100067,100,99825,100,100084,100,99799,100,100094,100,99785,100,100097,100,99778,100
2019-06-28 09:45:00.000000000,99989,184,99935,184,100010,184,99885,184,100015,184,99883,184,100037,184,99877,184,100056,184,99859,184,100066,100,99832,100,100067,100,99825,100,100084,100,99799,100,100094,100,99785,100,100097,100,99778,100
2019-06-28 09:45:10.000000000,99989,518,99935,518,100010,100,99885,100,100015,100,99883,100,100037,100,99877,100,100056,100,99859,100,100066,100,99832,100,100067,100,99825,100,100084,100,99799,100,100094,100,99785,100,100097,100,99778,100
2019-06-28 09:45:20.000000000,99989,518,99935,518,100010,100,99885,100,100015,100,99883,100,100037,100,99877,100,100056,100,99859,100,100066,100,99832,100,100067,100,99825,100,100084,100,99799,100,100094,100,99785,100,100097,100,99778,100
2019-06-28 09:45:22.903922963,99989,518,99935,418,100010,100,99885,100,100015,100,99883,100,100037,100,99877,100,100056,100,99859,100,100066,100,99832,100,100067,100,99825,100,100084,100,99799,100,100094,100,99785,100,100097,100,99778,100
2019-06-28 09:45:24.557721450,99989,518,99935,418,100010,100,99885,100,100015,100,99883,100,100037,100,99877,100,100056,100,99859,100,100066,100,99832,100,100067,100,99825,100,100084,100,99799,100,100094,100,99785,100,100097,100,99778,100
2019-06-28 09:45:30.000000000,99989,518,99885,518,100010,100,99883,100,100015,100,99877,100,100037,100,99859,100,100056,100,99832,100,100066,100,99825,100,100067,100,99799,100,100084,100,99785,100,100094,100,99778,100,100097,100,99764,100
2019-06-28 09:45:40.000000000,99989,309,99885,309,100010,309,99883,309,100015,100,99877,100,100037,100,99859,100,100056,100,99832,100,100066,100,99825,100,100067,100,99799,100,100084,100,99785,100,100094,100,99778,100,100097,100,99764,100
2019-06-28 09:45:50.000000000,99989,242,99885,242,100010,238,99883,238,100015,238,99877,238,100037,100,99859,100,100056,100,99832,100,100066,100,99825,100,100067,100,99799,100,100084,100,99785,100,100094,100,99778,100,100097,100,99764,100
2019-06-28 09:46:00.000000000,99989,242,99885,242,100010,238,99883,238,100015,238,99877,238,100037,100,99859,100,100056,100,99832,100,100066,100,99825,100,100067,100,99799,100,100084,100,99785,100,100094,100,99778,100,100097,100,99764,100
2019-06-28 09:46:10.000000000,99989,518,99885,518,100010,100,99883,100,100015,100,99877,100,100037,100,99859,100,100056,100,99832,100,100066,100,99825,100,100067,100,99799,100,100084,100,99785,100,100094,100,99778,100,100097,100,99764,100
2019-06-28 09:46:20.000000000,99989,184,99885,184,100010,184,99883,184,100015,184,99877,184,100037,184,99859,184,100056,184,99832,184,100066,100,99825,100,100067,100,99799,100,100084,100,99785,100,100094,100,99778,100,100097,100,99764,100
2019-06-28 09:46:26.657811096,99989,184,99936,100,100010,184,99885,184,100015,184,99883,184,100037,184,99877,184,100056,184,99859,184,100066,100,99832,84,100067,100,99825,100,100084,100,99799,100,100094,100,99785,100,100097,100,99778,100
2019-06-28 09:46:30.000000000,99989,309,99936,309,100010,309,99885,309,100015,100,99883,100,100037,100,99877,100,100056,100,99859,100,100066,100,99825,100,100067,100,99799,100,100084,100,99785,100,100094,100,99778,100,100097,100,99764,100
2019-06-28 09:46:38.748274890,99989,209,99936,309,100010,309,99885,309,100015,100,99883,100,100037,100,99877,100,100056,100,99859,100,100066,100,99825,100,100067,100,99799,100,100084,100,99785,100,100094,100,99778,100,100097,100,99764,100
2019-06-28 09:46:40.000000000,100010,309,99936,309,100015,309,99885,309,100037,100,99883,100,100056,100,99877,100,100066,100,99859,100,100067,100,99825,100,100084,100,99799,100,100094,100,99785,100,100097,100,99778,100,100126,100,99764,100
2019-06-28 09:46:50.000000000,100010,309,99936,309,100015,309,99885,309,100037,100,99883,100,100056,100,99877,100,100066,100,99859,100,100067,100,99825,100,100084,100,99799,100,100094,100,99785,100,100097,100,99778,100,100126,100,99764,100
2019-06-28 09:47:00.000000000,100010,204,99936,204,100015,204,99885,204,100037,204,99883,204,100056,204,99877,204,100066,100,99859,100,100067,100,99825,100,100084,100,99799,100,100094,100,99785,100,100097,100,99778,100,100126,100,99764,100
2019-06-28 09:47:10.000000000,100010,242,99936,242,100015,238,99885,238,100037,238,99883,238,100056,100,99877,100,100066,100,99859,100,100067,100,99825,100,100084,100,99799,100,100094,100,99785,100,100097,100,99778,100,100126,100,99764,100
2019-06-28 09:47:20.000000000,100010,242,99936,242,100015,238,99885,238,100037,238,99883,238,100056,100,99877,100,100066,100,99859,100,100067,100,99825,100,100084,100,99799,100,100094,100,99785,100,100097,100,99778,100,100126,100,99764,100
2019-06-28 09:47:28.355616621,100010,242,99936,142,100015,238,99885,238,100037,238,99883,238,100056,100,99877,100,100066,100,99859,100,100067,100,99825,100,100084,100,99799,100,100094,100,99785,100,100097,100,99778,100,100126,100,99764,100
2019-06-28 09:47:30.000000000,100010,518,99885,518,100015,100,99883,100,100037,100,99877,100,100056,100,99859,100,100066,100,99825,100,100067,100,99799,100,100084,100,99785,100,100094,100,99778,100,100097,100,99764,100,100126,100,99762,100
2019-06-28 09:47:40.000000000,100010,184,99885,184,100015,184,99883,184,100037,184,99877,184,100056,184,99859,184,100066,184,99825,184,100067,100,99799,100,100084,100,99785,100,100094,100,99778,100,100097,100,99764,100,100126,100,99762,100
2019-06-28 09:47:44.547358754,100010,184,99885,184,100015,184,99883,184,100037,184,99877,184,100056,184,99859,184,100066,184,99825,184,100067,100,99799,100,100084,100,99785,100,100094,100,99778,100,100097,100,99764,100,100126,100,99752,100
2019-06-28 09:47:50.000000000,100010,242,99885,242,100015,238,99883,238,100037,238,99877,238,100056,100,99859,100,100066,100,99825,100,100067,100,99799,100,100084,100,99785,100,100094,100,99778,100,100097,100,99764,100,100126,100,99752,100
2019-06-28 09:48:00.000000000,100010,184,99885,184,100015,184,99883,184,100037,184,99877,184,100056,184,99859,184,100066,184,99825,184,100067,100,99799,100,100084,100,99785,100,100094,100,99778,100,100097,100,99764,100,100126,100,99752,100
2019-06-28 09:48:02.885107304,99988,100,99885,184,100010,184,99883,184,100015,184,99877,184,100037,184,99859,184,100056,184,99825,184,100066,184,99799,100,100067,100,99785,100,100084,100,99778,100,100094,100,99764,100,100097,100,99752,100
2019-06-28 09:48:10.000000000,99988,242,99885,242,100010,238,99883,238,100015,238,99877,238,100037,100,99859,100,100056,100,99825,100,100066,100,99799,100,100067,100,99785,100,100084,100,99778,100,100094,100,99764,100,100097,100,99752,100
2019-06-28 09:48:18.594655376,99988,242,99885,242,100010,238,99883,238,100015,238,99877,238,100037,100,99859,100,100056,100,99828,100,100066,100,99825,100,100067,100,99799,100,100084,100,99785,100,100094,100,99778,100,100097,100,99764,100
2019-06-28 09:48:20.000000000,99988,518,99885,518,100010,100,99883,100,100015,100,99877,100,100037,100,99859,100,100056,100,99828,100,100066,100,99825,100,100067,100,99799,100,100084,100,99785,100,100094,100,99778,100,100097,100,99764,100
2019-06-28 09:48:30.000000000,99988,518,99885,518,100010,100,99883,100,100015,100,99877,100,100037,100,99859,100,100056,100,99828,100,100066,100,99825,100,100067,100,99799,100,100084,100,99785,100,100094,100,99778,100,100097,100,99764,100
2019-06-28 09:48:40.000000000,99988,309,99885,309,100010,309,99883,309,100015,100,99877,100,100037,100,99859,100,100056,100,99828,100,100066,100,99825,100,100067,100,99799,100,100084,100,99785,100,100094,100,99778,100,100097,100,99764,100
2019-06-28 09:48:50.000000000,99988,242,99885,242,100010,238,99883,238,100015,238,99877,238,100037,100,99859,100,100056,100,99828,100,100066,100,99825,100,100067,100,99799,100,100084,100,99785,100,100094,100,99778,100,100097,100,99764,100
2019-06-28 09:49:00.000000000,99988,309,99885,309,100010,309,99883,309,100015,100,99877,100,100037,100,99859,100,100056,100,99828,100,100066,100,99825,100,100067,100,99799,100,100084,100,99785,100,100094,100,99778,100,100097,100,99764,100
2019-06-28 09:49:01.723458917,99988,309,99885,209,100010,309,99883,309,100015,100,99877,100,100037,100,99859,100,100056,100,99828,100,100066,100,99825,100,100067,100,99799,100,100084,100,99785,100,100094,100,99764,100,100097,100,99752,100
2019-06-28 09:49:07.984132173,99936,100,99885,209,99988,309,99883,309,100010,309,99877,100,100015,100,99859,100,100037,100,99828,100,100056,100,99825,100,100066,100,99799,100,100067,100,99785,100,100084,100,99764,100,100094,100,99752,100
2019-06-28 09:49:10.000000000,99936,184,99883,184,99988,184,99877,184,100010,184,99859,184,100015,184,99828,184,100037,184,99825,184,100056,100,99799,100,100066,100,99785,100,100067,100,99764,100,100084,100,99752,100,100094,100,99684,100
2019-06-28 09:49:17.564963008,99936,184,99883,84,99988,184,99877,184,100010,184,99859,184,100015,184,99828,184,100037,184,99825,184,100056,100,99799,100,100066,100,99785,100,100067,100,99764,100,100084,100,99752,100,100094,100,99684,100
2019-06-28 09:49:20.000000000,99936,184,99877,184,99988,184,99859,184,100010,184,99828,184,100015,184,99825,184,100037,184,99799,184,100056,100,99785,100,100066,100,99764,100,100067,100,99752,100,100084,100,99684,100,100094,100,99649,100
2019-06-28 09:49:30.000000000,99936,184,99877,184,99988,184,99859,184,100010,184,99828,184,100015,184,99825,184,100037,184,99799,184,100056,100,99785,100,100066,100,99764,100,100067,100,99752,100,100084,100,99684,100,100094,100,99649,100
2019-06-28 09:49:40.000000000,99936,242,99877,242,99988,238,99859,238,100010,238,99828,238,100015,100,99825,100,100037,100,99799,100,100056,100,99785,100,100066,100,99764,100,100067,100,99752,100,100084,100,99684,100,100094,100,99649,100
2019-06-28 09:49:50.000000000,99936,242,99877,242,99988,238,99859,238,100010,238,99828,238,100015,100,99825,100,100037,100,99799,100,100056,100,99785,100,100066,100,99764,100,100067,100,99752,100,100084,100,99684,100,100094,100,99649,100
2019-06-28 09:50:00.000000000,99936,204,99877,204,99988,204,99859,204,100010,204,99828,204,100015,204,99825,204,100037,100,99799,100,100056,100,99785,100,100066,100,99764,100,100067,100,99752,100,100084,100,99684,100,100094,100,99649,100
2019-06-28 09:50:05.756850530,99936,204,99877,104,99988,204,99859,204,100010,204,99828,204,100015,204,99825,204,100037,100,99799,100,100056,100,99785,100,100066,100,99764,100,100067,100,99752,100,100084,100,99684,100,100094,100,99521,100
2019-06-28 09:50:10.000000000,99936,184,99859,184,99988,184,99828,184,100010,184,99825,184,100015,184,99799,184,100037,184,99785,184,100056,100,99764,100,100066,100,99752,100,100067,100,99684,100,100084,100,99521,100,100094,100,99419,100
2019-06-28 09:50:20.000000000,99936,242,99859,242,99988,238,99828,238,100010,238,99825,238,100015,100,99799,100,100037,100,99785,100,100056,100,99764,100,100066,100,99752,100,100067,100,99684,100,100084,100,99521,100,100094,100,99419,100
2019-06-28 09:50:23.597156602,99883,100,99859,242,99936,242,99828,238,99988,238,99825,238,100010,238,99799,100,100037,100,99785,100,100056,100,99764,100,100066,100,99752,100,100067,100,99684,100,100084,100,99521,100,100094,100,99419,100
2019-06-28 09:50:30.000000000,99883,309,99859,309,99936,309,99828,309,99988,100,99825,100,100010,100,99799,100,100037,100,99785,100,100056,100,99764,100,100066,100,99752,100,100067,100,99684,100,100084,100,99521,100,100094,100,99419,100
2019-06-28 09:50:32.748163877,99883,409,99859,309,99936,209,99828,309,99988,100,99825,100,100010,100,99799,100,100037,100,99785,100,100056,100,99764,100,100066,100,99752,100,100067,100,99684,100,100084,100,99521,100,100094,100,99419,100
2019-06-28 09:50:40.000000000,99883,342,99859,242,99988,238,99828,238,100010,238,99825,238,100037,100,99799,100,100056,100,99785,100,100066,100,99764,100,100067,100,99752,100,100084,100,99684,100,100094,100,99521,100,100097,100,99419,100
2019-06-28 09:50:49.031660724,99883,342,99859,142,99988,238,99828,238,100010,238,99825,238,100037,100,99799,100,100056,100,99785,100,100066,100,99764,100,100067,100,99752,100,100084,100,99684,100,100094,100,99521,100,100097,100,99419,100
2019-06-28 09:50:50.000000000,99883,342,99828,242,99988,238,99825,238,100010,238,99799,238,100037,100,99785,100,100056,100,99764,100,100066,100,99752,100,100067,100,99684,100,100084,100,99521,100,100094,100,99419,100,100097,100,99384,100
2019-06-28 09:51:00.000000000,99883,618,99828,518,99988,100,99825,100,100010,100,99799,100,100037,100,99785,100,100056,100,99764,100,100066,100,99752,100,100067,100,99684,100,100084,100,99521,100,100094,100,99419,100,100097,100,99384,100
2019-06-28 09:51:10.000000000,99883,342,99828,242,99988,238,99825,238,100010,238,99799,238,100037,100,99785,100,100056,100,99764,100,100066,100,99752,100,100067,100,99684,100,100084,100,99521,100,100094,100,99419,100,100097,100,99384,100
2019-06-28 09:51:10.114583744,99883,342,99828,142,99988,238,99825,238,100010,238,99799,238,100037,100,99785,100,100056,100,99764,100,100066,100,99752,100,100067,100,99521,100,100084,100,99419,100,100094,100,99384,100,100097,100,99344,100
2019-06-28 09:51:13.435535412,99883,342,99828,142,99988,238,99825,238,100010,238,99799,238,100037,100,99785,100,100056,100,99764,100,100066,100,99752,100,100067,100,99521,100,100084,100,99419,100,100094,100,99384,100,100097,100,99344,100
2019-06-28 09:51:17.923526007,99883,342,99828,142,99988,238,99825,238,100010,238,99799,238,100037,100,99785,100,100056,100,99764,100,100066,100,99752,100,100067,100,99524,100,100084,100,99521,100,100094,100,99419,100,100097,100,99384,100
2019-06-28 09:51:20.000000000,99883,304,99825,204,99988,204,99799,204,100010,204,99785,204,100037,204,99764,204,100056,100,99752,100,100066,100,99524,100,100067,100,99521,100,100084,100,99419,100,100094,100,99384,100,100097,100,99344,100
2019-06-28 09:51:30.000000000,99883,618,99825,518,99988,100,99799,100,100010,100,99785,100,100037,100,99764,100,100056,100,99752,100,100066,100,99524,100,100067,100,99521,100,100084,100,99419,100,100094,100,99384,100,100097,100,99344,100
2019-06-28 09:51:31.679662974,99883,618,99825,418,99988,100,99799,100,100010,100,99785,100,100037,100,99764,100,100056,100,99752,100,100066,100,99524,100,100067,100,99521,100,100084,100,99419,100,100094,100,99384,100,100097,100,99344,100
2019-06-28 09:51:34.778284716,99883,618,99825,418,99892,100,99799,100,99988,100,99785,100,100010,100,99764,100,100037,100,99752,100,100056,100,99524,100,100066,100,99521,100,100067,100,99419,100,100084,100,99384,100,100094,100,99344,100
2019-06-28 09:51:35.977400780,99828,100,99825,418,99883,618,99799,100,99892,100,99785,100,99988,100,99764,100,100010,100,99752,100,100037,100,99524,100,100056,100,99521,100,100066,100,99419,100,100067,100,99384,100,100084,100,99344,100
2019-06-28 09:51:40.000000000,99828,184,99799,184,99883,284,99785,184,99892,184,99764,184,99988,184,99752,184,100010,184,99524,184,100037,100,99521,100,100056,100,99419,100,100066,100,99384,100,100067,100,99344,100,100084,100,99254,100
2019-06-28 09:51:41.068574176,99828,184,99826,100,99883,284,99799,184,99892,184,99785,184,99988,184,99764,184,100010,184,99752,184,100037,100,99524,184,100056,100,99521,100,100066,100,99419,100,100067,100,99384,100,100084,100,99344,100
2019-06-28 09:51:50.000000000,99828,184,99826,184,99883,284,99799,184,99892,184,99785,184,99988,184,99764,184,100010,184,99752,184,100037,100,99524,100,100056,100,99521,100,100066,100,99419,100,100067,100,99384,100,100084,100,99344,100
2019-06-28 09:52:00.000000000,99828,518,99826,518,99883,200,99799,100,99892,100,99785,100,99988,100,99764,100,100010,100,99752,100,100037,100,99524,100,100056,100,99521,100,100066,100,99419,100,100067,100,99384,100,100084,100,99344,100
2019-06-28 09:52:10.000000000,99828,204,99826,204,99883,304,99799,204,99892,204,99785,204,99988,204,99764,204,100010,100,99752,100,100037,100,99524,100,100056,100,99521,100,100066,100,99419,100,100067,100,99384,100,100084,100,99344,100
2019-06-28 09:52:12.744899712,99828,204,99826,204,99883,304,99799,204,99892,204,99785,204,99988,204,99764,204,100010,100,99752,100,100037,100,99524,100,100056,100,99521,100,100067,100,99419,100,100084,100,99384,100,100094,100,99344,100
2019-06-28 09:52:20.000000000,99828,204,99826,204,99883,304,99799,204,99892,204,99785,204,99988,204,99764,204,100010,100,99752,100,100037,100,99524,100,100056,100,99521,100,100067,100,99419,100,100084,100,99384,100,100094,100,99344,100
2019-06-28 09:52:30.000000000,99828,242,99826,242,99883,338,99799,238,99892,238,99785,238,99988,100,99764,100,100010,100,99752,100,100037,100,99524,100,100056,100,99521,100,100067,100,99419,100,100084,100,99384,100,100094,100,99344,100
2019-06-28 09:52:30.520882648,99828,342,99826,242,99883,338,99799,238,99892,238,99785,238,99988,100,99764,100,100010,100,99752,100,100037,100,99524,100,100056,100,99521,100,100067,100,99419,100,100084,100,99384,100,100094,100,99344,100
2019-06-28 09:52:40.000000000,99828,342,99826,242,99883,338,99799,238,99892,238,99785,238,99988,100,99764,100,100010,100,99752,100,100037,100,99524,100,100056,100,99521,100,100067,100,99419,100,100084,100,99384,100,100094,100,99344,100
2019-06-28 09:52:46.661586554,99828,342,99826,242,99883,338,99799,238,99892,238,99785,238,99988,100,99764,100,100010,100,99752,100,100016,100,99524,100,100037,100,99521,100,100056,100,99419,100,100067,100,99384,100,100084,100,99344,100
2019-06-28 09:52:46.893900169,99828,242,99826,242,99883,338,99799,238,99892,238,99785,238,99988,100,99764,100,100016,100,99752,100,100037,100,99524,100,100056,100,99521,100,100067,100,99419,100,100084,100,99384,100,100094,100,99344,100
2019-06-28 09:52:47.967914181,99828,242,99826,242,99883,338,99799,238,99892,238,99785,238,99988,100,99764,100,100005,100,99752,100,100016,100,99524,100,100037,100,99521,100,100056,100,99419,100,100067,100,99384,100,100084,100,99344,100
2019-06-28 09:52:50.000000000,99828,204,99826,204,99883,304,99799,204,99892,204,99785,204,99988,204,99764,204,100005,100,99752,100,100016,100,99524,100,100037,100,99521,100,100056,100,99419,100,100067,100,99384,100,100084,100,99344,100
2019-06-28 09:53:00.000000000,99828,184,99826,184,99883,284,99799,184,99892,184,99785,184,99988,184,99764,184,100005,184,99752,184,100016,100,99524,100,100037,100,99521,100,100056,100,99419,100,100067,100,99384,100,100084,100,99344,100
2019-06-28 09:53:08.623774766,99828,184,99826,184,99883,284,99799,184,99892,184,99785,184,99988,184,99764,84,100005,184,99752,184,100016,100,99524,100,100037,100,99521,100,100056,100,99419,100,100067,100,99384,100,100084,100,99344,100
2019-06-28 09:53:10.000000000,99828,204,99826,204,99883,304,99799,204,99892,204,99785,204,99988,204,99752,204,100005,100,99524,100,100016,100,99521,100,100037,100,99419,100,100056,100,99384,100,100067,100,99344,100,100084,100,99254,100
2019-06-28 09:53:15.966225149,99828,204,99826,204,99883,304,99799,204,99892,204,99785,204,99988,204,99752,204,100005,100,99524,100,100016,100,99521,100,100037,100,99384,100,100056,100,99344,100,100067,100,99254,100,100084,100,99252,100
2019-06-28 09:53:20.000000000,99828,204,99826,204,99883,304,99799,204,99892,204,99785,204,99988,204,99752,204,100005,100,99524,100,100016,100,99521,100,100037,100,99384,100,100056,100,99344,100,100067,100,99254,100,100084,100,99252,100
2019-06-28 09:53:24.115520243,99828,204,99827,100,99883,304,99826,204,99892,204,99799,204,99988,204,99785,204,100005,100,99752,204,100016,100,99524,100,100037,100,99521,100,100056,100,99384,100,100067,100,99344,100,100084,100,99254,100
2019-06-28 09:53:30.000000000,99828,518,99827,518,99883,200,99826,100,99892,100,99799,100,99988,100,99785,100,100005,100,99752,100,100016,100,99524,100,100037,100,99521,100,100056,100,99384,100,100067,100,99344,100,100084,100,99254,100
2019-06-28 09:53:40.000000000,99828,309,99827,309,99883,409,99826,309,99892,100,99799,100,99988,100,99785,100,100005,100,99752,100,100016,100,99524,100,100037,100,99521,100,100056,100,99384,100,100067,100,99344,100,100084,100,99254,100
2019-06-28 09:53:50.000000000,99828,309,99827,309,99883,409,99826,309,99892,100,99799,100,99988,100,99785,100,100005,100,99752,100,100016,100,99524,100,100037,100,99521,100,100056,100,99384,100,100067,100,99344,100,100084,100,99254,100
2019-06-28 09:53:51.700706319,99828,309,99827,309,99883,409,99826,309,99892,100,99799,100,99955,100,99785,100,99988,100,99752,100,100005,100,99524,100,100016,100,99521,100,100037,100,99384,100,100056,100,99344,100,100067,100,99254,100
2019-06-28 09:53:53.501483531,99828,209,99827,309,99883,409,99826,309,99892,100,99799,100,99955,100,99785,100,99988,100,99752,100,100005,100,99524,100,100016,100,99521,100,100037,100,99384,100,100056,100,99344,100,100067,100,99254,100
2019-06-28 09:53:55.921192897,99828,209,99827,309,99883,409,99826,309,99892,100,99799,100,99927,100,99785,100,99955,100,99752,100,99988,100,99524,100,100016,100,99521,100,100037,100,99384,100,100056,100,99344,100,100067,100,99254,100
2019-06-28 09:53:58.053613128,99828,109,99827,309,99883,409,99826,309,99892,100,99799,100,99927,100,99785,100,99955,100,99752,100,99988,100,99524,100,100016,100,99521,100,100037,100,99384,100,100056,100,99344,100,100067,100,99254,100
2019-06-28 09:54:00.000000000,99883,409,99827,309,99892,309,99826,309,99927,100,99799,100,99955,100,99785,100,99988,100,99752,100,100016,100,99524,100,100037,100,99521,100,100056,100,99384,100,100067,100,99344,100,100094,100,99254,100
2019-06-28 09:54:10.000000000,99883,342,99827,242,99892,238,99826,238,99927,238,99799,238,99955,100,99785,100,99988,100,99752,100,100016,100,99524,100,100037,100,99521,100,100056,100,99384,100,100067,100,99344,100,100094,100,99254,100
2019-06-28 09:54:10.789888281,99883,342,99827,242,99892,238,99826,238,99927,238,99799,238,99955,100,99785,100,99960,100,99752,100,99988,100,99524,100,100016,100,99521,100,100037,100,99384,100,100056,100,99344,100,100067,100,99254,100
2019-06-28 09:54:20.000000000,99883,618,99827,518,99892,100,99826,100,99927,100,99799,100,99955,100,99785,100,99960,100,99752,100,99988,100,99524,100,100016,100,99521,100,100037,100,99384,100,100056,100,99344,100,100067,100,99254,100
2019-06-28 09:54:21.176888314,99846,100,99827,518,99883,618,99826,100,99892,100,99799,100,99927,100,99785,100,99955,100,99752,100,99960,100,99524,100,99988,100,99521,100,100016,100,99384,100,100037,100,99344,100,100056,100,99254,100
2019-06-28 09:54:30.000000000,99846,309,99827,309,99883,409,99826,309,99892,100,99799,100,99927,100,99785,100,99955,100,99752,100,99960,100,99524,100,99988,100,99521,100,100016,100,99384,100,100037,100,99344,100,100056,100,99254,100
2019-06-28 09:54:32.329918023,99846,209,99827,309,99883,409,99826,309,99892,100,99799,100,99927,100,99785,100,99955,100,99752,100,99960,100,99524,100,99988,100,99521,100,100016,100,99384,100,100037,100,99344,100,100056,100,99254,100
2019-06-28 09:54:40.000000000,99883,342,99827,242,99892,238,99826,238,99927,238,99799,238,99955,100,99785,100,99960,100,99752,100,99988,100,99524,100,100016,100,99521,100,100037,100,99384,100,100056,100,99344,100,100067,100,99254,100
2019-06-28 09:54:41.972495744,99883,342,99827,242,99892,238,99826,238,99927,238,99799,238,99955,200,99785,100,99960,100,99752,100,99988,100,99524,100,100016,100,99521,100,100037,100,99384,100,100056,100,99344,100,100067,100,99254,100
2019-06-28 09:54:46.390133427,99883,342,99827,142,99892,238,99826,238,99927,238,99799,238,99955,200,99785,100,99960,100,99752,100,99988,100,99524,100,100016,100,99521,100,100037,100,99384,100,100056,100,99344,100,100067,100,99254,100
2019-06-28 09:54:50.000000000,99883,304,99826,204,99892,204,99799,204,99927,204,99785,204,99955,304,99752,204,99960,100,99524,100,99988,100,99521,100,100016,100,99384,100,100037,100,99344,100,100056,100,99254,100,100067,100,99252,100
2019-06-28 09:54:58.726289078,99883,304,99828,100,99892,204,99826,204,99927,204,99799,204,99955,304,99785,204,99960,100,99752,204,99988,100,99524,100,100016,100,99521,100,100037,100,99384,100,100056,100,99344,100,100067,100,99254,100
2019-06-28 09:55:00.000000000,99883,409,99828,309,99892,309,99826,309,99927,100,99799,100,99955,200,99785,100,99960,100,99752,100,99988,100,99524,100,100016,100,99521,100,100037,100,99384,100,100056,100,99344,100,100067,100,99254,100
2019-06-28 09:55:10.000000000,99883,304,99828,204,99892,204,99826,204,99927,204,99799,204,99955,304,99785,204,99960,100,99752,100,99988,100,99524,100,100016,100,99521,100,100037,100,99384,100,100056,100,99344,100,100067,100,99254,100
2019-06-28 09:55:20.000000000,99883,409,99828,309,99892,309,99826,309,99927,100,99799,100,99955,200,99785,100,99960,100,99752,100,99988,100,99524,100,100016,100,99521,100,100037,100,99384,100,100056,100,99344,100,100067,100,99254,100
2019-06-28 09:55:20.375265259,99883,409,99828,209,99892,309,99826,309,99927,100,99799,100,99955,200,99785,100,99960,100,99752,100,99988,100,99521,100,100016,100,99384,100,100037,100,99344,100,100056,100,99254,100,100067,100,99252,100
2019-06-28 09:55:30.000000000,99883,409,99826,309,99892,309,99799,309,99927,100,99785,100,99955,200,99752,100,99960,100,99521,100,99988,100,99384,100,100016,100,99344,100,100037,100,99254,100,100056,100,99252,100,100067,100,,
2019-06-28 09:55:40.000000000,99883,304,99826,204,99892,204,99799,204,99927,204,99785,204,99955,304,99752,204,99960,100,99521,100,99988,100,99384,100,100016,100,99344,100,100037,100,99254,100,100056,100,99252,100,100067,100,,
2019-06-28 09:55:50.000000000,99883,284,99826,184,99892,184,99799,184,99927,184,99785,184,99955,284,99752,184,99960,184,99521,184,99988,100,99384,100,100016,100,99344,100,100037,100,99254,100,100056,100,99252,100,100067,100,,
2019-06-28 09:55:59.477397692,99883,284,99826,84,99892,184,99799,184,99927,184,99785,184,99955,284,99752,184,99960,184,99521,184,99988,100,99384,100,100016,100,99344,100,100037,100,99254,100,100056,100,99252,100,100067,100,,
2019-06-28 09:56:00.000000000,99883,618,99799,518,99892,100,99785,100,99927,100,99752,100,99955,200,99521,100,99960,100,99384,100,99988,100,99344,100,100016,100,99254,100,100037,100,99252,100,100056,100,,,100067,100,,
2019-06-28 09:56:02.915769084,99883,618,99799,418,99892,100,99785,100,99927,100,99752,100,99955,200,99521,100,99960,100,99384,100,99988,100,99344,100,100016,100,99254,100,100037,100,99252,100,100056,100,,,100067,100,,
2019-06-28 09:56:06.323555085,99826,100,99799,418,99883,618,99785,100,99892,100,99752,100,99927,100,99521,100,99955,200,99384,100,99960,100,99344,100,99988,100,99254,100,100016,100,99252,100,100037,100,,,100056,100,,
2019-06-28 09:56:07.529144700,99826,100,99799,318,99883,618,99785,100,99892,100,99752,100,99927,100,99521,100,99955,200,99384,100,99960,100,99344,100,99988,100,99254,100,100016,100,99252,100,100037,100,,,100056,100,,
2019-06-28 09:56:10.000000000,99826,204,99785,204,99883,304,99752,204,99892,204,99521,204,99927,204,99384,204,99955,200,99344,100,99960,100,99254,100,99988,100,99252,100,100016,100,,,100037,100,,,100056,100,,
2019-06-28 09:56:17.303540794,99826,204,99785,104,99883,304,99752,204,99892,204,99521,204,99927,204,99384,204,99955,200,99344,100,99960,100,99254,100,99988,100,99252,100,100016,100,,,100037,100,,,100056,100,,
2019-06-28 09:56:20.000000000,99826,184,99752,184,99883,284,99521,184,99892,184,99384,184,99927,184,99344,184,99955,284,99254,184,99960,100,99252,100,99988,100,,,100016,100,,,100037,100,,,100056,100,,
2019-06-28 09:56:21.019079737,99826,184,99752,184,99883,284,99521,184,99892,184,99384,184,99927,184,99344,184,99955,284,99254,184,99960,100,99252,100,100016,100,,,100037,100,,,100056,100,,,100067,100,,
2019-06-28 09:56:30.000000000,99826,204,99752,204,99883,304,99521,204,99892,204,99384,204,99927,204,99344,204,99955,200,99254,100,99960,100,99252,100,100016,100,,,100037,100,,,100056,100,,,100067,100,,
2019-06-28 09:56:33.414463975,99826,204,99752,204,99883,304,99521,204,99892,204,99384,204,99927,204,99344,204,99955,200,99254,100,99960,100,99252,100,100016,100,99004,100,100037,100,,,100056,100,,,100067,100,,
2019-06-28 09:56:38.457259894,99826,204,99752,204,99883,304,99521,204,99892,204,99384,204,99927,204,99344,204,99955,200,99254,100,99960,100,99252,100,100016,100,99004,100,100037,100,98832,100,100056,100,,,100067,100,,
2019-06-28 09:56:39.495206089,99799,100,99752,204,99826,204,99521,204,99883,304,99384,204,99892,204,99344,204,99927,204,99254,100,99955,200,99252,100,99960,100,99004,100,100016,100,98832,100,100037,100,,,100056,100,,
2019-06-28 09:56:40.000000000,99799,242,99752,242,99826,238,99521,238,99883,338,99384,238,99892,100,99344,100,99927,100,99254,100,99955,200,99252,100,99960,100,99004,100,100016,100,98832,100,100037,100,,,100056,100,,
2019-06-28 09:56:46.230257604,99799,342,99752,242,99826,238,99521,238,99883,338,99384,238,99892,100,99344,100,99927,100,99254,100,99955,200,99252,100,99960,100,99004,100,100016,100,98832,100,100037,100,,,100056,100,,
2019-06-28 09:56:50.000000000,99799,284,99752,184,99826,184,99521,184,99883,284,99384,184,99892,184,99344,184,99927,184,99254,184,99955,200,99252,100,99960,100,99004,100,100016,100,98832,100,100037,100,,,100056,100,,
2019-06-28 09:56:52.509132621,99799,284,99752,84,99826,184,99521,184,99883,284,99384,184,99892,184,99344,184,99927,184,99254,184,99955,200,99252,100,99960,100,99004,100,100016,100,98832,100,100037,100,,,100056,100,,
2019-06-28 09:57:00.000000000,99799,618,99521,518,99826,100,99384,100,99883,200,99344,100,99892,100,99254,100,99927,100,99252,100,99955,200,99004,100,99960,100,98832,100,100016,100,,,100037,100,,,100056,100,,
2019-06-28 09:57:03.588940446,99799,618,99521,518,99826,100,99384,100,99883,200,99344,100,99892,100,99254,100,99927,100,99252,100,99955,200,99094,100,99960,100,99004,100,100016,100,98832,100,100037,100,,,100056,100,,
2019-06-28 09:57:10.000000000,99799,342,99521,242,99826,238,99384,238,99883,338,99344,238,99892,100,99254,100,99927,100,99252,100,99955,200,99094,100,99960,100,99004,100,100016,100,98832,100,100037,100,,,100056,100,,
2019-06-28 09:57:13.533080011,99799,342,99521,142,99826,238,99384,238,99883,338,99344,238,99892,100,99254,100,99927,100,99252,100,99955,200,99094,100,99960,100,99004,100,100016,100,98832,100,100037,100,,,100056,100,,
2019-06-28 09:57:20.000000000,99799,618,99384,518,99826,100,99344,100,99883,200,99254,100,99892,100,99252,100,99927,100,99094,100,99955,200,99004,100,99960,100,98832,100,100016,100,,,100037,100,,,100056,100,,
2019-06-28 09:57:30.000000000,99799,304,99384,204,99826,204,99344,204,99883,304,99254,204,99892,204,99252,204,99927,100,99094,100,99955,200,99004,100,99960,100,98832,100,100016,100,,,100037,100,,,100056,100,,
2019-06-28 09:57:40.000000000,99799,342,99384,242,99826,238,99344,238,99883,338,99254,238,99892,100,99252,100,99927,100,99094,100,99955,200,99004,100,99960,100,98832,100,100016,100,,,100037,100,,,100056,100,,
2019-06-28 09:57:49.745568206,99799,242,99384,242,99826,238,99344,238,99883,338,99254,238,99892,100,99252,100,99927,100,99094,100,99955,200,99004,100,99960,100,98832,100,100016,100,,,100037,100,,,100056,100,,
2019-06-28 09:57:50.000000000,99799,309,99384,309,99826,309,99344,309,99883,200,99254,100,99892,100,99252,100,99927,100,99094,100,99955,200,99004,100,99960,100,98832,100,100016,100,,,100037,100,,,100056,100,,
2019-06-28 09:58:00.000000000,99799,204,99384,204,99826,204,99344,204,99883,304,99254,204,99892,204,99252,204,99927,100,99094,100,99955,200,99004,100,99960,100,98832,100,100016,100,,,100037,100,,,100056,100,,
2019-06-28 09:58:10.000000000,99799,204,99384,204,99826,204,99344,204,99883,304,99254,204,99892,204,99252,204,99927,100,99094,100,99955,200,99004,100,99960,100,98832,100,100016,100,,,100037,100,,,100056,100,,
2019-06-28 09:58:13.656147704,99799,204,99384,204,99826,204,99344,204,99883,304,99254,204,99892,204,99252,204,99921,100,99094,100,99927,100,99004,100,99955,200,98832,100,99960,100,,,100016,100,,,100037,100,,
2019-06-28 09:58:15.845451389,99799,204,99426,100,99826,204,99384,204,99883,304,99344,204,99892,204,99254,204,99921,100,99252,204,99927,100,99094,100,99955,200,99004,100,99960,100,98832,100,100037,100,,,100056,100,,
2019-06-28 09:58:17.426226271,99799,204,99722,100,99826,204,99426,100,99883,304,99384,204,99892,204,99344,204,99921,100,99254,204,99927,100,99252,204,99955,200,99094,100,99960,100,99004,100,100037,100,98832,100,100056,100,,
2019-06-28 09:58:20.000000000,99799,184,99722,184,99826,184,99426,184,99883,284,99384,184,99892,184,99344,184,99921,184,99254,184,99927,100,99252,100,99955,200,99094,100,99960,100,99004,100,100037,100,98832,100,100056,100,,
2019-06-28 09:58:30.000000000,99799,184,99722,184,99826,184,99426,184,99883,284,99384,184,99892,184,99344,184,99921,184,99254,184,99927,100,99252,100,99955,200,99094,100,99960,100,99004,100,100037,100,98832,100,100056,100,,
2019-06-28 09:58:40.000000000,99799,309,99722,309,99826,309,99426,309,99883,200,99384,100,99892,100,99344,100,99921,100,99254,100,99927,100,99252,100,99955,200,99094,100,99960,100,99004,100,100037,100,98832,100,100056,100,,
2019-06-28 09:58:50.000000000,99799,518,99722,518,99826,100,99426,100,99883,200,99384,100,99892,100,99344,100,99921,100,99254,100,99927,100,99252,100,99955,200,99094,100,99960,100,99004,100,100037,100,98832,100,100056,100,,
2019-06-28 09:59:00.000000000,99799,518,99722,518,99826,100,99426,100,99883,200,99384,100,99892,100,99344,100,99921,100,99254,100,99927,100,99252,100,99955,200,99094,100,99960,100,99004,100,100037,100,98832,100,100056,100,,
2019-06-28 09:59:10.000000000,99799,184,99722,184,99826,184,99426,184,99883,284,99384,184,99892,184,99344,184,99921,184,99254,184,99927,100,99252,100,99955,200,99094,100,99960,100,99004,100,100037,100,98832,100,100056,100,,
2019-06-28 09:59:20.000000000,99799,242,99722,242,99826,238,99426,238,99883,338,99384,238,99892,100,99344,100,99921,100,99254,100,99927,100,99252,100,99955,200,99094,100,99960,100,99004,100,100037,100,98832,100,100056,100,,
2019-06-28 09:59:23.082226256,99799,142,99722,242,99826,238,99426,238,99883,338,99384,238,99892,100,99344,100,99921,100,99254,100,99927,100,99252,100,99955,200,99094,100,99960,100,99004,100,100037,100,98832,100,100056,100,,
2019-06-28 09:59:30.000000000,99826,204,99722,204,99883,304,99426,204,99892,204,99384,204,99921,204,99344,204,99927,100,99254,100,99955,200,99252,100,99960,100,99094,100,100037,100,99004,100,100056,100,98832,100,100094,100,,
2019-06-28 09:59:31.906338373,99826,104,99722,204,99883,304,99426,204,99892,204,99384,204,99921,204,99344,204,99927,100,99254,100,99955,200,99252,100,99960,100,99094,100,100037,100,99004,100,100056,100,98832,100,100094,100,,
2019-06-28 09:59:40.000000000,99883,618,99722,518,99892,100,99426,100,99921,100,99384,100,99927,100,99344,100,99955,200,99254,100,99960,100,99252,100,100037,100,99094,100,100056,100,99004,100,100094,100,98832,100,100097,200,,
2019-06-28 09:59:50.000000000,99883,284,99722,184,99892,184,99426,184,99921,184,99384,184,99927,184,99344,184,99955,284,99254,184,99960,100,99252,100,100037,100,99094,100,100056,100,99004,100,100094,100,98832,100,100097,200,,
2019-06-28 10:00:00.000000000,99883,342,99722,242,99892,238,99426,238,99921,238,99384,238,99927,100,99344,100,99955,200,99254,100,99960,100,99252,100,100037,100,99094,100,100056,100,99004,100,100094,100,98832,100,100097,200,,
2019-06-28 10:00:10.000000000,99883,342,99722,242,99892,238,99426,238,99921,238,99384,238,99927,100,99344,100,99955,200,99254,100,99960,100,99252,100,100037,100,99094,100,100056,100,99004,100,100094,100,98832,100,100097,200,,
2019-06-28 10:00:15.020472651,99883,242,99722,242,99892,238,99426,238,99921,238,99384,238,99927,100,99344,100,99955,200,99254,100,99960,100,99252,100,100037,100,99094,100,100056,100,99004,100,100094,100,98832,100,100097,200,,
2019-06-28 10:00:16.343830095,99883,142,99722,242,99892,238,99426,238,99921,238,99384,238,99927,100,99344,100,99955,200,99254,100,99960,100,99252,100,100037,100,99094,100,100056,100,98832,100,100094,100,,,100097,200,,
2019-06-28 10:00:20.000000000,99892,184,99722,184,99921,184,99426,184,99927,184,99384,184,99955,284,99344,184,99960,184,99254,184,100037,100,99252,100,100056,100,99094,100,100094,100,98832,100,100097,200,,,100126,100,,
2019-06-28 10:00:21.345761318,99892,184,99722,184,99921,184,99426,184,99927,184,99384,184,99955,284,99344,184,99960,184,99254,184,100037,100,99252,100,100056,100,99094,100,100094,100,98832,100,100097,200,,,100126,100,,
2019-06-28 10:00:23.589715258,99892,184,99722,184,99921,184,99426,184,99927,184,99384,184,99955,284,99344,184,99960,184,99254,184,100037,100,99252,100,100056,100,99094,100,100094,100,98832,100,100097,200,,,100126,100,,
2019-06-28 10:00:30.000000000,99892,184,99722,184,99921,184,99426,184,99927,184,99384,184,99955,284,99344,184,99960,184,99254,184,100037,100,99252,100,100056,100,99094,100,100094,100,98832,100,100097,200,,,100126,100,,
2019-06-28 10:00:31.746226760,99892,184,99883,100,99921,184,99722,184,99927,184,99426,184,99955,284,99384,184,99960,184,99344,184,100037,100,99254,184,100056,100,99252,100,100094,100,99094,100,100097,200,98832,100,100126,100,,
2019-06-28 10:00:38.961884438,99892,84,99883,100,99921,84,99722,184,99927,184,99426,184,99955,284,99384,184,99960,184,99344,184,100037,100,99254,184,100056,100,99252,100,100094,100,99094,100,100097,200,98832,100,100126,100,,
2019-06-28 10:00:40.000000000,99927,184,99883,184,99955,284,99722,184,99960,184,99426,184,100037,184,99384,184,100056,184,99344,184,100094,100,99254,100,100097,200,99252,100,100126,100,99094,100,100223,100,98832,100,100644,100,,
2019-06-28 10:00:50.000000000,99927,309,99883,309,99955,409,99722,309,99960,100,99426,100,100037,100,99384,100,100056,100,99344,100,100094,100,99254,100,100097,200,99252,100,100126,100,99094,100,100223,100,98832,100,100644,100,,
2019-06-28 10:01:00.000000000,99927,309,99883,309,99955,409,99722,309,99960,100,99426,100,100037,100,99384,100,100056,100,99344,100,100094,100,99254,100,100097,200,99252,100,100126,100,99094,100,100223,100,98832,100,100644,100,,
2019-06-28 10:01:01.767128770,99927,209,99883,309,99955,409,99722,309,100037,100,99426,100,100056,100,99384,100,100094,100,99344,100,100097,200,99254,100,100126,100,99252,100,100223,100,99094,100,100644,100,98832,100,100736,100,,
2019-06-28 10:01:10.000000000,99955,284,99883,184,100037,184,99722,184,100056,184,99426,184,100094,184,99384,184,100097,284,99344,184,100126,100,99254,100,100223,100,99252,100,100644,100,99094,100,100736,100,98832,100,,,,
2019-06-28 10:01:15.794376245,99955,284,99892,100,100037,184,99883,184,100056,184,99722,184,100094,184,99426,184,100097,284,99384,184,100126,100,99344,184,100223,100,99254,100,100644,100,99252,100,100736,100,99094,100,,,98832,100
2019-06-28 10:01:19.748878264,99955,284,99892,100,100037,184,99883,184,100056,184,99857,100,100094,184,99722,184,100097,284,99426,184,100126,100,99384,184,100223,100,99344,184,100644,100,99254,100,100736,100,99252,100,,,99094,100
2019-06-28 10:01:20.000000000,99955,409,99892,309,100037,309,99883,309,100056,100,99857,100,100094,100,99722,100,100097,200,99426,100,100126,100,99384,100,100223,100,99344,100,100644,100,99254,100,100736,100,99252,100,,,99094,100
2019-06-28 10:01:30.000000000,99955,618,99892,518,100037,100,99883,100,100056,100,99857,100,100094,100,99722,100,100097,200,99426,100,100126,100,99384,100,100223,100,99344,100,100644,100,99254,100,100736,100,99252,100,,,99094,100
2019-06-28 10:01:32.109134130,99955,618,99892,618,100037,100,99883,100,100056,100,99857,100,100094,100,99722,100,100097,200,99426,100,100126,100,99384,100,100223,100,99344,100,100644,100,99254,100,100736,100,99252,100,,,99094,100
2019-06-28 10:01:34.790138113,99955,618,99892,718,100037,100,99883,100,100056,100,99857,100,100094,100,99722,100,100097,200,99426,100,100126,100,99384,100,100223,100,99344,100,100644,100,99254,100,100736,100,99252,100,,,99094,100
2019-06-28 10:01:40.000000000,99955,342,99892,442,100037,238,99883,238,100056,238,99857,238,100094,100,99722,100,100097,200,99426,100,100126,100,99384,100,100223,100,99344,100,100644,100,99254,100,100736,100,99252,100,,,99094,100
2019-06-28 10:01:48.695286015,99955,342,99892,442,100037,238,99883,238,100056,238,99857,238,100094,100,99722,100,100097,200,99426,100,100126,100,99384,100,100223,100,99344,100,100308,100,99254,100,100644,100,99252,100,100736,100,99094,100
2019-06-28 10:01:50.000000000,99955,284,99892,384,100037,184,99883,184,100056,184,99857,184,100094,184,99722,184,100097,284,99426,184,100126,100,99384,100,100223,100,99344,100,100308,100,99254,100,100644,100,99252,100,100736,100,99094,100
2019-06-28 10:02:00.000000000,99955,342,99892,442,100037,238,99883,238,100056,238,99857,238,100094,100,99722,100,100097,200,99426,100,100126,100,99384,100,100223,100,99344,100,100308,100,99254,100,100644,100,99252,100,100736,100,99094,100
2019-06-28 10:02:10.000000000,99955,304,99892,404,100037,204,99883,204,100056,204,99857,204,100094,204,99722,204,100097,200,99426,100,100126,100,99384,100,100223,100,99344,100,100308,100,99254,100,100644,100,99252,100,100736,100,99094,100
2019-06-28 10:02:20.000000000,99955,342,99892,442,100037,238,99883,238,100056,238,99857,238,100094,100,99722,100,100097,200,99426,100,100126,100,99384,100,100223,100,99344,100,100308,100,99254,100,100644,100,99252,100,100736,100,99094,100
2019-06-28 10:02:29.552851869,99955,242,99892,442,100037,238,99883,238,100056,238,99857,238,100094,100,99722,100,100097,200,99426,100,100126,100,99384,100,100223,100,99344,100,100308,100,99254,100,100644,100,99252,100,,,99094,100
2019-06-28 10:02:30.000000000,99955,204,99892,404,100037,204,99883,204,100056,204,99857,204,100094,204,99722,204,100097,200,99426,100,100126,100,99384,100,100223,100,99344,100,100308,100,99254,100,100644,100,99252,100,,,99094,100
2019-06-28 10:02:39.104307885,99955,204,99892,404,100037,204,99883,204,100056,204,99857,204,100094,204,99722,204,100097,200,99426,100,100126,100,99384,100,100223,100,99344,100,100235,100,99254,100,100308,100,99252,100,100644,100,99094,100
2019-06-28 10:02:40.000000000,99955,309,99892,509,100037,309,99883,309,100056,100,99857,100,100094,100,99722,100,100097,200,99426,100,100126,100,99384,100,100223,100,99344,100,100235,100,99254,100,100308,100,99252,100,100644,100,99094,100
2019-06-28 10:02:50.000000000,99955,518,99892,718,100037,100,99883,100,100056,100,99857,100,100094,100,99722,100,100097,200,99426,100,100126,100,99384,100,100223,100,99344,100,100235,100,99254,100,100308,100,99252,100,100644,100,99094,100
2019-06-28 10:02:57.337025917,99955,518,99927,100,100037,100,99892,718,100056,100,99883,100,100094,100,99857,100,100097,200,99722,100,100126,100,99426,100,100223,100,99384,100,100235,100,99344,100,100308,100,99254,100,100644,100,99252,100
2019-06-28 10:03:00.000000000,99955,518,99927,518,100037,100,99892,300,100056,100,99883,100,100094,100,99857,100,100097,200,99722,100,100126,100,99426,100,100223,100,99384,100,100235,100,99344,100,100308,100,99254,100,100644,100,99252,100
2019-06-28 10:03:10.000000000,99955,518,99927,518,100037,100,99892,300,100056,100,99883,100,100094,100,99857,100,100097,200,99722,100,100126,100,99426,100,100223,100,99384,100,100235,100,99344,100,100308,100,99254,100,100644,100,99252,100
2019-06-28 10:03:15.599692251,99955,518,99927,518,100037,100,99892,300,100056,100,99883,100,100094,100,99857,100,100097,100,99722,100,100126,100,99426,100,100208,100,99384,100,100223,100,99344,100,100235,100,99254,100,100308,100,99252,100
2019-06-28 10:03:20.000000000,99955,204,99927,204,100037,204,99892,404,100056,204,99883,204,100094,204,99857,204,100097,100,99722,100,100126,100,99426,100,100208,100,99384,100,100223,100,99344,100,100235,100,99254,100,100308,100,99252,100
2019-06-28 10:03:21.421859742,99955,104,99927,204,100037,204,99892,404,100056,204,99883,204,100094,204,99857,204,100097,100,99722,100,100126,100,99426,100,100208,100,99384,100,100223,100,99344,100,100235,100,99254,100,100308,100,99252,100
2019-06-28 10:03:27.852988386,99955,104,99927,204,100037,204,99892,404,100056,204,99883,204,100094,204,99857,204,100097,100,99722,100,100122,100,99426,100,100126,100,99384,100,100208,100,99344,100,100223,100,99254,100,100235,100,99252,100
2019-06-28 10:03:28.442191002,99955,104,99927,204,100037,204,99892,404,100056,204,99883,204,100094,204,99867,100,100097,100,99857,204,100122,100,99722,100,100126,100,99426,100,100208,100,99384,100,100223,100,99344,100,100235,100,99254,100
2019-06-28 10:03:30.000000000,100037,204,99927,204,100056,204,99892,404,100094,204,99883,204,100097,204,99867,204,100122,100,99857,100,100126,100,99722,100,100208,100,99426,100,100223,100,99384,100,100235,100,99344,100,100308,100,99254,100
2019-06-28 10:03:40.000000000,100037,309,99927,309,100056,309,99892,509,100094,100,99883,100,100097,100,99867,100,100122,100,99857,100,100126,100,99722,100,100208,100,99426,100,100223,100,99384,100,100235,100,99344,100,100308,100,99254,100
2019-06-28 10:03:50.000000000,100037,309,99927,309,100056,309,99892,509,100094,100,99883,100,100097,100,99867,100,100122,100,99857,100,100126,100,99722,100,100208,100,99426,100,100223,100,99384,100,100235,100,99344,100,100308,100,99254,100
2019-06-28 10:04:00.000000000,100037,309,99927,309,100056,309,99892,509,100094,100,99883,100,100097,100,99867,100,100122,100,99857,100,100126,100,99722,100,100208,100,99426,100,100223,100,99384,100,100235,100,99344,100,100308,100,99254,100
2019-06-28 10:04:08.096337881,100037,309,99927,309,100056,309,99892,509,100094,100,99883,100,100097,100,99867,100,100122,100,99857,100,100126,100,99722,100,100208,100,99701,100,100223,100,99426,100,100235,100,99384,100,100308,100,99344,100
2019-06-28 10:04:10.000000000,100037,204,99927,204,100056,204,99892,404,100094,204,99883,204,100097,204,99867,204,100122,100,99857,100,100126,100,99722,100,100208,100,99701,100,100223,100,99426,100,100235,100,99384,100,100308,100,99344,100
2019-06-28 10:04:20.000000000,100037,242,99927,242,100056,238,99892,438,100094,238,99883,238,100097,100,99867,100,100122,100,99857,100,100126,100,99722,100,100208,100,99701,100,100223,100,99426,100,100235,100,99384,100,100308,100,99344,100
2019-06-28 10:04:30.000000000,100037,184,99927,184,100056,184,99892,384,100094,184,99883,184,100097,184,99867,184,100122,184,99857,184,100126,100,99722,100,100208,100,99701,100,100223,100,99426,100,100235,100,99384,100,100308,100,99344,100
2019-06-28 10:04:40.000000000,100037,309,99927,309,100056,309,99892,509,100094,100,99883,100,100097,100,99867,100,100122,100,99857,100,100126,100,99722,100,100208,100,99701,100,100223,100,99426,100,100235,100,99384,100,100308,100,99344,100
2019-06-28 10:04:45.179605532,100037,309,99927,209,100056,309,99892,509,100094,100,99883,100,100097,100,99867,100,100122,100,99857,100,100126,100,99722,100,100208,100,99701,100,100223,100,99426,100,100235,100,99384,100,100308,100,99344,100
2019-06-28 10:04:48.227141174,99954,100,99927,209,100037,309,99892,509,100056,309,99883,100,100094,100,99867,100,100097,100,99857,100,100122,100,99722,100,100126,100,99701,100,100208,100,99426,100,100223,100,99384,100,100235,100,99344,100
2019-06-28 10:04:50.000000000,99954,518,99892,718,100037,100,99883,100,100056,100,99867,100,100094,100,99857,100,100097,100,99722,100,100122,100,99701,100,100126,100,99426,100,100208,100,99384,100,100223,100,99344,100,100235,100,99254,100
2019-06-28 10:05:00.000000000,99954,309,99892,509,100037,309,99883,309,100056,100,99867,100,100094,100,99857,100,100097,100,99722,100,100122,100,99701,100,100126,100,99426,100,100208,100,99384,100,100223,100,99344,100,100235,100,99254,100
2019-06-28 10:05:01.609083040,99954,309,99892,509,99958,100,99883,309,100037,309,99867,100,100056,100,99857,100,100094,100,99722,100,100097,100,99701,100,100122,100,99426,100,100126,100,99384,100,100208,100,99344,100,100223,100,99254,100
2019-06-28 10:05:10.000000000,99954,518,99892,718,99958,100,99883,100,100037,100,99867,100,100056,100,99857,100,100094,100,99722,100,100097,100,99701,100,100122,100,99426,100,100126,100,99384,100,100208,100,99344,100,100223,100,99254,100
2019-06-28 10:05:14.192534582,99926,100,99892,718,99954,518,99883,100,99958,100,99867,100,100037,100,99857,100,100056,100,99722,100,100097,100,99701,100,100122,100,99426,100,100126,100,99384,100,100208,100,99344,100,100223,100,99254,100
2019-06-28 10:05:20.000000000,99926,184,99892,384,99954,184,99883,184,99958,184,99867,184,100037,184,99857,184,100056,184,99722,184,100097,100,99701,100,100122,100,99426,100,100126,100,99384,100,100208,100,99344,100,100223,100,99254,100
2019-06-28 10:05:26.747073567,99926,184,99892,384,99954,184,99883,184,99958,184,99867,184,100037,184,99857,184,100056,184,99722,184,100097,100,99701,100,100122,100,99626,100,100126,100,99426,100,100208,100,99384,100,100223,100,99344,100
2019-06-28 10:05:30.000000000,99926,309,99892,509,99954,309,99883,309,99958,100,99867,100,100037,100,99857,100,100056,100,99722,100,100097,100,99701,100,100122,100,99626,100,100126,100,99426,100,100208,100,99384,100,100223,100,99344,100
2019-06-28 10:05:40.000000000,99926,309,99892,509,99954,309,99883,309,99958,100,99867,100,100037,100,99857,100,100056,100,99722,100,100097,100,99701,100,100122,100,99626,100,100126,100,99426,100,100208,100,99384,100,100223,100,99344,100
2019-06-28 10:05:50.000000000,99926,204,99892,404,99954,204,99883,204,99958,204,99867,204,100037,204,99857,204,100056,100,99722,100,100097,100,99701,100,100122,100,99626,100,100126,100,99426,100,100208,100,99384,100,100223,100,99344,100
2019-06-28 10:06:00.000000000,99926,518,99892,718,99954,100,99883,100,99958,100,99867,100,100037,100,99857,100,100056,100,99722,100,100097,100,99701,100,100122,100,99626,100,100126,100,99426,100,100208,100,99384,100,100223,100,99344,100
2019-06-28 10:06:10.000000000,99926,184,99892,384,99954,184,99883,184,99958,184,99867,184,100037,184,99857,184,100056,184,99722,184,100097,100,99701,100,100122,100,99626,100,100126,100,99426,100,100208,100,99384,100,100223,100,99344,100
2019-06-28 10:06:10.771425638,99926,184,99892,384,99954,284,99883,184,99958,184,99867,184,100037,184,99857,184,100056,184,99722,184,100097,100,99701,100,100122,100,99626,100,100126,100,99426,100,100208,100,99384,100,100223,100,99344,100
2019-06-28 10:06:20.000000000,99926,518,99892,718,99954,200,99883,100,99958,100,99867,100,100037,100,99857,100,100056,100,99722,100,100097,100,99701,100,100122,100,99626,100,100126,100,99426,100,100208,100,99384,100,100223,100,99344,100
2019-06-28 10:06:27.961589730,99926,518,99892,618,99954,200,99883,100,99958,100,99867,100,100037,100,99722,100,100056,100,99701,100,100097,100,99626,100,100122,100,99426,100,100126,100,99384,100,100208,100,99344,100,100223,100,99252,100
2019-06-28 10:06:30.000000000,99926,204,99892,304,99954,304,99883,204,99958,204,99867,204,100037,204,99722,204,100056,100,99701,100,100097,100,99626,100,100122,100,99426,100,100126,100,99384,100,100208,100,99344,100,100223,100,99252,100
2019-06-28 10:06:40.000000000,99926,518,99892,618,99954,200,99883,100,99958,100,99867,100,100037,100,99722,100,100056,100,99701,100,100097,100,99626,100,100122,100,99426,100,100126,100,99384,100,100208,100,99344,100,100223,100,99252,100
2019-06-28 10:06:50.000000000,99926,184,99892,284,99954,284,99883,184,99958,184,99867,184,100037,184,99722,184,100056,184,99701,184,100097,100,99626,100,100122,100,99426,100,100126,100,99384,100,100208,100,99344,100,100223,100,99252,100
2019-06-28 10:06:53.410302888,99926,184,99892,284,99954,284,99883,184,99958,184,99867,184,100037,184,99722,184,100056,184,99701,184,100097,100,99626,100,100122,100,99426,100,100126,100,99385,100,100208,100,99384,100,100223,100,99344,100
2019-06-28 10:06:56.963120439,99926,184,99892,284,99954,184,99883,184,99958,184,99867,184,100037,184,99722,184,100056,184,99701,184,100097,100,99626,100,100122,100,99426,100,100126,100,99385,100,100208,100,99384,100,100223,100,99344,100
2019-06-28 10:07:00.000000000,99926,184,99892,284,99954,184,99883,184,99958,184,99867,184,100037,184,99722,184,100056,184,99701,184,100097,100,99626,100,100122,100,99426,100,100126,100,99385,100,100208,100,99384,100,100223,100,99344,100
2019-06-28 10:07:02.841456323,99925,100,99892,284,99926,184,99883,184,99954,184,99867,184,99958,184,99722,184,100037,184,99701,184,100056,184,99626,100,100097,100,99426,100,100122,100,99385,100,100126,100,99384,100,100208,100,99344,100
2019-06-28 10:07:10.000000000,99925,184,99892,284,99926,184,99883,184,99954,184,99867,184,99958,184,99722,184,100037,184,99701,184,100056,100,99626,100,100097,100,99426,100,100122,100,99385,100,100126,100,99384,100,100208,100,99344,100
2019-06-28 10:07:20.000000000,99925,242,99892,342,99926,238,99883,238,99954,238,99867,238,99958,100,99722,100,100037,100,99701,100,100056,100,99626,100,100097,100,99426,100,100122,100,99385,100,100126,100,99384,100,100208,100,99344,100
2019-06-28 10:07:30.000000000,99925,184,99892,284,99926,184,99883,184,99954,184,99867,184,99958,184,99722,184,100037,184,99701,184,100056,100,99626,100,100097,100,99426,100,100122,100,99385,100,100126,100,99384,100,100208,100,99344,100
2019-06-28 10:07:40.000000000,99925,242,99892,342,99926,238,99883,238,99954,238,99867,238,99958,100,99722,100,100037,100,99701,100,100056,100,99626,100,100097,100,99426,100,100122,100,99385,100,100126,100,99384,100,100208,100,99344,100
2019-06-28 10:07:50.000000000,99925,309,99892,409,99926,309,99883,309,99954,100,99867,100,99958,100,99722,100,100037,100,99701,100,100056,100,99626,100,100097,100,99426,100,100122,100,99385,100,100126,100,99384,100,100208,100,99344,100
2019-06-28 10:07:53.801701399,99925,309,99892,409,99926,309,99883,309,99954,100,99867,100,99958,100,99722,100,100037,100,99701,100,100056,100,99626,100,100097,100,99527,100,100122,100,99426,100,100126,100,99385,100,100208,100,99344,100
2019-06-28 10:08:00.000000000,99925,309,99892,409,99926,309,99883,309,99954,100,99867,100,99958,100,99722,100,100037,100,99701,100,100056,100,99626,100,100097,100,99527,100,100122,100,99426,100,100126,100,99385,100,100208,100,99344,100
2019-06-28 10:08:09.067194693,99925,309,99892,409,99926,309,99883,309,99954,100,99867,100,99958,100,99722,100,100037,100,99701,100,100056,100,99626,100,100097,100,99527,100,100122,100,99426,100,100126,100,99385,100,100208,100,99380,100
