,ask_price_1,ask_size_1,bid_price_1,bid_size_1,ask_price_2,ask_size_2,bid_price_2,bid_size_2,ask_price_3,ask_size_3,bid_price_3,bid_size_3,ask_price_4,ask_size_4,bid_price_4,bid_size_4,ask_price_5,ask_size_5,bid_price_5,bid_size_5,ask_price_6,ask_size_6,bid_price_6,bid_size_6,ask_price_7,ask_size_7,bid_price_7,bid_size_7,ask_price_8,ask_size_8,bid_price_8,bid_size_8,ask_price_9,ask_size_9,bid_price_9,bid_size_9,ask_price_10,ask_size_10,bid_price_10,bid_size_10
2019-06-28 09:30:00.000000000,100015,100,,,,,,,,,,,,,,,,,,,,,,,,,,,,,,,,,,,,,,
2019-06-28 09:30:00.000000001,100015,100,,,100038,100,,,,,,,,,,,,,,,,,,,,,,,,,,,,,,,,,,
2019-06-28 09:30:00.000000003,100015,100,99899,100,100038,100,,,,,,,,,,,,,,,,,,,,,,,,,,,,,,,,,,
2019-06-28 09:30:00.000000005,100015,100,99953,100,100038,100,99899,100,100094,100,99895,100,,,99878,100,,,,,,,,,,,,,,,,,,,,,,,,
2019-06-28 09:30:00.000000008,100015,100,99953,100,100038,100,99899,100,100094,100,99895,100,,,99891,100,,,99878,100,,,,,,,,,,,,,,,,,,,,
2019-06-28 09:30:00.000000010,100015,100,99953,100,100038,100,99899,100,100094,100,99895,100,100176,100,99891,100,,,99878,100,,,,,,,,,,,,,,,,,,,,
2019-06-28 09:30:00.000000012,100015,100,99962,100,100038,100,99953,100,100094,100,99899,100,100176,100,99895,100,,,99891,100,,,99878,100,,,,,,,,,,,,,,,,
2019-06-28 09:30:00.000000016,100015,100,99962,100,100038,100,99953,100,100094,100,99899,100,100171,100,99895,100,100176,100,99891,100,,,99878,100,,,,,,,,,,,,,,,,
2019-06-28 09:30:00.000000018,100015,100,99992,100,100038,100,99962,100,100094,100,99953,100,100171,100,99899,100,100176,100,99895,100,,,99891,100,,,99878,100,,,,,,,,,,,,
2019-06-28 09:30:00.000000025,100015,100,99992,100,100038,100,99964,100,100094,100,99962,100,100171,100,99953,100,100176,100,99899,100,,,99895,100,,,99891,100,,,99878,100,,,,,,,,
2019-06-28 09:30:00.000000026,100015,100,99992,100,100038,100,99964,100,100053,100,99962,100,100094,100,99953,100,100171,100,99899,100,100176,100,99895,100,,,99891,100,,,99878,100,,,,,,,,
2019-06-28 09:30:00.000000027,100015,100,99992,100,100038,100,99964,100,100053,100,99962,100,100094,100,99953,100,100171,100,99935,100,100176,100,99899,100,,,99895,100,,,99891,100,,,99878,100,,,,
2019-06-28 09:30:00.000000031,100015,100,99992,100,100038,100,99964,100,100053,100,99962,100,100094,100,99953,100,100135,100,99935,100,100171,100,99899,100,100176,100,99895,100,,,99891,100,,,99878,100,,,,
2019-06-28 09:30:00.000000033,100015,100,99992,100,100038,100,99989,100,100053,100,99964,100,100094,100,99962,100,100135,100,99953,100,100171,100,99935,100,100176,100,99899,100,,,99895,100,,,99891,100,,,99878,100
2019-06-28 09:30:00.000000035,100015,100,99992,100,100038,100,99989,100,100053,100,99964,100,100094,100,99962,100,100135,100,99953,100,100139,100,99935,100,100171,100,99899,100,100176,100,99895,100,,,99891,100,,,99878,100
2019-06-28 09:30:00.000000037,100038,100,99992,100,100053,100,99989,100,100094,100,99964,100,100135,100,99962,100,100139,100,99953,100,100171,100,99935,100,100176,100,99899,100,,,99895,100,,,99891,100,,,99878,100
2019-06-28 09:30:00.000000041,100038,100,99992,100,100053,100,99989,100,100094,100,99964,100,100135,100,99962,100,100139,100,99953,100,100171,100,99935,100,100176,100,99899,100,,,99895,100,,,99891,100,,,99886,100
2019-06-28 09:30:00.000000043,100032,100,99992,100,100038,100,99989,100,100053,100,99964,100,100094,100,99962,100,100135,100,99953,100,100139,100,99935,100,100171,100,99909,100,100176,100,99899,100,,,99895,100,,,99891,100
2019-06-28 09:30:00.000000045,100032,100,99993,100,100038,100,99992,100,100053,100,99989,100,100094,100,99964,100,100135,100,99962,100,100139,100,99953,100,100171,100,99942,100,100176,100,99935,100,,,99909,100,,,99899,100
2019-06-28 09:30:00.000000047,100038,100,99993,100,100053,100,99992,100,100094,100,99989,100,100135,100,99964,100,100139,100,99962,100,100171,100,99953,100,100176,100,99942,100,,,99935,100,,,99909,100,,,99899,100
2019-06-28 09:30:00.000000050,100038,100,99993,100,100053,100,99992,100,100094,100,99990,100,100135,100,99989,100,100139,100,99964,100,100171,100,99962,100,100176,100,99953,100,,,99942,100,,,99935,100,,,99909,100
2019-06-28 09:30:00.000000053,100038,100,99993,100,100053,100,99992,100,100094,100,99990,100,100130,100,99989,100,100135,100,99964,100,100139,100,99962,100,100171,100,99953,100,100176,100,99942,100,,,99935,100,,,99909,100
2019-06-28 09:30:00.000000054,100032,100,99993,100,100038,100,99992,100,100053,100,99990,100,100094,100,99989,100,100130,100,99964,100,100135,100,99962,100,100139,100,99953,100,100171,100,99942,100,100176,100,99935,100,,,99909,100
2019-06-28 09:30:00.000000055,100032,100,99992,100,100038,100,99990,100,100053,100,99989,100,100094,100,99964,100,100130,100,99962,100,100135,100,99953,100,100139,100,99942,100,100171,100,99935,100,100176,100,99909,100,,,99899,100
2019-06-28 09:30:00.000000057,100032,100,99992,100,100038,100,99990,100,100043,100,99989,100,100053,100,99964,100,100094,100,99962,100,100130,100,99953,100,100135,100,99942,100,100139,100,99935,100,100171,100,99909,100,100176,100,99899,100
2019-06-28 09:30:00.000000058,100031,100,99992,100,100032,100,99990,100,100038,100,99989,100,100043,100,99964,100,100053,100,99962,100,100094,100,99953,100,100112,100,99942,100,100130,100,99935,100,100135,100,99909,100,100139,100,99899,100
2019-06-28 09:30:00.000000061,100031,100,99992,100,100032,100,99990,100,100038,100,99989,100,100043,100,99964,100,100053,100,99962,100,100094,100,99953,100,100112,100,99942,100,100130,100,99935,100,100135,100,99909,100,100139,100,99899,100
2019-06-28 09:30:00.000000062,100031,100,99992,100,100032,100,99990,100,100038,100,99989,100,100043,100,99964,100,100053,100,99962,100,100094,100,99953,100,100112,100,99942,100,100130,100,99935,100,100131,100,99909,100,100135,100,99899,100
2019-06-28 09:30:00.000000063,100031,100,99992,100,100032,100,99990,100,100038,100,99989,100,100039,100,99964,100,100043,100,99962,100,100053,100,99953,100,100094,100,99942,100,100112,100,99935,100,100130,100,99909,100,100131,100,99899,100
2019-06-28 09:30:00.000000065,100031,100,99992,100,100032,100,99990,100,100038,100,99989,100,100039,100,99964,100,100043,100,99962,100,100053,100,99953,100,100076,100,99942,100,100094,100,99935,100,100112,100,99909,100,100130,100,99899,100
2019-06-28 09:30:00.000000067,100031,200,99992,100,100032,100,99990,100,100038,100,99989,100,100039,100,99964,100,100043,100,99962,100,100053,100,99953,100,100076,100,99942,100,100094,100,99935,100,100112,100,99909,100,100130,100,99899,100
2019-06-28 09:30:00.000000068,100028,100,99992,100,100031,200,99990,100,100032,100,99989,100,100038,100,99964,100,100039,100,99962,100,100043,100,99953,100,100053,100,99942,100,100076,100,99935,100,100080,100,99909,100,100094,100,99899,100
2019-06-28 09:30:00.000000071,100028,100,99993,100,100031,200,99992,100,100032,100,99990,100,100038,100,99989,100,100039,100,99964,100,100043,100,99962,100,100053,100,99953,100,100076,100,99942,100,100080,100,99935,100,100094,100,99909,100
2019-06-28 09:30:00.000000072,100028,100,99993,100,100031,300,99992,100,100032,100,99990,100,100038,100,99989,100,100039,100,99964,100,100043,100,99962,100,100053,100,99953,100,100076,100,99942,100,100080,100,99935,100,100094,100,99909,100
2019-06-28 09:30:00.000000075,100028,100,99993,100,100031,300,99992,100,100032,100,99990,100,100038,100,99989,100,100039,100,99964,100,100043,100,99962,100,100053,100,99953,100,100076,100,99942,100,100080,100,99935,100,100094,100,99909,100
2019-06-28 09:30:00.000000079,100028,100,99993,100,100031,300,99992,100,100032,100,99990,100,100038,100,99989,100,100039,100,99964,100,100043,100,99962,100,100053,100,99953,100,100076,100,99942,100,100080,100,99935,100,100094,100,99909,100
2019-06-28 09:30:00.000000084,100028,100,99993,100,100031,300,99992,100,100032,100,99990,100,100038,100,99989,100,100039,100,99964,100,100043,100,99962,100,100053,100,99953,100,100061,100,99942,100,100076,100,99935,100,100080,100,99909,100
2019-06-28 09:30:00.000000085,100031,300,99993,100,100032,100,99992,100,100038,100,99990,100,100039,100,99989,100,100043,100,99964,100,100053,100,99962,100,100061,100,99953,100,100076,100,99942,100,100080,100,99935,100,100094,100,99909,100
2019-06-28 09:30:00.000000086,100031,300,99993,100,100032,100,99992,100,100038,100,99990,100,100039,100,99989,100,100043,100,99964,100,100053,100,99962,100,100061,100,99953,100,100067,100,99942,100,100076,100,99935,100,100080,100,99909,100
2019-06-28 09:30:00.000000091,100031,300,99993,100,100032,100,99992,100,100038,100,99990,100,100039,100,99989,100,100043,100,99964,100,100053,100,99962,100,100061,100,99953,100,100067,100,99942,100,100076,100,99935,100,100080,100,99909,100
2019-06-28 09:30:00.000000092,100031,300,99993,100,100032,100,99992,100,100038,100,99990,100,100039,100,99989,100,100043,100,99964,100,100053,100,99962,100,100061,100,99953,100,100067,100,99942,100,100076,100,99935,100,100080,100,99909,100
2019-06-28 09:30:00.000000096,100031,300,99993,200,100032,100,99992,100,100038,100,99990,100,100039,100,99989,100,100043,100,99964,100,100053,100,99962,100,100061,100,99953,100,100067,100,99942,100,100076,100,99935,100,100080,100,99909,100
2019-06-28 09:30:00.000000097,100031,300,99993,200,100032,100,99992,100,100038,100,99990,100,100039,100,99989,100,100043,100,99964,200,100053,100,99962,100,100061,100,99953,100,100067,100,99942,100,100076,100,99935,100,100080,100,99909,100
2019-06-28 09:30:00.000000098,100031,300,99993,200,100032,100,99992,100,100038,100,99990,100,100039,100,99989,100,100043,100,99964,200,100053,100,99962,100,100061,100,99953,100,100067,100,99942,100,100076,100,99935,100,100080,100,99909,100
2019-06-28 09:30:00.000000099,100031,300,100024,100,100032,100,99993,300,100038,100,99992,100,100039,100,99990,100,100043,100,99989,100,100053,100,99964,200,100061,100,99962,100,100067,100,99953,100,100076,100,99942,100,100080,100,99935,100
2019-06-28 09:30:04.363240448,100031,300,100024,100,100032,100,99993,400,100038,100,99992,100,100039,100,99990,100,100043,100,99989,100,100053,100,99964,200,100061,100,99962,100,100067,100,99953,100,100076,100,99942,100,100080,100,99935,100
2019-06-28 09:30:10.000000000,100031,385,100024,185,100032,185,99993,485,100038,185,99992,185,100039,185,99990,185,100043,100,99989,100,100053,100,99964,200,100061,100,99962,100,100067,100,99953,100,100076,100,99942,100,100080,100,99935,100
2019-06-28 09:30:20.000000000,100031,416,100024,216,100032,213,99993,513,100038,213,99992,213,100039,100,99990,100,100043,100,99989,100,100053,100,99964,200,100061,100,99962,100,100067,100,99953,100,100076,100,99942,100,100080,100,99935,100
2019-06-28 09:30:30.000000000,100031,416,100024,216,100032,213,99993,513,100038,213,99992,213,100039,100,99990,100,100043,100,99989,100,100053,100,99964,200,100061,100,99962,100,100067,100,99953,100,100076,100,99942,100,100080,100,99935,100
2019-06-28 09:30:34.426941081,100031,416,100024,216,100032,213,99993,613,100038,213,99992,213,100039,100,99990,100,100043,100,99989,100,100053,100,99964,200,100061,100,99962,100,100067,100,99953,100,100076,100,99942,100,100080,100,99935,100
2019-06-28 09:30:35.635236752,100031,316,100024,216,100032,213,99993,613,100038,213,99992,213,100039,100,99990,100,100043,100,99989,100,100053,100,99964,200,100061,100,99962,100,100067,100,99953,100,100076,100,99942,100,100080,100,99935,100
2019-06-28 09:30:40.000000000,100031,541,100024,441,100032,100,99993,500,100038,100,99992,100,100039,100,99990,100,100043,100,99989,100,100053,100,99964,200,100061,100,99962,100,100067,100,99953,100,100076,100,99942,100,100080,100,99935,100
2019-06-28 09:30:50.000000000,100031,285,100024,185,100032,185,99993,585,100038,185,99992,185,100039,185,99990,185,100043,100,99989,100,100053,100,99964,200,100061,100,99962,100,100067,100,99953,100,100076,100,99942,100,100080,100,99935,100
2019-06-28 09:30:52.099603042,100031,285,100028,100,100032,185,100024,185,100038,185,99993,485,100039,185,99992,185,100043,100,99990,185,100053,100,99989,100,100061,100,99964,200,100067,100,99962,100,100076,100,99953,100,100080,100,99942,100
2019-06-28 09:30:54.684447213,100031,185,100028,100,100032,185,100024,185,100038,185,99993,485,100039,185,99992,185,100043,100,99990,185,100053,100,99989,100,100061,100,99964,200,100067,100,99962,100,100076,100,99953,100,100080,100,99942,100
2019-06-28 09:30:58.449247081,100031,85,100028,100,100032,185,100024,185,100038,185,99993,485,100039,185,99992,185,100043,100,99990,185,100053,100,99989,100,100061,100,99964,200,100067,100,99962,100,100076,100,99953,100,100080,100,99942,100
2019-06-28 09:31:00.000000000,100032,441,100028,441,100038,100,100024,100,100039,100,99993,400,100043,100,99992,100,100053,100,99990,100,100061,100,99989,100,100067,100,99964,200,100076,100,99962,100,100080,100,99953,100,100094,100,99942,100
2019-06-28 09:31:10.000000000,100032,216,100028,216,100038,213,100024,213,100039,213,99993,513,100043,100,99992,100,100053,100,99990,100,100061,100,99989,100,100067,100,99964,200,100076,100,99962,100,100080,100,99953,100,100094,100,99942,100
2019-06-28 09:31:20.000000000,100032,270,100028,270,100038,270,100024,270,100039,100,99993,400,100043,100,99992,100,100053,100,99990,100,100061,100,99989,100,100067,100,99964,200,100076,100,99962,100,100080,100,99953,100,100094,100,99942,100
2019-06-28 09:31:30.000000000,100032,270,100028,270,100038,270,100024,270,100039,100,99993,400,100043,100,99992,100,100053,100,99990,100,100061,100,99989,100,100067,100,99964,200,100076,100,99962,100,100080,100,99953,100,100094,100,99942,100
2019-06-28 09:31:33.285576343,100032,270,100031,100,100038,270,100028,270,100039,100,100024,270,100043,100,99993,400,100053,100,99992,100,100061,100,99990,100,100067,100,99989,100,100076,100,99964,200,100080,100,99962,100,100094,100,99953,100
2019-06-28 09:31:40.000000000,100032,168,100031,168,100038,168,100028,168,100039,168,100024,168,100043,168,99993,468,100053,168,99992,168,100061,100,99990,100,100067,100,99989,100,100076,100,99964,200,100080,100,99962,100,100094,100,99953,100
2019-06-28 09:31:50.000000000,100032,185,100031,185,100038,185,100028,185,100039,185,100024,185,100043,185,99993,485,100053,100,99992,100,100061,100,99990,100,100067,100,99989,100,100076,100,99964,200,100080,100,99962,100,100094,100,99953,100
2019-06-28 09:32:00.000000000,100032,216,100031,216,100038,213,100028,213,100039,213,100024,213,100043,100,99993,400,100053,100,99992,100,100061,100,99990,100,100067,100,99989,100,100076,100,99964,200,100080,100,99962,100,100094,100,99953,100
2019-06-28 09:32:10.000000000,100032,216,100031,216,100038,213,100028,213,100039,213,100024,213,100043,100,99993,400,100053,100,99992,100,100061,100,99990,100,100067,100,99989,100,100076,100,99964,200,100080,100,99962,100,100094,100,99953,100
2019-06-28 09:32:20.000000000,100032,270,100031,270,100038,270,100028,270,100039,100,100024,100,100043,100,99993,400,100053,100,99992,100,100061,100,99990,100,100067,100,99989,100,100076,100,99964,200,100080,100,99962,100,100094,100,99953,100
2019-06-28 09:32:30.000000000,100032,216,100031,216,100038,213,100028,213,100039,213,100024,213,100043,100,99993,400,100053,100,99992,100,100061,100,99990,100,100067,100,99989,100,100076,100,99964,200,100080,100,99962,100,100094,100,99953,100
2019-06-28 09:32:40.000000000,100032,441,100031,441,100038,100,100028,100,100039,100,100024,100,100043,100,99993,400,100053,100,99992,100,100061,100,99990,100,100067,100,99989,100,100076,100,99964,200,100080,100,99962,100,100094,100,99953,100
2019-06-28 09:32:50.000000000,100032,168,100031,168,100038,168,100028,168,100039,168,100024,168,100043,168,99993,468,100053,168,99992,168,100061,100,99990,100,100067,100,99989,100,100076,100,99964,200,100080,100,99962,100,100094,100,99953,100
2019-06-28 09:33:00.000000000,100032,270,100031,270,100038,270,100028,270,100039,100,100024,100,100043,100,99993,400,100053,100,99992,100,100061,100,99990,100,100067,100,99989,100,100076,100,99964,200,100080,100,99962,100,100094,100,99953,100
2019-06-28 09:33:10.000000000,100032,185,100031,185,100038,185,100028,185,100039,185,100024,185,100043,185,99993,485,100053,100,99992,100,100061,100,99990,100,100067,100,99989,100,100076,100,99964,200,100080,100,99962,100,100094,100,99953,100
2019-06-28 09:33:20.000000000,100032,216,100031,216,100038,213,100028,213,100039,213,100024,213,100043,100,99993,400,100053,100,99992,100,100061,100,99990,100,100067,100,99989,100,100076,100,99964,200,100080,100,99962,100,100094,100,99953,100
2019-06-28 09:33:30.000000000,100032,168,100031,168,100038,168,100028,168,100039,168,100024,168,100043,168,99993,468,100053,168,99992,168,100061,100,99990,100,100067,100,99989,100,100076,100,99964,200,100080,100,99962,100,100094,100,99953,100
2019-06-28 09:33:40.000000000,100032,185,100031,185,100038,185,100028,185,100039,185,100024,185,100043,185,99993,485,100053,100,99992,100,100061,100,99990,100,100067,100,99989,100,100076,100,99964,200,100080,100,99962,100,100094,100,99953,100
2019-06-28 09:33:50.000000000,100032,270,100031,270,100038,270,100028,270,100039,100,100024,100,100043,100,99993,400,100053,100,99992,100,100061,100,99990,100,100067,100,99989,100,100076,100,99964,200,100080,100,99962,100,100094,100,99953,100
2019-06-28 09:34:00.000000000,100032,216,100031,216,100038,213,100028,213,100039,213,100024,213,100043,100,99993,400,100053,100,99992,100,100061,100,99990,100,100067,100,99989,100,100076,100,99964,200,100080,100,99962,100,100094,100,99953,100
2019-06-28 09:34:02.060291011,100032,216,100031,316,100038,213,100028,213,100039,213,100024,213,100043,100,99993,300,100053,100,99992,100,100061,100,99990,100,100067,100,99989,100,100076,100,99964,200,100080,100,99962,100,100094,100,99953,100
2019-06-28 09:34:05.234779418,100032,116,100031,316,100038,213,100028,213,100039,213,100024,213,100043,100,99993,300,100053,100,99992,100,100061,100,99990,100,100076,100,99989,100,100080,100,99964,200,100094,100,99962,100,100100,100,99953,100
2019-06-28 09:34:10.000000000,100038,185,100031,285,100039,185,100028,185,100043,185,100024,185,100053,185,99993,385,100061,100,99992,100,100076,100,99990,100,100080,100,99989,100,100094,100,99964,200,100100,100,99962,100,100106,100,99953,100
2019-06-28 09:34:20.000000000,100038,185,100031,285,100039,185,100028,185,100043,185,100024,185,100053,185,99993,385,100061,100,99992,100,100076,100,99990,100,100080,100,99989,100,100094,100,99964,200,100100,100,99962,100,100106,100,99953,100
2019-06-28 09:34:26.484191325,100038,85,100031,285,100039,185,100028,185,100043,185,100024,185,100053,185,99993,385,100061,100,99992,100,100076,100,99990,100,100080,100,99989,100,100094,100,99964,200,100100,100,99962,100,100106,100,99953,100
2019-06-28 09:34:30.000000000,100039,216,100031,316,100043,213,100028,213,100053,213,100024,213,100061,100,99993,300,100076,100,99992,100,100080,100,99990,100,100094,100,99989,100,100100,100,99964,200,100106,100,99962,100,100112,100,99953,100
2019-06-28 09:34:36.672717620,100039,116,100031,316,100043,213,100028,213,100053,213,100024,213,100061,100,99993,300,100076,100,99992,100,100080,100,99989,100,100094,100,99964,200,100100,100,99962,100,100106,100,99953,100,100112,100,99942,100
2019-06-28 09:34:40.000000000,100043,185,100031,285,100053,185,100028,185,100061,185,100024,185,100076,185,99993,385,100080,100,99992,100,100094,100,99989,100,100100,100,99964,200,100106,100,99962,100,100112,100,99953,100,100120,100,99942,100
2019-06-28 09:34:50.000000000,100043,185,100031,285,100053,185,100028,185,100061,185,100024,185,100076,185,99993,385,100080,100,99992,100,100094,100,99989,100,100100,100,99964,200,100106,100,99962,100,100112,100,99953,100,100120,100,99942,100
2019-06-28 09:35:00.000000000,100043,270,100031,370,100053,270,100028,270,100061,100,100024,100,100076,100,99993,300,100080,100,99992,100,100094,100,99989,100,100100,100,99964,200,100106,100,99962,100,100112,100,99953,100,100120,100,99942,100
2019-06-28 09:35:05.323125720,100043,270,100031,370,100053,270,100028,270,100061,100,100024,100,100076,100,99993,300,100080,100,99992,100,100094,100,99989,100,100100,100,99964,200,100106,100,99962,100,100112,100,99953,100,100120,100,99942,100
2019-06-28 09:35:10.000000000,100043,441,100031,541,100053,100,100028,100,100061,100,100024,100,100076,100,99993,300,100080,100,99992,100,100094,100,99989,100,100100,100,99964,200,100106,100,99962,100,100112,100,99953,100,100120,100,99942,100
2019-06-28 09:35:20.000000000,100043,270,100031,370,100053,270,100028,270,100061,100,100024,100,100076,100,99993,300,100080,100,99992,100,100094,100,99989,100,100100,100,99964,200,100106,100,99962,100,100112,100,99953,100,100120,100,99942,100
2019-06-28 09:35:30.000000000,100043,168,100031,268,100053,168,100028,168,100061,168,100024,168,100076,168,99993,368,100080,168,99992,168,100094,100,99989,100,100100,100,99964,200,100106,100,99962,100,100112,100,99953,100,100120,100,99942,100
2019-06-28 09:35:34.674620398,100043,168,100031,268,100053,168,100028,168,100061,168,100024,168,100076,168,99993,368,100080,168,99992,168,100094,100,99989,100,100100,100,99964,200,100106,100,99962,100,100112,100,99953,100,100120,100,99942,100
2019-06-28 09:35:40.000000000,100043,168,100031,268,100053,168,100028,168,100061,168,100024,168,100076,168,99993,368,100080,168,99992,168,100094,100,99989,100,100100,100,99964,200,100106,100,99962,100,100112,100,99953,100,100120,100,99942,100
2019-06-28 09:35:50.000000000,100043,185,100031,285,100053,185,100028,185,100061,185,100024,185,100076,185,99993,385,100080,100,99992,100,100094,100,99989,100,100100,100,99964,200,100106,100,99962,100,100112,100,99953,100,100120,100,99942,100
2019-06-28 09:36:00.000000000,100043,441,100031,541,100053,100,100028,100,100061,100,100024,100,100076,100,99993,300,100080,100,99992,100,100094,100,99989,100,100100,100,99964,200,100106,100,99962,100,100112,100,99953,100,100120,100,99942,100
2019-06-28 09:36:03.127461161,100043,441,100031,541,100053,100,100028,100,100061,100,100024,100,100076,100,99993,300,100080,100,99992,100,100087,100,99989,100,100094,100,99964,200,100100,100,99962,100,100106,100,99953,100,100112,100,99942,100
2019-06-28 09:36:10.000000000,100043,441,100031,541,100053,100,100028,100,100061,100,100024,100,100076,100,99993,300,100080,100,99992,100,100087,100,99989,100,100094,100,99964,200,100100,100,99962,100,100106,100,99953,100,100112,100,99942,100
2019-06-28 09:36:17.783962656,100043,441,100031,541,100053,100,100028,100,100061,100,100024,100,100076,100,99993,300,100080,100,99992,100,100087,100,99989,100,100094,100,99964,200,100100,100,99962,100,100106,100,99953,100,100112,100,99942,100
2019-06-28 09:36:19.145881764,100043,441,100031,541,100046,100,100028,100,100053,100,100024,100,100061,100,99993,300,100076,100,99992,100,100080,100,99989,100,100087,100,99964,200,100094,100,99962,100,100106,100,99953,100,100112,100,99942,100
2019-06-28 09:36:20.000000000,100043,168,100031,268,100046,168,100028,168,100053,168,100024,168,100061,168,99993,368,100076,168,99992,168,100080,100,99989,100,100087,100,99964,200,100094,100,99962,100,100106,100,99953,100,100112,100,99942,100
2019-06-28 09:36:30.000000000,100043,168,100031,268,100046,168,100028,168,100053,168,100024,168,100061,168,99993,368,100076,168,99992,168,100080,100,99989,100,100087,100,99964,200,100094,100,99962,100,100106,100,99953,100,100112,100,99942,100
2019-06-28 09:36:40.000000000,100043,168,100031,268,100046,168,100028,168,100053,168,100024,168,100061,168,99993,368,100076,168,99992,168,100080,100,99989,100,100087,100,99964,200,100094,100,99962,100,100106,100,99953,100,100112,100,99942,100
2019-06-28 09:36:49.452377280,100043,168,100031,168,100046,168,100028,168,100053,168,100024,168,100061,168,99993,368,100076,168,99992,168,100080,100,99989,100,100087,100,99964,200,100094,100,99962,100,100106,100,99953,100,100112,100,99942,100
2019-06-28 09:36:50.000000000,100043,216,100031,216,100046,213,100028,213,100053,213,100024,213,100061,100,99993,300,100076,100,99992,100,100080,100,99989,100,100087,100,99964,200,100094,100,99962,100,100106,100,99953,100,100112,100,99942,100
2019-06-28 09:37:00.000000000,100043,441,100031,441,100046,100,100028,100,100053,100,100024,100,100061,100,99993,300,100076,100,99992,100,100080,100,99989,100,100087,100,99964,200,100094,100,99962,100,100106,100,99953,100,100112,100,99942,100
2019-06-28 09:37:01.059312971,100043,441,100031,341,100046,100,100028,100,100053,100,100024,100,100061,100,99993,300,100076,100,99992,100,100080,100,99989,100,100087,100,99964,200,100094,100,99962,100,100106,100,99953,100,100112,100,99942,100
2019-06-28 09:37:10.000000000,100043,270,100028,270,100046,270,100024,270,100053,100,99993,300,100061,100,99992,100,100076,100,99989,100,100080,100,99964,200,100087,100,99962,100,100094,100,99953,100,100106,100,99942,100,100112,100,99935,100
2019-06-28 09:37:18.769054415,100043,270,100032,100,100046,270,100028,270,100053,100,100024,270,100061,100,99993,300,100076,100,99992,100,100080,100,99989,100,100087,100,99964,200,100094,100,99962,100,100106,100,99953,100,100112,100,99942,100
2019-06-28 09:37:20.000000000,100043,168,100032,168,100046,168,100028,168,100053,168,100024,168,100061,168,99993,368,100076,168,99992,168,100080,100,99989,100,100087,100,99964,200,100094,100,99962,100,100106,100,99953,100,100112,100,99942,100
2019-06-28 09:37:30.000000000,100043,441,100032,441,100046,100,100028,100,100053,100,100024,100,100061,100,99993,300,100076,100,99992,100,100080,100,99989,100,100087,100,99964,200,100094,100,99962,100,100106,100,99953,100,100112,100,99942,100
2019-06-28 09:37:40.000000000,100043,185,100032,185,100046,185,100028,185,100053,185,100024,185,100061,185,99993,385,100076,100,99992,100,100080,100,99989,100,100087,100,99964,200,100094,100,99962,100,100106,100,99953,100,100112,100,99942,100
2019-06-28 09:37:43.630327895,100043,185,100032,85,100046,185,100028,185,100053,185,100024,185,100061,185,99993,385,100076,100,99992,100,100080,100,99989,100,100087,100,99964,200,100094,100,99962,100,100106,100,99953,100,100112,100,99942,100
2019-06-28 09:37:45.731443185,100043,185,100032,85,100046,185,100028,185,100053,185,100024,185,100061,185,99993,385,100076,100,99992,100,100080,100,99989,100,100087,100,99964,200,100094,100,99953,100,100106,100,99942,100,100112,100,99935,100
2019-06-28 09:37:50.000000000,100043,270,100028,270,100046,270,100024,270,100053,100,99993,300,100061,100,99992,100,100076,100,99989,100,100080,100,99964,200,100087,100,99953,100,100094,100,99942,100,100106,100,99935,100,100112,100,99898,100
2019-06-28 09:38:00.000000000,100043,216,100028,216,100046,213,100024,213,100053,213,99993,413,100061,100,99992,100,100076,100,99989,100,100080,100,99964,200,100087,100,99953,100,100094,100,99942,100,100106,100,99935,100,100112,100,99898,100
2019-06-28 09:38:10.000000000,100043,441,100028,441,100046,100,100024,100,100053,100,99993,300,100061,100,99992,100,100076,100,99989,100,100080,100,99964,200,100087,100,99953,100,100094,100,99942,100,100106,100,99935,100,100112,100,99898,100
2019-06-28 09:38:17.873460843,100043,441,100028,441,100046,100,100024,100,100053,100,99993,300,100061,100,99992,100,100076,100,99989,100,100080,100,99964,200,100087,100,99953,100,100094,100,99942,100,100112,100,99935,100,100120,100,99898,100
2019-06-28 09:38:20.000000000,100043,168,100028,168,100046,168,100024,168,100053,168,99993,368,100061,168,99992,168,100076,168,99989,168,100080,100,99964,200,100087,100,99953,100,100094,100,99942,100,100112,100,99935,100,100120,100,99898,100
2019-06-28 09:38:30.000000000,100043,270,100028,270,100046,270,100024,270,100053,100,99993,300,100061,100,99992,100,100076,100,99989,100,100080,100,99964,200,100087,100,99953,100,100094,100,99942,100,100112,100,99935,100,100120,100,99898,100
2019-06-28 09:38:37.970656305,100043,270,100028,270,100046,270,100024,270,100053,100,99993,300,100061,100,99992,100,100076,100,99989,100,100080,100,99964,200,100087,100,99953,100,100094,100,99942,100,100112,100,99935,100,100120,100,99895,100
2019-06-28 09:38:40.000000000,100043,441,100028,441,100046,100,100024,100,100053,100,99993,300,100061,100,99992,100,100076,100,99989,100,100080,100,99964,200,100087,100,99953,100,100094,100,99942,100,100112,100,99935,100,100120,100,99895,100
2019-06-28 09:38:45.773628683,100043,441,100028,441,100046,100,100024,100,100053,100,99993,200,100061,100,99992,100,100076,100,99989,100,100080,100,99964,200,100087,100,99953,100,100094,100,99942,100,100112,100,99935,100,100120,100,99895,100
2019-06-28 09:38:49.369235933,100043,441,100028,341,100046,100,100024,100,100053,100,99993,200,100061,100,99992,100,100076,100,99989,100,100080,100,99964,200,100094,100,99953,100,100112,100,99942,100,100120,100,99935,100,100130,100,99895,100
2019-06-28 09:38:50.000000000,100043,168,100024,168,100046,168,99993,268,100053,168,99992,168,100061,168,99989,168,100076,168,99964,268,100080,100,99953,100,100094,100,99942,100,100112,100,99935,100,100120,100,99895,100,100130,100,99891,100
2019-06-28 09:38:50.075021146,100026,100,100024,168,100043,168,99993,268,100046,168,99992,168,100053,168,99989,168,100061,68,99964,268,100076,168,99953,100,100080,100,99942,100,100094,100,99935,100,100112,100,99895,100,100120,100,99891,100
2019-06-28 09:38:55.238132102,100026,100,100024,168,100043,168,99993,268,100046,168,99992,168,100053,168,99989,168,100061,68,99964,268,100076,168,99953,100,100080,100,99942,100,100094,100,99935,100,100112,100,99895,100,100120,100,99891,100
2019-06-28 09:39:00.000000000,100026,185,100024,185,100043,185,99993,285,100046,185,99992,185,100053,185,99989,185,100076,100,99964,200,100080,100,99953,100,100094,100,99942,100,100112,100,99935,100,100120,100,99895,100,100130,100,99891,100
2019-06-28 09:39:05.688264688,100026,185,100024,85,100043,185,99993,285,100046,185,99992,185,100053,185,99989,185,100076,100,99964,200,100080,100,99953,100,100094,100,99942,100,100112,100,99935,100,100120,100,99895,100,100130,100,99891,100
2019-06-28 09:39:10.000000000,100026,216,99993,316,100043,213,99992,213,100046,213,99989,213,100053,100,99964,200,100076,100,99953,100,100080,100,99942,100,100094,100,99935,100,100112,100,99895,100,100120,100,99891,100,100130,100,99886,200
2019-06-28 09:39:15.542040948,100025,100,99993,316,100026,216,99992,213,100043,213,99989,213,100046,213,99964,200,100053,100,99953,100,100076,100,99942,100,100080,100,99935,100,100094,100,99895,100,100112,100,99891,100,100120,100,99886,200
2019-06-28 09:39:20.000000000,100025,185,99993,285,100026,185,99992,185,100043,185,99989,185,100046,185,99964,285,100053,100,99953,100,100076,100,99942,100,100080,100,99935,100,100094,100,99895,100,100112,100,99891,100,100120,100,99886,200
2019-06-28 09:39:30.000000000,100025,216,99993,316,100026,213,99992,213,100043,213,99989,213,100046,100,99964,200,100053,100,99953,100,100076,100,99942,100,100080,100,99935,100,100094,100,99895,100,100112,100,99891,100,100120,100,99886,200
2019-06-28 09:39:40.000000000,100025,168,99993,268,100026,168,99992,168,100043,168,99989,168,100046,168,99964,268,100053,168,99953,168,100076,100,99942,100,100080,100,99935,100,100094,100,99895,100,100112,100,99891,100,100120,100,99886,200
2019-06-28 09:39:50.000000000,100025,270,99993,370,100026,270,99992,270,100043,100,99989,100,100046,100,99964,200,100053,100,99953,100,100076,100,99942,100,100080,100,99935,100,100094,100,99895,100,100112,100,99891,100,100120,100,99886,200
2019-06-28 09:40:00.000000000,100025,185,99993,285,100026,185,99992,185,100043,185,99989,185,100046,185,99964,285,100053,100,99953,100,100076,100,99942,100,100080,100,99935,100,100094,100,99895,100,100112,100,99891,100,100120,100,99886,200
2019-06-28 09:40:05.517160354,100025,85,99993,285,100026,185,99992,185,100043,185,99989,185,100046,185,99964,285,100053,100,99953,100,100076,100,99942,100,100080,100,99935,100,100094,100,99895,100,100112,100,99891,100,100120,100,99886,200
2019-06-28 09:40:10.000000000,100026,216,99993,316,100043,213,99992,213,100046,213,99989,213,100053,100,99964,200,100076,100,99953,100,100080,100,99942,100,100094,100,99935,100,100112,100,99895,100,100120,100,99891,100,100130,100,99886,200
2019-06-28 09:40:18.814027365,100026,216,99993,316,100043,213,99992,213,100046,213,99989,213,100053,100,99964,200,100076,100,99953,100,100080,100,99942,100,100094,100,99935,100,100112,100,99891,100,100120,100,99886,200,100130,100,99878,100
2019-06-28 09:40:20.000000000,100026,185,99993,285,100043,185,99992,185,100046,185,99989,185,100053,185,99964,285,100076,100,99953,100,100080,100,99942,100,100094,100,99935,100,100112,100,99891,100,100120,100,99886,200,100130,100,99878,100
2019-06-28 09:40:24.084134146,100026,185,99993,285,100043,185,99992,185,100046,185,99989,185,100053,185,99964,285,100076,100,99953,100,100080,100,99942,100,100094,100,99935,100,100112,100,99891,100,100120,100,99886,200,100130,100,99878,100
2019-06-28 09:40:30.000000000,100026,216,99993,316,100043,213,99992,213,100046,213,99989,213,100053,100,99964,200,100076,100,99953,100,100080,100,99942,100,100094,100,99935,100,100112,100,99891,100,100120,100,99886,200,100130,100,99878,100
2019-06-28 09:40:35.900664499,100026,216,99993,316,100043,213,99992,213,100046,213,99989,213,100053,100,99964,200,100076,100,99953,100,100080,100,99942,100,100094,100,99935,100,100112,100,99891,100,100120,100,99886,200,100130,100,99878,100
2019-06-28 09:40:40.000000000,100026,270,99993,370,100043,270,99992,270,100046,100,99989,100,100053,100,99964,200,100076,100,99953,100,100080,100,99942,100,100094,100,99935,100,100112,100,99891,100,100120,100,99886,200,100130,100,99878,100
2019-06-28 09:40:40.654502060,100026,270,100025,100,100043,270,99993,370,100046,100,99992,270,100053,100,99989,100,100076,100,99964,100,100080,100,99953,100,100094,100,99942,100,100112,100,99935,100,100120,100,99891,100,100130,100,99886,200
2019-06-28 09:40:43.971493914,100026,270,100025,100,100043,270,99993,370,100046,100,99992,270,100053,100,99989,100,100076,100,99964,100,100080,100,99953,100,100094,100,99942,100,100112,100,99935,100,100120,100,99891,100,100130,100,99886,200
2019-06-28 09:40:47.477223404,100026,170,100025,100,100043,270,99993,370,100046,100,99992,270,100053,100,99989,100,100076,100,99964,100,100080,100,99953,100,100112,100,99942,100,100120,100,99935,100,100130,100,99891,100,100131,200,99886,200
2019-06-28 09:40:48.925721499,100026,170,99993,370,100043,270,99992,270,100046,100,99989,100,100053,100,99964,100,100076,100,99953,100,100080,100,99942,100,100112,100,99935,100,100120,100,99891,100,100130,100,99886,200,100131,200,99878,100
2019-06-28 09:40:49.291977221,100026,70,99993,370,100043,270,99992,270,100046,100,99989,100,100053,100,99964,100,100076,100,99953,100,100080,100,99942,100,100112,100,99935,100,100120,100,99891,100,100130,100,99886,200,100131,200,99878,100
2019-06-28 09:40:50.000000000,100043,270,99993,370,100046,270,99992,270,100053,100,99989,100,100076,100,99964,100,100080,100,99953,100,100112,100,99942,100,100120,100,99935,100,100130,100,99891,100,100131,200,99886,200,100139,100,99878,100
2019-06-28 09:41:00.000000000,100043,185,99993,285,100046,185,99992,185,100053,185,99989,185,100076,185,99964,185,100080,100,99953,100,100112,100,99942,100,100120,100,99935,100,100130,100,99891,100,100131,200,99886,200,100139,100,99878,100
2019-06-28 09:41:02.495911512,100043,85,99993,285,100046,185,99992,185,100053,185,99989,185,100076,185,99964,185,100112,100,99953,100,100120,100,99942,100,100130,100,99935,100,100131,200,99891,100,100139,100,99886,200,100144,200,99878,100
2019-06-28 09:41:02.680705849,100046,185,100043,15,100053,185,99993,285,100076,185,99992,185,100112,100,99989,185,100120,100,99964,185,100130,100,99953,100,100131,200,99942,100,100139,100,99935,100,100144,200,99891,100,100150,100,99886,200
2019-06-28 09:41:10.000000000,100046,168,100043,83,100053,168,99993,268,100076,168,99992,168,100112,168,99989,168,100120,168,99964,168,100130,100,99953,100,100131,200,99942,100,100139,100,99935,100,100144,200,99891,100,100150,100,99886,200
2019-06-28 09:41:20.000000000,100046,216,100043,131,100053,213,99993,313,100076,213,99992,213,100112,100,99989,100,100120,100,99964,100,100130,100,99953,100,100131,200,99942,100,100139,100,99935,100,100144,200,99891,100,100150,100,99886,200
2019-06-28 09:41:20.446724297,100046,216,100043,131,100053,213,99993,213,100076,213,99992,213,100112,100,99989,100,100120,100,99964,100,100130,100,99953,100,100131,200,99942,100,100139,100,99935,100,100144,200,99891,100,100150,100,99886,200
2019-06-28 09:41:25.952259395,100046,216,100043,116,100053,213,99993,213,100076,213,99992,213,100112,100,99989,100,100120,100,99964,100,100130,100,99953,100,100131,200,99942,100,100139,100,99935,100,100144,200,99891,100,100150,100,99886,200
2019-06-28 09:41:30.000000000,100046,216,99993,216,100053,213,99992,213,100076,213,99989,213,100112,100,99964,100,100120,100,99953,100,100130,100,99942,100,100131,200,99935,100,100139,100,99891,100,100144,200,99886,200,100150,100,99878,100
2019-06-28 09:41:33.227628517,100046,116,99993,216,100053,213,99992,213,100076,213,99989,213,100112,100,99964,100,100120,100,99953,100,100130,100,99942,100,100131,100,99935,100,100139,100,99891,100,100144,200,99886,200,100150,100,99878,100
2019-06-28 09:41:40.000000000,100053,441,99993,441,100076,100,99992,100,100112,100,99989,100,100120,100,99964,100,100130,100,99953,100,100131,100,99942,100,100139,100,99935,100,100144,200,99891,100,100150,100,99886,200,100171,100,99878,100
2019-06-28 09:41:44.359830478,100053,341,99993,441,100076,100,99992,100,100112,100,99989,100,100120,100,99964,100,100130,100,99953,100,100131,100,99942,100,100139,100,99935,100,100144,200,99891,100,100150,100,99886,100,100171,100,99878,100
2019-06-28 09:41:50.000000000,100076,185,99993,185,100112,185,99992,185,100120,185,99989,185,100130,185,99964,185,100131,100,99953,100,100139,100,99942,100,100144,200,99935,100,100150,100,99891,100,100171,100,99886,100,100284,100,99878,100
2019-06-28 09:41:54.130129024,100076,185,100046,100,100112,185,99993,185,100120,185,99992,185,100130,185,99989,185,100131,100,99964,185,100139,100,99953,100,100144,200,99942,100,100150,100,99935,100,100171,100,99891,100,100284,100,99886,100
2019-06-28 09:41:55.330355452,100076,185,100046,100,100112,185,99993,185,100120,185,99992,185,100130,185,99989,185,100131,100,99964,185,100139,100,99953,100,100144,200,99942,100,100150,100,99935,100,100171,100,99891,100,100284,100,99886,100
2019-06-28 09:41:59.544768578,100076,185,100046,100,100112,185,99993,185,100120,185,99992,185,100130,185,99989,185,100131,100,99964,185,100139,100,99953,100,100144,200,99935,100,100150,100,99891,100,100171,100,99886,100,100284,100,99878,100
2019-06-28 09:42:00.000000000,100076,441,100046,441,100112,100,99993,100,100120,100,99992,100,100130,100,99989,100,100131,100,99964,100,100139,100,99953,100,100144,200,99935,100,100150,100,99891,100,100171,100,99886,100,100284,100,99878,100
2019-06-28 09:42:10.000000000,100076,216,100046,216,100112,213,99993,213,100120,213,99992,213,100130,100,99989,100,100131,100,99964,100,100139,100,99953,100,100144,200,99935,100,100150,100,99891,100,100171,100,99886,100,100284,100,99878,100
2019-06-28 09:42:16.911745716,100076,216,100046,316,100112,213,99993,213,100120,213,99992,213,100130,100,99989,100,100131,100,99964,100,100139,100,99953,100,100144,200,99935,100,100150,100,99891,100,100171,100,99886,100,100284,100,99878,100
2019-06-28 09:42:20.000000000,100076,270,100046,370,100112,270,99993,270,100120,100,99992,100,100130,100,99989,100,100131,100,99964,100,100139,100,99953,100,100144,200,99935,100,100150,100,99891,100,100171,100,99886,100,100284,100,99878,100
2019-06-28 09:42:30.000000000,100076,168,100046,268,100112,168,99993,168,100120,168,99992,168,100130,168,99989,168,100131,168,99964,168,100139,100,99953,100,100144,200,99935,100,100150,100,99891,100,100171,100,99886,100,100284,100,99878,100
2019-06-28 09:42:40.000000000,100076,441,100046,541,100112,100,99993,100,100120,100,99992,100,100130,100,99989,100,100131,100,99964,100,100139,100,99953,100,100144,200,99935,100,100150,100,99891,100,100171,100,99886,100,100284,100,99878,100
2019-06-28 09:42:41.946185107,100076,341,100046,541,100112,100,99993,100,100120,100,99992,100,100130,100,99989,100,100131,100,99964,100,100139,100,99953,100,100144,200,99935,100,100150,100,99891,100,100171,100,99886,100,100284,100,99878,100
2019-06-28 09:42:46.391971171,100076,241,100046,541,100112,100,99993,100,100120,100,99992,100,100130,100,99989,100,100131,100,99953,100,100139,100,99935,100,100144,200,99891,100,100150,100,99886,100,100171,100,99878,100,100284,100,99868,100
2019-06-28 09:42:50.000000000,100112,270,100046,370,100120,270,99993,270,100130,100,99992,100,100131,100,99989,100,100139,100,99953,100,100144,200,99935,100,100150,100,99891,100,100171,100,99886,100,100284,100,99878,100,100295,100,99868,100
2019-06-28 09:42:52.603534612,100112,270,100046,370,100120,270,99993,270,100130,100,99992,100,100131,100,99989,100,100139,100,99953,100,100144,200,99935,100,100150,100,99891,100,100171,100,99886,100,100284,100,99878,100,100295,100,99868,100
2019-06-28 09:42:54.218003119,100112,270,100076,100,100120,270,100046,370,100130,100,99993,270,100131,100,99992,100,100139,100,99989,100,100144,200,99953,100,100150,100,99935,100,100171,100,99891,100,100284,100,99886,100,100295,100,99878,100
2019-06-28 09:43:00.000000000,100112,270,100076,270,100120,270,100046,370,100130,100,99993,100,100131,100,99992,100,100139,100,99989,100,100144,200,99953,100,100150,100,99935,100,100171,100,99891,100,100284,100,99886,100,100295,100,99878,100
2019-06-28 09:43:04.268180687,100112,270,100076,270,100120,270,100046,370,100130,100,99993,100,100131,100,99992,100,100139,100,99989,100,100144,200,99953,100,100150,100,99935,100,100171,100,99891,100,100284,100,99886,100,100295,100,99878,100
2019-06-28 09:43:10.000000000,100112,168,100076,168,100120,168,100046,268,100130,168,99993,168,100131,168,99992,168,100139,168,99989,168,100144,200,99953,100,100150,100,99935,100,100171,100,99891,100,100284,100,99886,100,100295,100,99878,100
2019-06-28 09:43:20.000000000,100112,185,100076,185,100120,185,100046,285,100130,185,99993,185,100131,185,99992,185,100139,100,99989,100,100144,200,99953,100,100150,100,99935,100,100171,100,99891,100,100284,100,99886,100,100295,100,99878,100
2019-06-28 09:43:26.210792064,100112,85,100076,185,100120,185,100046,285,100130,185,99993,185,100131,185,99992,185,100139,100,99989,100,100144,200,99953,100,100150,100,99935,100,100284,100,99891,100,100295,100,99886,100,100447,100,99878,100
2019-06-28 09:43:30.000000000,100120,270,100076,270,100130,270,100046,370,100131,100,99993,100,100139,100,99992,100,100144,200,99989,100,100150,100,99953,100,100284,100,99935,100,100295,100,99891,100,100447,100,99886,100,100476,100,99878,100
2019-06-28 09:43:40.000000000,100120,185,100076,185,100130,185,100046,285,100131,185,99993,185,100139,185,99992,185,100144,200,99989,100,100150,100,99953,100,100284,100,99935,100,100295,100,99891,100,100447,100,99886,100,100476,100,99878,100
2019-06-28 09:43:50.000000000,100120,216,100076,216,100130,213,100046,313,100131,213,99993,213,100139,100,99992,100,100144,200,99989,100,100150,100,99953,100,100284,100,99935,100,100295,100,99891,100,100447,100,99886,100,100476,100,99878,100
2019-06-28 09:43:52.022308230,100120,116,100076,216,100130,213,100046,313,100131,213,99993,213,100139,100,99992,100,100144,200,99989,100,100150,100,99953,100,100284,100,99935,100,100295,100,99891,100,100447,100,99886,100,100476,100,99878,100
2019-06-28 09:44:00.000000000,100130,168,100076,168,100131,168,100046,268,100139,168,99993,168,100144,268,99992,168,100150,168,99989,168,100284,100,99953,100,100295,100,99935,100,100447,100,99891,100,100476,100,99886,100,100478,100,99878,100
2019-06-28 09:44:00.618330207,100130,68,100076,168,100131,168,100046,268,100139,168,99993,168,100144,268,99992,168,100150,168,99989,168,100284,100,99953,100,100295,100,99935,100,100447,100,99891,100,100476,100,99886,100,100478,100,99878,100
2019-06-28 09:44:01.797351709,100131,168,100130,32,100139,168,100076,168,100144,268,100046,268,100150,168,99993,168,100284,100,99992,168,100295,100,99989,168,100447,100,99953,100,100476,100,99935,100,100478,100,99891,100,100527,100,99886,100
2019-06-28 09:44:05.068552398,100131,168,100130,132,100139,168,100076,168,100144,268,100046,268,100150,168,99993,168,100284,100,99992,168,100295,100,99989,168,100447,100,99953,100,100476,100,99935,100,100478,100,99891,100,100527,100,99886,100
2019-06-28 09:44:10.000000000,100131,216,100130,248,100139,213,100076,213,100144,313,100046,313,100150,100,99993,100,100284,100,99992,100,100295,100,99989,100,100447,100,99953,100,100476,100,99935,100,100478,100,99891,100,100527,100,99886,100
2019-06-28 09:44:17.475539869,100131,216,100130,348,100139,213,100076,213,100144,313,100046,313,100150,100,99993,100,100284,100,99992,100,100295,100,99989,100,100447,100,99953,100,100476,100,99935,100,100478,100,99891,100,100527,100,99886,100
2019-06-28 09:44:20.000000000,100131,185,100130,317,100139,185,100076,185,100144,285,100046,285,100150,185,99993,185,100284,100,99992,100,100295,100,99989,100,100447,100,99953,100,100476,100,99935,100,100478,100,99891,100,100527,100,99886,100
2019-06-28 09:44:30.000000000,100131,270,100130,402,100139,270,100076,270,100144,200,100046,200,100150,100,99993,100,100284,100,99992,100,100295,100,99989,100,100447,100,99953,100,100476,100,99935,100,100478,100,99891,100,100527,100,99886,100
2019-06-28 09:44:32.974551104,100131,270,100130,402,100139,270,100076,270,100144,200,100046,200,100150,100,99993,100,100284,100,99992,100,100295,100,99989,100,100447,100,99953,100,100476,100,99935,100,100478,100,99891,100,100709,100,99886,100
2019-06-28 09:44:40.000000000,100131,185,100130,317,100139,185,100076,185,100144,285,100046,285,100150,185,99993,185,100284,100,99992,100,100295,100,99989,100,100447,100,99953,100,100476,100,99935,100,100478,100,99891,100,100709,100,99886,100
2019-06-28 09:44:50.000000000,100131,185,100130,317,100139,185,100076,185,100144,285,100046,285,100150,185,99993,185,100284,100,99992,100,100295,100,99989,100,100447,100,99953,100,100476,100,99935,100,100478,100,99891,100,100709,100,99886,100
2019-06-28 09:45:00.000000000,100131,168,100130,300,100139,168,100076,168,100144,268,100046,268,100150,168,99993,168,100284,168,99992,168,100295,100,99989,100,100447,100,99953,100,100476,100,99935,100,100478,100,99891,100,100709,100,99886,100
2019-06-28 09:45:00.174169369,100131,68,100130,300,100139,168,100076,168,100144,268,100046,268,100150,168,99993,168,100284,168,99992,168,100295,100,99989,100,100447,100,99953,100,100476,100,99935,100,100478,100,99891,100,100709,100,99886,100
2019-06-28 09:45:06.099839827,100131,68,100130,300,100139,168,100076,168,100144,268,100046,268,100150,168,99993,168,100284,168,99992,168,100295,100,99989,100,100447,100,99953,100,100476,100,99935,100,100478,100,99891,100,100700,100,99886,100
2019-06-28 09:45:10.000000000,100139,270,100130,402,100144,370,100076,270,100150,100,100046,200,100284,100,99993,100,100295,100,99992,100,100447,100,99989,100,100476,100,99953,100,100478,100,99935,100,100700,100,99891,100,100709,100,99886,100
2019-06-28 09:45:20.000000000,100139,270,100130,402,100144,370,100076,270,100150,100,100046,200,100284,100,99993,100,100295,100,99992,100,100447,100,99989,100,100476,100,99953,100,100478,100,99935,100,100700,100,99891,100,100709,100,99886,100
2019-06-28 09:45:30.000000000,100139,185,100130,317,100144,285,100076,185,100150,185,100046,285,100284,185,99993,185,100295,100,99992,100,100447,100,99989,100,100476,100,99953,100,100478,100,99935,100,100700,100,99891,100,100709,100,99886,100
2019-06-28 09:45:40.000000000,100139,185,100130,317,100144,285,100076,185,100150,185,100046,285,100284,185,99993,185,100295,100,99992,100,100447,100,99989,100,100476,100,99953,100,100478,100,99935,100,100700,100,99891,100,100709,100,99886,100
2019-06-28 09:45:48.341412509,100139,185,100130,317,100144,285,100076,185,100150,185,100046,285,100284,185,99993,185,100287,100,99992,100,100295,100,99989,100,100447,100,99953,100,100476,100,99935,100,100478,100,99891,100,100700,100,99886,100
2019-06-28 09:45:50.000000000,100139,441,100130,573,100144,200,100076,100,100150,100,100046,200,100284,100,99993,100,100287,100,99992,100,100295,100,99989,100,100447,100,99953,100,100476,100,99935,100,100478,100,99891,100,100700,100,99886,100
2019-06-28 09:45:55.821865489,100139,441,100130,573,100144,200,100076,100,100150,100,100046,200,100228,100,99993,100,100284,100,99992,100,100287,100,99989,100,100295,100,99953,100,100447,100,99935,100,100476,100,99891,100,100478,100,99878,100
2019-06-28 09:46:00.000000000,100139,441,100130,573,100144,200,100076,100,100150,100,100046,200,100228,100,99993,100,100284,100,99992,100,100287,100,99989,100,100295,100,99953,100,100447,100,99935,100,100476,100,99891,100,100478,100,99878,100
2019-06-28 09:46:10.000000000,100139,441,100130,573,100144,200,100076,100,100150,100,100046,200,100228,100,99993,100,100284,100,99992,100,100287,100,99989,100,100295,100,99953,100,100447,100,99935,100,100476,100,99891,100,100478,100,99878,100
2019-06-28 09:46:20.000000000,100139,270,100130,402,100144,370,100076,270,100150,100,100046,200,100228,100,99993,100,100284,100,99992,100,100287,100,99989,100,100295,100,99953,100,100447,100,99935,100,100476,100,99891,100,100478,100,99878,100
2019-06-28 09:46:21.736339971,100139,270,100137,100,100144,370,100130,402,100150,100,100076,270,100228,100,100046,200,100284,100,99993,100,100287,100,99992,100,100295,100,99989,100,100447,100,99953,100,100476,100,99935,100,100478,100,99891,100
2019-06-28 09:46:30.000000000,100139,168,100137,168,100144,268,100130,300,100150,168,100076,168,100228,168,100046,268,100284,168,99993,168,100287,100,99992,100,100295,100,99989,100,100447,100,99953,100,100476,100,99935,100,100478,100,99891,100
2019-06-28 09:46:32.244178910,100139,168,100137,168,100144,268,100130,300,100150,168,100076,168,100228,168,100046,268,100284,168,99993,168,100287,100,99992,100,100295,100,99989,100,100447,100,99953,100,100476,100,99935,100,100541,100,99891,100
2019-06-28 09:46:40.000000000,100139,216,100137,216,100144,313,100130,345,100150,213,100076,213,100228,100,100046,200,100284,100,99993,100,100287,100,99992,100,100295,100,99989,100,100447,100,99953,100,100476,100,99935,100,100541,100,99891,100
2019-06-28 09:46:48.031166711,100139,216,100137,216,100144,313,100131,100,100150,213,100130,345,100228,100,100076,213,100284,100,100046,200,100287,100,99993,100,100295,100,99992,100,100447,100,99989,100,100476,100,99953,100,100541,100,99935,100
2019-06-28 09:46:50.000000000,100139,270,100137,270,100144,370,100131,270,100150,100,100130,232,100228,100,100076,100,100284,100,100046,200,100287,100,99993,100,100295,100,99992,100,100447,100,99989,100,100476,100,99953,100,100541,100,99935,100
2019-06-28 09:47:00.000000000,100139,168,100137,168,100144,268,100131,168,100150,168,100130,300,100228,168,100076,168,100284,168,100046,268,100287,100,99993,100,100295,100,99992,100,100447,100,99989,100,100476,100,99953,100,100541,100,99935,100
2019-06-28 09:47:05.053676714,100139,68,100137,168,100144,268,100131,168,100150,168,100130,300,100228,168,100076,168,100284,168,100046,268,100287,100,99993,100,100295,100,99992,100,100447,100,99989,100,100476,100,99953,100,100541,100,99935,100
2019-06-28 09:47:10.000000000,100144,370,100137,270,100150,270,100131,270,100228,100,100130,232,100284,100,100076,100,100287,100,100046,200,100295,100,99993,100,100447,100,99992,100,100476,100,99989,100,100541,100,99953,100,100700,100,99935,100
2019-06-28 09:47:14.460369750,100144,270,100137,270,100150,270,100131,270,100228,100,100130,232,100284,100,100076,100,100287,100,100046,200,100295,100,99993,100,100447,100,99992,100,100476,100,99989,100,100541,100,99953,100,100709,100,99935,100
2019-06-28 09:47:18.612128862,100144,270,100139,100,100150,270,100137,270,100228,100,100131,270,100284,100,100130,132,100287,100,100076,100,100295,100,100046,200,100447,100,99993,100,100476,100,99992,100,100541,100,99989,100,100709,100,99953,100
2019-06-28 09:47:20.000000000,100144,216,100139,216,100150,213,100137,213,100228,213,100131,213,100284,100,100130,132,100287,100,100076,100,100295,100,100046,200,100447,100,99993,100,100476,100,99992,100,100541,100,99989,100,100709,100,99953,100
2019-06-28 09:47:28.839134850,100144,216,100139,216,100150,213,100137,213,100228,213,100131,213,100284,100,100130,132,100287,100,100076,100,100295,100,100046,200,100447,100,99993,100,100476,100,99992,100,100541,100,99989,100,100707,100,99953,100
2019-06-28 09:47:30.000000000,100144,270,100139,270,100150,270,100137,270,100228,100,100131,100,100284,100,100130,132,100287,100,100076,100,100295,100,100046,200,100447,100,99993,100,100476,100,99992,100,100541,100,99989,100,100707,100,99953,100
2019-06-28 09:47:30.488131495,100144,170,100139,270,100150,270,100137,270,100228,100,100131,100,100284,100,100130,132,100287,100,100076,100,100295,100,100046,200,100447,100,99993,100,100476,100,99992,100,100541,100,99989,100,100707,100,99953,100
2019-06-28 09:47:40.000000000,100150,168,100139,168,100228,168,100137,168,100284,168,100131,168,100287,168,100130,200,100295,168,100076,168,100447,100,100046,200,100476,100,99993,100,100541,100,99992,100,100707,100,99989,100,100709,100,99953,100
2019-06-28 09:47:47.777450642,100150,168,100139,168,100228,168,100137,168,100284,168,100131,168,100287,168,100130,200,100295,168,100076,168,100447,100,100046,200,100476,100,99993,100,100541,100,99992,100,100665,100,99989,100,100707,100,99953,100
2019-06-28 09:47:50.000000000,100150,185,100139,185,100228,185,100137,185,100284,185,100131,185,100287,185,100130,217,100295,100,100076,100,100447,100,100046,200,100476,100,99993,100,100541,100,99992,100,100665,100,99989,100,100707,100,99953,100
2019-06-28 09:48:00.000000000,100150,216,100139,216,100228,213,100137,213,100284,213,100131,213,100287,100,100130,132,100295,100,100076,100,100447,100,100046,200,100476,100,99993,100,100541,100,99992,100,100665,100,99989,100,100707,100,99953,100
2019-06-28 09:48:08.829312006,100150,216,100139,216,100228,213,100137,213,100284,213,100131,213,100287,100,100130,132,100295,100,100076,100,100447,100,100046,200,100476,100,99993,100,100541,100,99992,100,100665,100,99989,100,100707,100,99953,100
2019-06-28 09:48:10.000000000,100150,216,100139,216,100228,213,100137,213,100284,213,100131,213,100287,100,100130,132,100295,100,100076,100,100447,100,100046,200,100476,100,99993,100,100541,100,99992,100,100665,100,99989,100,100707,100,99953,100
2019-06-28 09:48:18.954602752,100150,216,100144,100,100228,213,100139,216,100284,213,100137,213,100287,100,100131,213,100295,100,100130,132,100447,100,100076,100,100476,100,100046,200,100541,100,99993,100,100665,100,99992,100,100707,100,99989,100
2019-06-28 09:48:20.000000000,100150,216,100144,216,100228,213,100139,213,100284,213,100137,213,100287,100,100131,100,100295,100,100130,132,100447,100,100076,100,100476,100,100046,200,100541,100,99993,100,100665,100,99992,100,100707,100,99989,100
2019-06-28 09:48:30.000000000,100150,185,100144,185,100228,185,100139,185,100284,185,100137,185,100287,185,100131,185,100295,100,100130,132,100447,100,100076,100,100476,100,100046,200,100541,100,99993,100,100665,100,99992,100,100707,100,99989,100
2019-06-28 09:48:32.081082163,100150,185,100144,185,100228,185,100139,185,100284,185,100137,185,100287,185,100131,185,100295,100,100130,132,100447,100,100076,100,100476,100,100046,200,100541,100,99993,100,100665,100,99992,100,100707,100,99989,100
2019-06-28 09:48:38.023779691,100150,85,100144,185,100228,185,100139,185,100284,185,100137,185,100287,185,100131,185,100295,100,100130,132,100447,100,100076,100,100476,100,100046,200,100541,100,99993,100,100665,100,99992,100,100707,100,99989,100
2019-06-28 09:48:40.000000000,100228,216,100144,216,100284,213,100139,213,100287,213,100137,213,100295,100,100131,100,100447,100,100130,132,100476,100,100076,100,100541,100,100046,200,100665,100,99993,100,100707,100,99992,100,100709,100,99989,100
2019-06-28 09:48:41.955417377,100228,216,100144,216,100284,213,100139,213,100287,213,100137,213,100295,100,100131,100,100447,100,100130,132,100476,100,100076,100,100541,100,100046,200,100665,100,99993,100,100707,100,99989,100,100709,100,99953,100
2019-06-28 09:48:50.000000000,100228,168,100144,168,100284,168,100139,168,100287,168,100137,168,100295,168,100131,168,100447,168,100130,200,100476,100,100076,100,100541,100,100046,200,100665,100,99993,100,100707,100,99989,100,100709,100,99953,100
2019-06-28 09:49:00.000000000,100228,216,100144,216,100284,213,100139,213,100287,213,100137,213,100295,100,100131,100,100447,100,100130,132,100476,100,100076,100,100541,100,100046,200,100665,100,99993,100,100707,100,99989,100,100709,100,99953,100
2019-06-28 09:49:02.002376361,100228,216,100144,216,100260,100,100139,213,100284,213,100137,213,100287,213,100131,100,100295,100,100130,132,100447,100,100076,100,100476,100,100046,200,100541,100,99993,100,100665,100,99989,100,100707,100,99953,100
2019-06-28 09:49:03.333752910,100228,116,100144,216,100260,100,100139,213,100284,213,100137,213,100287,213,100131,100,100295,100,100130,132,100447,100,100076,100,100476,100,100046,200,100541,100,99993,100,100665,100,99989,100,100707,100,99953,100
2019-06-28 09:49:10.000000000,100260,185,100144,185,100284,185,100139,185,100287,185,100137,185,100295,185,100131,185,100447,100,100130,132,100476,100,100076,100,100541,100,100046,200,100665,100,99993,100,100707,100,99989,100,100709,100,99953,100
2019-06-28 09:49:10.610646046,100260,185,100144,185,100284,185,100139,185,100287,185,100137,185,100295,185,100131,185,100442,100,100130,132,100447,100,100076,100,100476,100,100046,200,100541,100,99993,100,100707,100,99989,100,100709,100,99953,100
2019-06-28 09:49:11.590469130,100260,85,100144,185,100284,185,100139,185,100287,185,100137,185,100295,185,100131,185,100442,100,100130,132,100447,100,100076,100,100476,100,100046,200,100541,100,99993,100,100707,100,99989,100,100709,100,99953,100
2019-06-28 09:49:12.604917166,100260,85,100228,100,100284,185,100144,185,100287,185,100139,185,100295,185,100137,185,100442,100,100131,185,100447,100,100130,132,100476,100,100076,100,100541,100,100046,200,100707,100,99993,100,100709,100,99989,100
2019-06-28 09:49:20.000000000,100284,270,100228,270,100287,270,100144,270,100295,100,100139,100,100442,100,100137,100,100447,100,100131,100,100476,100,100130,132,100541,100,100076,100,100707,100,100046,200,100709,100,99993,100,100747,100,99989,100
2019-06-28 09:49:21.596146887,100284,270,100228,270,100287,270,100144,270,100295,100,100139,100,100447,100,100137,100,100476,100,100131,100,100499,100,100130,132,100541,100,100076,100,100707,100,100046,200,100709,100,99993,100,100747,100,99989,100
2019-06-28 09:49:30.000000000,100284,185,100228,185,100287,185,100144,185,100295,185,100139,185,100447,185,100137,185,100476,100,100131,100,100499,100,100130,132,100541,100,100076,100,100707,100,100046,200,100709,100,99993,100,100747,100,99989,100
2019-06-28 09:49:40.000000000,100284,168,100228,168,100287,168,100144,168,100295,168,100139,168,100447,168,100137,168,100476,168,100131,168,100499,100,100130,132,100541,100,100076,100,100707,100,100046,200,100709,100,99993,100,100747,100,99989,100
2019-06-28 09:49:48.428319905,100284,168,100228,68,100287,168,100144,168,100295,168,100139,168,100447,168,100137,168,100476,168,100131,168,100499,100,100130,132,100541,100,100076,100,100707,100,100046,200,100709,100,99993,100,100747,100,99989,100
2019-06-28 09:49:50.000000000,100284,216,100144,216,100287,213,100139,213,100295,213,100137,213,100447,100,100131,100,100476,100,100130,132,100499,100,100076,100,100541,100,100046,200,100707,100,99993,100,100709,100,99989,100,100747,100,99953,100
2019-06-28 09:50:00.000000000,100284,185,100144,185,100287,185,100139,185,100295,185,100137,185,100447,185,100131,185,100476,100,100130,132,100499,100,100076,100,100541,100,100046,200,100707,100,99993,100,100709,100,99989,100,100747,100,99953,100
2019-06-28 09:50:01.084621026,100284,185,100144,85,100287,185,100139,185,100295,185,100137,185,100447,185,100131,185,100476,100,100130,132,100499,100,100076,100,100541,100,100046,200,100707,100,99993,100,100747,100,99989,100,100858,100,99953,100
2019-06-28 09:50:10.000000000,100284,270,100139,270,100287,270,100137,270,100295,100,100131,100,100447,100,100130,132,100476,100,100076,100,100499,100,100046,200,100541,100,99993,100,100707,100,99989,100,100747,100,99953,100,100858,100,99878,100
2019-06-28 09:50:20.000000000,100284,168,100139,168,100287,168,100137,168,100295,168,100131,168,100447,168,100130,200,100476,168,100076,168,100499,100,100046,200,100541,100,99993,100,100707,100,99989,100,100747,100,99953,100,100858,100,99878,100
2019-06-28 09:50:30.000000000,100284,168,100139,168,100287,168,100137,168,100295,168,100131,168,100447,168,100130,200,100476,168,100076,168,100499,100,100046,200,100541,100,99993,100,100707,100,99989,100,100747,100,99953,100,100858,100,99878,100
2019-06-28 09:50:40.000000000,100284,270,100139,270,100287,270,100137,270,100295,100,100131,100,100447,100,100130,132,100476,100,100076,100,100499,100,100046,200,100541,100,99993,100,100707,100,99989,100,100747,100,99953,100,100858,100,99878,100
2019-06-28 09:50:42.028548030,100284,270,100139,270,100287,270,100137,270,100295,100,100131,100,100447,100,100130,132,100476,100,100076,100,100499,100,100046,200,100541,100,99993,100,100707,100,99989,100,100747,100,99953,100,100858,100,99878,100
2019-06-28 09:50:50.000000000,100284,441,100139,441,100287,100,100137,100,100295,100,100131,100,100447,100,100130,132,100476,100,100076,100,100499,100,100046,200,100541,100,99993,100,100707,100,99989,100,100747,100,99953,100,100858,100,99878,100
2019-06-28 09:51:00.000000000,100284,270,100139,270,100287,270,100137,270,100295,100,100131,100,100447,100,100130,132,100476,100,100076,100,100499,100,100046,200,100541,100,99993,100,100707,100,99989,100,100747,100,99953,100,100858,100,99878,100
2019-06-28 09:51:10.000000000,100284,270,100139,270,100287,270,100137,270,100295,100,100131,100,100447,100,100130,132,100476,100,100076,100,100499,100,100046,200,100541,100,99993,100,100707,100,99989,100,100747,100,99953,100,100858,100,99878,100
2019-06-28 09:51:20.000000000,100284,216,100139,216,100287,213,100137,213,100295,213,100131,213,100447,100,100130,132,100476,100,100076,100,100499,100,100046,200,100541,100,99993,100,100707,100,99989,100,100747,100,99953,100,100858,100,99878,100
2019-06-28 09:51:25.393589151,100284,216,100139,216,100287,213,100137,213,100295,213,100131,213,100447,100,100130,132,100476,100,100076,100,100499,100,100046,200,100541,100,99993,100,100707,100,99989,100,100747,100,99953,100,100858,100,99914,100
2019-06-28 09:51:30.000000000,100284,168,100139,168,100287,168,100137,168,100295,168,100131,168,100447,168,100130,200,100476,168,100076,168,100499,100,100046,200,100541,100,99993,100,100707,100,99989,100,100747,100,99953,100,100858,100,99914,100
2019-06-28 09:51:40.000000000,100284,441,100139,441,100287,100,100137,100,100295,100,100131,100,100447,100,100130,132,100476,100,100076,100,100499,100,100046,200,100541,100,99993,100,100707,100,99989,100,100747,100,99953,100,100858,100,99914,100
2019-06-28 09:51:50.000000000,100284,270,100139,270,100287,270,100137,270,100295,100,100131,100,100447,100,100130,132,100476,100,100076,100,100499,100,100046,200,100541,100,99993,100,100707,100,99989,100,100747,100,99953,100,100858,100,99914,100
2019-06-28 09:51:53.384982567,100284,270,100139,170,100287,270,100137,270,100295,100,100131,100,100447,100,100130,132,100476,100,100076,100,100499,100,100046,200,100541,100,99993,100,100707,100,99989,100,100747,100,99953,100,100858,100,99914,100
2019-06-28 09:52:00.000000000,100284,216,100137,216,100287,213,100131,213,100295,213,100130,245,100447,100,100076,100,100476,100,100046,200,100499,100,99993,100,100541,100,99989,100,100707,100,99953,100,100747,100,99914,100,100858,100,99878,100
2019-06-28 09:52:09.083143740,100284,216,100137,216,100287,213,100131,213,100295,213,100130,245,100447,100,100076,100,100476,100,100046,200,100499,100,99993,100,100541,100,99989,100,100707,100,99953,100,100747,100,99914,100,100858,100,99901,100
2019-06-28 09:52:10.000000000,100284,185,100137,185,100287,185,100131,185,100295,185,100130,217,100447,185,100076,185,100476,100,100046,200,100499,100,99993,100,100541,100,99989,100,100707,100,99953,100,100747,100,99914,100,100858,100,99901,100
2019-06-28 09:52:15.024464450,100144,100,100137,185,100284,185,100131,185,100287,185,100130,217,100295,185,100076,185,100447,185,100046,200,100476,100,99993,100,100499,100,99989,100,100541,100,99953,100,100707,100,99914,100,100747,100,99901,100
2019-06-28 09:52:20.000000000,100144,185,100137,185,100284,185,100131,185,100287,185,100130,217,100295,185,100076,185,100447,100,100046,200,100476,100,99993,100,100499,100,99989,100,100541,100,99953,100,100707,100,99914,100,100747,100,99901,100
2019-06-28 09:52:30.000000000,100144,441,100137,441,100284,100,100131,100,100287,100,100130,132,100295,100,100076,100,100447,100,100046,200,100476,100,99993,100,100499,100,99989,100,100541,100,99953,100,100707,100,99914,100,100747,100,99901,100
2019-06-28 09:52:32.750576635,100144,241,100137,441,100284,100,100131,100,100287,100,100130,132,100295,100,100076,100,100447,100,100046,200,100476,100,99993,100,100499,100,99989,100,100541,100,99953,100,100707,100,99914,100,100747,100,99901,100
2019-06-28 09:52:33.328811785,100144,241,100137,441,100254,100,100131,100,100284,100,100130,132,100287,100,100076,100,100295,100,100046,200,100447,100,99993,100,100476,100,99989,100,100499,100,99953,100,100541,100,99914,100,100707,100,99901,100
2019-06-28 09:52:40.000000000,100254,216,100137,216,100284,213,100131,213,100287,213,100130,245,100295,100,100076,100,100447,100,100046,200,100476,100,99993,100,100499,100,99989,100,100541,100,99953,100,100707,100,99914,100,100747,100,99901,100
2019-06-28 09:52:40.932808879,100143,100,100137,216,100254,216,100131,213,100284,213,100130,245,100287,213,100076,100,100295,100,100046,200,100447,100,99993,100,100476,100,99989,100,100499,100,99953,100,100541,100,99914,100,100707,100,99901,100
2019-06-28 09:52:47.621444229,100143,100,100138,100,100254,216,100137,216,100284,213,100131,213,100287,213,100130,245,100295,100,100076,100,100447,100,100046,200,100476,100,99993,100,100499,100,99989,100,100541,100,99953,100,100707,100,99914,100
2019-06-28 09:52:50.000000000,100143,185,100138,185,100254,185,100137,185,100284,185,100131,185,100287,185,100130,217,100295,100,100076,100,100447,100,100046,200,100476,100,99993,100,100499,100,99989,100,100541,100,99953,100,100707,100,99914,100
2019-06-28 09:53:00.000000000,100143,168,100138,168,100254,168,100137,168,100284,168,100131,168,100287,168,100130,200,100295,168,100076,168,100447,100,100046,200,100476,100,99993,100,100499,100,99989,100,100541,100,99953,100,100707,100,99914,100
2019-06-28 09:53:10.000000000,100143,216,100138,216,100254,213,100137,213,100284,213,100131,213,100287,100,100130,132,100295,100,100076,100,100447,100,100046,200,100476,100,99993,100,100499,100,99989,100,100541,100,99953,100,100707,100,99914,100
2019-06-28 09:53:15.142335259,100143,216,100138,216,100200,100,100137,213,100254,213,100131,213,100284,213,100130,132,100287,100,100076,100,100295,100,100046,200,100447,100,99993,100,100476,100,99989,100,100499,100,99953,100,100541,100,99914,100
2019-06-28 09:53:20.000000000,100143,185,100138,185,100200,185,100137,185,100254,185,100131,185,100284,185,100130,217,100287,100,100076,100,100295,100,100046,200,100447,100,99993,100,100476,100,99989,100,100499,100,99953,100,100541,100,99914,100
2019-06-28 09:53:30.000000000,100143,441,100138,441,100200,100,100137,100,100254,100,100131,100,100284,100,100130,132,100287,100,100076,100,100295,100,100046,200,100447,100,99993,100,100476,100,99989,100,100499,100,99953,100,100541,100,99914,100
2019-06-28 09:53:40.000000000,100143,185,100138,185,100200,185,100137,185,100254,185,100131,185,100284,185,100130,217,100287,100,100076,100,100295,100,100046,200,100447,100,99993,100,100476,100,99989,100,100499,100,99953,100,100541,100,99914,100
2019-06-28 09:53:47.631367373,100143,185,100138,85,100200,185,100137,185,100254,185,100131,185,100284,185,100130,217,100295,100,100076,100,100447,100,100046,200,100476,100,99993,100,100499,100,99989,100,100541,100,99953,100,100707,100,99914,100
2019-06-28 09:53:50.000000000,100143,441,100137,441,100200,100,100131,100,100254,100,100130,132,100284,100,100076,100,100295,100,100046,200,100447,100,99993,100,100476,100,99989,100,100499,100,99953,100,100541,100,99914,100,100707,100,99901,100
2019-06-28 09:53:59.794140010,100143,441,100137,341,100200,100,100131,100,100254,100,100130,132,100284,100,100076,100,100295,100,100046,200,100447,100,99993,100,100476,100,99953,100,100499,100,99914,100,100541,100,99901,100,100707,100,99878,100
2019-06-28 09:54:00.000000000,100143,168,100131,168,100200,168,100130,200,100254,168,100076,168,100284,168,100046,268,100295,168,99993,168,100447,100,99953,100,100476,100,99914,100,100499,100,99901,100,100541,100,99878,100,100707,100,99859,100
2019-06-28 09:54:07.824427542,100143,168,100131,168,100200,168,100130,200,100254,168,100076,168,100284,168,100046,268,100295,168,99993,168,100447,100,99953,100,100476,100,99920,100,100499,100,99914,100,100541,100,99901,100,100707,100,99878,100
2019-06-28 09:54:10.000000000,100143,185,100131,185,100200,185,100130,217,100254,185,100076,185,100284,185,100046,285,100295,100,99993,100,100447,100,99953,100,100476,100,99920,100,100499,100,99914,100,100541,100,99901,100,100707,100,99878,100
2019-06-28 09:54:12.152513855,100143,185,100131,185,100200,185,100130,217,100254,185,100076,185,100284,185,100046,285,100295,100,99993,100,100447,100,99953,100,100476,100,99920,100,100499,100,99914,100,100541,100,99901,100,100707,100,99878,100
2019-06-28 09:54:18.604286855,100138,100,100131,185,100143,185,100130,217,100200,185,100076,185,100254,185,100046,285,100284,185,99993,100,100295,100,99953,100,100447,100,99920,100,100476,100,99914,100,100499,100,99901,100,100541,100,99878,100
2019-06-28 09:54:20.000000000,100138,441,100131,441,100143,100,100130,132,100200,100,100076,100,100254,100,100046,200,100284,100,99993,100,100295,100,99953,100,100447,100,99920,100,100476,100,99914,100,100499,100,99901,100,100541,100,99878,100
2019-06-28 09:54:22.283196845,100138,441,100131,441,100143,100,100130,132,100200,100,100076,100,100254,100,100046,200,100284,100,99993,100,100295,100,99953,100,100447,100,99920,100,100476,100,99914,100,100499,100,99901,100,100541,100,99878,100
2019-06-28 09:54:26.355207427,100138,441,100131,341,100143,100,100130,132,100200,100,100076,100,100254,100,100046,200,100284,100,99993,100,100295,100,99953,100,100447,100,99920,100,100476,100,99914,100,100499,100,99901,100,100541,100,99878,100
2019-06-28 09:54:28.111894513,100138,441,100131,241,100143,100,100130,132,100200,100,100076,100,100254,100,100046,200,100284,100,99993,100,100295,100,99953,100,100447,100,99920,100,100476,100,99914,100,100499,100,99901,100,100541,100,99878,100
2019-06-28 09:54:30.000000000,100138,270,100130,302,100143,270,100076,270,100200,100,100046,200,100254,100,99993,100,100284,100,99953,100,100295,100,99920,100,100447,100,99914,100,100476,100,99901,100,100499,100,99878,100,100541,100,99859,100
2019-06-28 09:54:31.746480643,100138,270,100130,302,100143,270,100076,270,100200,100,100046,200,100254,100,99953,100,100284,100,99920,100,100295,100,99914,100,100447,100,99901,100,100476,100,99878,100,100499,100,99859,100,100541,100,99814,100
2019-06-28 09:54:36.599868272,100138,270,100130,302,100143,270,100076,270,100200,100,100046,200,100254,100,99920,100,100284,100,99914,100,100295,100,99901,100,100447,100,99878,100,100476,100,99859,100,100499,100,99814,100,100541,100,99795,100
2019-06-28 09:54:40.000000000,100138,168,100130,200,100143,168,100076,168,100200,168,100046,268,100254,168,99920,168,100284,168,99914,168,100295,100,99901,100,100447,100,99878,100,100476,100,99859,100,100499,100,99814,100,100541,100,99795,100
2019-06-28 09:54:49.724436296,100138,168,100130,100,100143,168,100076,168,100200,168,100046,268,100254,168,99920,168,100284,168,99914,168,100295,100,99901,100,100447,100,99878,100,100476,100,99859,100,100499,100,99814,100,100541,100,99795,100
2019-06-28 09:54:50.000000000,100138,168,100130,100,100143,168,100076,168,100200,168,100046,268,100254,168,99920,168,100284,168,99914,168,100295,100,99901,100,100447,100,99878,100,100476,100,99859,100,100499,100,99814,100,100541,100,99795,100
2019-06-28 09:54:50.807484641,100131,100,100130,100,100138,168,100076,168,100143,168,100046,268,100200,168,99920,168,100254,168,99914,168,100284,168,99901,100,100295,100,99859,100,100447,100,99814,100,100476,100,99795,100,100499,100,99766,100
2019-06-28 09:54:57.812685437,100131,100,100076,168,100138,168,100046,268,100143,168,99920,168,100200,168,99914,168,100254,168,99901,100,100284,168,99859,100,100295,100,99814,100,100447,100,99795,100,100476,100,99766,100,100499,100,99757,100
2019-06-28 09:55:00.000000000,100131,270,100076,270,100138,270,100046,370,100143,100,99920,100,100200,100,99914,100,100254,100,99901,100,100284,100,99859,100,100295,100,99814,100,100447,100,99795,100,100476,100,99766,100,100499,100,99757,100
2019-06-28 09:55:01.992229351,100131,270,100076,270,100138,270,100046,370,100143,100,99920,100,100200,100,99914,100,100254,100,99901,100,100284,100,99859,100,100295,100,99814,100,100447,100,99795,100,100476,100,99766,100,100499,100,99757,100
2019-06-28 09:55:05.404658729,100130,100,100076,270,100131,270,100046,370,100138,270,99920,100,100143,100,99914,100,100200,100,99901,100,100254,100,99859,100,100284,100,99814,100,100295,100,99795,100,100447,100,99766,100,100476,100,99757,100
2019-06-28 09:55:09.476983687,100130,100,100076,270,100131,270,100046,370,100138,270,99920,100,100143,100,99914,100,100200,100,99901,100,100254,100,99859,100,100284,100,99820,100,100295,100,99814,100,100447,100,99795,100,100476,100,99766,100
2019-06-28 09:55:10.000000000,100130,216,100076,216,100131,213,100046,313,100138,213,99920,213,100143,100,99914,100,100200,100,99901,100,100254,100,99859,100,100284,100,99820,100,100295,100,99814,100,100447,100,99795,100,100476,100,99766,100
2019-06-28 09:55:20.000000000,100130,185,100076,185,100131,185,100046,285,100138,185,99920,185,100143,185,99914,185,100200,100,99901,100,100254,100,99859,100,100284,100,99820,100,100295,100,99814,100,100447,100,99795,100,100476,100,99766,100
2019-06-28 09:55:30.000000000,100130,168,100076,168,100131,168,100046,268,100138,168,99920,168,100143,168,99914,168,100200,168,99901,168,100254,100,99859,100,100284,100,99820,100,100295,100,99814,100,100447,100,99795,100,100476,100,99766,100
2019-06-28 09:55:40.000000000,100130,270,100076,270,100131,270,100046,370,100138,100,99920,100,100143,100,99914,100,100200,100,99901,100,100254,100,99859,100,100284,100,99820,100,100295,100,99814,100,100447,100,99795,100,100476,100,99766,100
2019-06-28 09:55:50.000000000,100130,168,100076,168,100131,168,100046,268,100138,168,99920,168,100143,168,99914,168,100200,168,99901,168,100254,100,99859,100,100284,100,99820,100,100295,100,99814,100,100447,100,99795,100,100476,100,99766,100
2019-06-28 09:55:58.954436725,100130,168,100076,68,100131,168,100046,268,100138,168,99920,168,100143,168,99914,168,100200,168,99901,168,100254,100,99859,100,100284,100,99820,100,100295,100,99814,100,100447,100,99795,100,100476,100,99766,100
2019-06-28 09:56:00.000000000,100130,441,100046,541,100131,100,99920,100,100138,100,99914,100,100143,100,99901,100,100200,100,99859,100,100254,100,99820,100,100284,100,99814,100,100295,100,99795,100,100447,100,99766,100,100476,100,99757,100
2019-06-28 09:56:07.973098982,100130,441,100046,441,100131,100,99920,100,100138,100,99914,100,100143,100,99901,100,100200,100,99859,100,100254,100,99820,100,100284,100,99814,100,100295,100,99795,100,100447,100,99766,100,100476,100,99757,100
2019-06-28 09:56:10.000000000,100130,441,100046,441,100131,100,99920,100,100138,100,99914,100,100143,100,99901,100,100200,100,99859,100,100254,100,99820,100,100284,100,99814,100,100295,100,99795,100,100447,100,99766,100,100476,100,99757,100
2019-06-28 09:56:20.000000000,100130,441,100046,441,100131,100,99920,100,100138,100,99914,100,100143,100,99901,100,100200,100,99859,100,100254,100,99820,100,100284,100,99814,100,100295,100,99795,100,100447,100,99766,100,100476,100,99757,100
2019-06-28 09:56:24.123405014,100130,441,100046,341,100131,100,99920,100,100138,100,99914,100,100143,100,99901,100,100200,100,99859,100,100254,100,99820,100,100284,100,99814,100,100295,100,99795,100,100447,100,99766,100,100476,100,99757,100
2019-06-28 09:56:30.000000000,100130,441,99920,441,100131,100,99914,100,100138,100,99901,100,100143,100,99859,100,100200,100,99820,100,100254,100,99814,100,100284,100,99795,100,100295,100,99766,100,100447,100,99757,100,100476,100,99753,100
2019-06-28 09:56:40.000000000,100130,185,99920,185,100131,185,99914,185,100138,185,99901,185,100143,185,99859,185,100200,100,99820,100,100254,100,99814,100,100284,100,99795,100,100295,100,99766,100,100447,100,99757,100,100476,100,99753,100
2019-06-28 09:56:50.000000000,100130,216,99920,216,100131,213,99914,213,100138,213,99901,213,100143,100,99859,100,100200,100,99820,100,100254,100,99814,100,100284,100,99795,100,100295,100,99766,100,100447,100,99757,100,100476,100,99753,100
2019-06-28 09:57:00.000000000,100130,441,99920,441,100131,100,99914,100,100138,100,99901,100,100143,100,99859,100,100200,100,99820,100,100254,100,99814,100,100284,100,99795,100,100295,100,99766,100,100447,100,99757,100,100476,100,99753,100
2019-06-28 09:57:01.807168289,100076,100,99920,441,100130,441,99914,100,100131,100,99901,100,100138,100,99859,100,100143,100,99820,100,100200,100,99814,100,100254,100,99795,100,100284,100,99766,100,100295,100,99757,100,100447,100,99753,100
2019-06-28 09:57:02.285309069,100076,100,99920,441,100130,441,99914,100,100131,100,99901,100,100138,100,99859,100,100143,100,99820,100,100200,100,99814,100,100254,100,99795,100,100295,100,99766,100,100447,100,99757,100,100476,100,99753,100
2019-06-28 09:57:07.690021610,100076,200,99920,441,100130,441,99914,100,100131,100,99901,100,100138,100,99859,100,100143,100,99820,100,100200,100,99814,100,100254,100,99795,100,100295,100,99766,100,100447,100,99757,100,100476,100,99753,100
2019-06-28 09:57:10.000000000,100076,285,99920,185,100130,185,99914,185,100131,185,99901,185,100138,185,99859,185,100143,100,99820,100,100200,100,99814,100,100254,100,99795,100,100295,100,99766,100,100447,100,99757,100,100476,100,99753,100
2019-06-28 09:57:11.758639990,100076,285,99920,85,100130,185,99914,185,100131,185,99901,185,100138,185,99859,185,100143,100,99820,100,100200,100,99814,100,100254,100,99795,100,100295,100,99766,100,100447,100,99757,100,100476,100,99753,100
2019-06-28 09:57:20.000000000,100076,370,99914,270,100130,270,99901,270,100131,100,99859,100,100138,100,99820,100,100143,100,99814,100,100200,100,99795,100,100254,100,99766,100,100295,100,99757,100,100447,100,99753,100,100476,100,99595,100
2019-06-28 09:57:30.000000000,100076,285,99914,185,100130,185,99901,185,100131,185,99859,185,100138,185,99820,185,100143,100,99814,100,100200,100,99795,100,100254,100,99766,100,100295,100,99757,100,100447,100,99753,100,100476,100,99595,100
2019-06-28 09:57:40.000000000,100076,285,99914,185,100130,185,99901,185,100131,185,99859,185,100138,185,99820,185,100143,100,99814,100,100200,100,99795,100,100254,100,99766,100,100295,100,99757,100,100447,100,99753,100,100476,100,99595,100
2019-06-28 09:57:46.693362645,100046,100,99914,185,100076,285,99901,185,100130,185,99859,185,100131,185,99820,185,100138,185,99814,100,100143,100,99795,100,100200,100,99766,100,100254,100,99757,100,100295,100,99753,100,100447,100,99595,100
2019-06-28 09:57:50.000000000,100046,270,99914,270,100076,370,99901,270,100130,100,99859,100,100131,100,99820,100,100138,100,99814,100,100143,100,99795,100,100200,100,99766,100,100254,100,99757,100,100295,100,99753,100,100447,100,99595,100
2019-06-28 09:57:59.892156977,100046,370,99914,270,100076,370,99901,270,100130,100,99859,100,100131,100,99820,100,100138,100,99814,100,100143,100,99795,100,100200,100,99766,100,100254,100,99757,100,100295,100,99753,100,100447,100,99595,100
2019-06-28 09:58:00.000000000,100046,285,99914,185,100076,285,99901,185,100130,185,99859,185,100131,185,99820,185,100138,100,99814,100,100143,100,99795,100,100200,100,99766,100,100254,100,99757,100,100295,100,99753,100,100447,100,99595,100
2019-06-28 09:58:09.768392592,99939,100,99914,185,100046,285,99901,185,100076,285,99859,85,100130,185,99820,185,100131,185,99814,100,100138,100,99795,100,100143,100,99766,100,100200,100,99757,100,100254,100,99753,100,100295,100,99595,100
2019-06-28 09:58:10.000000000,99939,270,99914,270,100046,370,99901,270,100076,200,99820,100,100130,100,99814,100,100131,100,99795,100,100138,100,99766,100,100143,100,99757,100,100200,100,99753,100,100254,100,99595,100,100295,100,99551,100
2019-06-28 09:58:16.769263350,99939,270,99914,270,99941,100,99901,270,100046,370,99820,100,100076,200,99814,100,100130,100,99795,100,100131,100,99766,100,100138,100,99757,100,100143,100,99753,100,100200,100,99595,100,100254,100,99551,100
2019-06-28 09:58:20.000000000,99939,185,99914,185,99941,185,99901,185,100046,285,99820,185,100076,285,99814,185,100130,100,99795,100,100131,100,99766,100,100138,100,99757,100,100143,100,99753,100,100200,100,99595,100,100254,100,99551,100
2019-06-28 09:58:30.000000000,99939,216,99914,216,99941,213,99901,213,100046,313,99820,213,100076,200,99814,100,100130,100,99795,100,100131,100,99766,100,100138,100,99757,100,100143,100,99753,100,100200,100,99595,100,100254,100,99551,100
2019-06-28 09:58:32.194486979,99939,216,99914,216,99941,213,99901,213,100046,413,99820,213,100076,200,99814,100,100130,100,99795,100,100131,100,99766,100,100138,100,99757,100,100143,100,99753,100,100200,100,99595,100,100254,100,99551,100
2019-06-28 09:58:40.000000000,99939,441,99914,441,99941,100,99901,100,100046,300,99820,100,100076,200,99814,100,100130,100,99795,100,100131,100,99766,100,100138,100,99757,100,100143,100,99753,100,100200,100,99595,100,100254,100,99551,100
2019-06-28 09:58:40.016231806,99939,441,99914,441,99941,100,99901,100,100046,300,99820,100,100053,100,99814,100,100076,200,99795,100,100130,100,99766,100,100131,100,99757,100,100138,100,99753,100,100143,100,99595,100,100200,100,99551,100
2019-06-28 09:58:50.000000000,99939,216,99914,216,99941,213,99901,213,100046,413,99820,213,100053,100,99814,100,100076,200,99795,100,100130,100,99766,100,100131,100,99757,100,100138,100,99753,100,100143,100,99595,100,100200,100,99551,100
2019-06-28 09:58:55.968555614,99932,100,99914,216,99939,216,99901,213,99941,213,99820,213,100046,413,99814,100,100053,100,99795,100,100076,200,99766,100,100130,100,99757,100,100131,100,99753,100,100138,100,99595,100,100143,100,99551,100
2019-06-28 09:59:00.000000000,99932,216,99914,216,99939,213,99901,213,99941,213,99820,213,100046,300,99814,100,100053,100,99795,100,100076,200,99766,100,100130,100,99757,100,100131,100,99753,100,100138,100,99595,100,100143,100,99551,100
2019-06-28 09:59:10.000000000,99932,185,99914,185,99939,185,99901,185,99941,185,99820,185,100046,385,99814,185,100053,100,99795,100,100076,200,99766,100,100130,100,99757,100,100131,100,99753,100,100138,100,99595,100,100143,100,99551,100
2019-06-28 09:59:20.000000000,99932,216,99914,216,99939,213,99901,213,99941,213,99820,213,100046,300,99814,100,100053,100,99795,100,100076,200,99766,100,100130,100,99757,100,100131,100,99753,100,100138,100,99595,100,100143,100,99551,100
2019-06-28 09:59:30.000000000,99932,185,99914,185,99939,185,99901,185,99941,185,99820,185,100046,385,99814,185,100053,100,99795,100,100076,200,99766,100,100130,100,99757,100,100131,100,99753,100,100138,100,99595,100,100143,100,99551,100
2019-06-28 09:59:36.338841518,99932,185,99914,185,99939,185,99901,185,99941,185,99820,185,100046,385,99814,185,100053,100,99795,100,100076,200,99766,100,100130,100,99757,100,100131,100,99753,100,100138,100,99684,100,100143,100,99595,100
2019-06-28 09:59:40.000000000,99932,441,99914,441,99939,100,99901,100,99941,100,99820,100,100046,300,99814,100,100053,100,99795,100,100076,200,99766,100,100130,100,99757,100,100131,100,99753,100,100138,100,99684,100,100143,100,99595,100
2019-06-28 09:59:41.392499205,99932,441,99914,441,99939,100,99901,100,99941,100,99820,100,100043,100,99814,100,100046,300,99795,100,100053,100,99766,100,100076,200,99757,100,100130,100,99753,100,100131,100,99684,100,100138,100,99595,100
2019-06-28 09:59:50.000000000,99932,168,99914,168,99939,168,99901,168,99941,168,99820,168,100043,168,99814,168,100046,368,99795,168,100053,100,99766,100,100076,200,99757,100,100130,100,99753,100,100131,100,99684,100,100138,100,99595,100
2019-06-28 09:59:51.549080392,99932,168,99914,168,99939,168,99901,168,99941,168,99844,100,100043,68,99820,168,100046,368,99814,168,100053,100,99795,168,100076,200,99766,100,100130,100,99757,100,100131,100,99753,100,100138,100,99684,100
2019-06-28 09:59:58.265013180,99932,168,99914,168,99939,168,99901,168,99941,168,99844,100,100043,68,99820,168,100046,468,99814,168,100053,100,99795,168,100076,200,99766,100,100130,100,99757,100,100131,100,99753,100,100138,100,99684,100
2019-06-28 10:00:00.000000000,99932,168,99914,168,99939,168,99901,168,99941,168,99844,168,100046,468,99820,168,100053,168,99814,168,100076,200,99795,100,100130,100,99766,100,100131,100,99757,100,100138,100,99753,100,100143,100,99684,100
2019-06-28 10:00:03.218519613,99932,168,99914,168,99939,168,99901,168,99941,168,99844,168,100046,468,99820,168,100053,168,99814,168,100076,200,99795,100,100130,100,99766,100,100131,100,99757,100,100138,100,99753,100,100143,100,99693,100
2019-06-28 10:00:10.000000000,99932,216,99914,216,99939,213,99901,213,99941,213,99844,213,100046,400,99820,100,100053,100,99814,100,100076,200,99795,100,100130,100,99766,100,100131,100,99757,100,100138,100,99753,100,100143,100,99693,100
2019-06-28 10:00:11.752616426,99932,216,99914,216,99939,213,99901,213,99941,213,99844,213,100046,500,99820,100,100053,100,99814,100,100076,200,99795,100,100130,100,99766,100,100131,100,99757,100,100138,100,99753,100,100143,100,99693,100
2019-06-28 10:00:12.231762244,99932,216,99914,216,99939,213,99901,213,99941,213,99844,213,99991,100,99820,100,100046,500,99814,100,100053,100,99795,100,100076,200,99766,100,100130,100,99757,100,100131,100,99753,100,100138,100,99693,100
2019-06-28 10:00:20.000000000,99932,216,99914,216,99939,213,99901,213,99941,213,99844,213,99991,100,99820,100,100046,500,99814,100,100053,100,99795,100,100076,200,99766,100,100130,100,99757,100,100131,100,99753,100,100138,100,99693,100
2019-06-28 10:00:30.000000000,99932,270,99914,270,99939,270,99901,270,99941,100,99844,100,99991,100,99820,100,100046,500,99814,100,100053,100,99795,100,100076,200,99766,100,100130,100,99757,100,100131,100,99753,100,100138,100,99693,100
2019-06-28 10:00:40.000000000,99932,441,99914,441,99939,100,99901,100,99941,100,99844,100,99991,100,99820,100,100046,500,99814,100,100053,100,99795,100,100076,200,99766,100,100130,100,99757,100,100131,100,99753,100,100138,100,99693,100
2019-06-28 10:00:48.126874076,99932,441,99914,441,99939,100,99901,100,99941,100,99844,100,99991,100,99820,100,100012,100,99814,100,100046,500,99766,100,100053,100,99757,100,100076,200,99753,100,100130,100,99693,100,100131,100,99684,100
2019-06-28 10:00:50.000000000,99932,185,99914,185,99939,185,99901,185,99941,185,99844,185,99991,185,99820,185,100012,100,99814,100,100046,500,99766,100,100053,100,99757,100,100076,200,99753,100,100130,100,99693,100,100131,100,99684,100
2019-06-28 10:00:50.590940862,99932,85,99914,185,99939,185,99901,185,99941,185,99844,185,99991,185,99820,185,100012,100,99814,100,100046,500,99766,100,100053,100,99757,100,100076,200,99753,100,100130,100,99693,100,100131,100,99684,100
2019-06-28 10:01:00.000000000,99939,168,99914,168,99941,168,99901,168,99991,168,99844,168,100012,168,99820,168,100046,568,99814,168,100053,100,99766,100,100076,200,99757,100,100130,100,99753,100,100131,100,99693,100,100138,100,99684,100
2019-06-28 10:01:04.112936476,99939,168,99914,68,99941,168,99901,168,99991,168,99844,168,100012,168,99820,168,100046,568,99814,168,100053,100,99766,100,100076,200,99757,100,100100,100,99753,100,100130,100,99693,100,100131,100,99684,100
2019-06-28 10:01:10.000000000,99939,216,99901,216,99941,213,99844,213,99991,213,99820,213,100012,100,99814,100,100046,500,99766,100,100053,100,99757,100,100076,200,99753,100,100100,100,99693,100,100130,100,99684,100,100131,100,99595,100
2019-06-28 10:01:20.000000000,99939,185,99901,185,99941,185,99844,185,99991,185,99820,185,100012,185,99814,185,100046,500,99766,100,100053,100,99757,100,100076,200,99753,100,100100,100,99693,100,100130,100,99684,100,100131,100,99595,100
2019-06-28 10:01:20.384152849,99939,185,99901,185,99941,185,99844,185,99991,185,99820,185,100012,185,99814,185,100046,400,99766,100,100053,100,99757,100,100076,200,99753,100,100100,100,99693,100,100130,100,99684,100,100131,100,99595,100
2019-06-28 10:01:23.151759746,99939,185,99921,100,99941,185,99901,185,99991,185,99844,185,100012,185,99820,185,100046,400,99814,185,100053,100,99766,100,100076,100,99757,100,100100,100,99753,100,100130,100,99693,100,100131,100,99684,100
2019-06-28 10:01:24.744004576,99939,85,99921,100,99941,185,99901,185,99991,185,99844,185,100012,185,99820,185,100046,400,99814,185,100053,100,99766,100,100076,100,99757,100,100100,100,99753,100,100130,100,99693,100,100131,100,99684,100
2019-06-28 10:01:27.498404559,99939,85,99921,100,99941,185,99901,185,99991,185,99844,185,100012,185,99820,185,100046,300,99814,185,100053,100,99766,100,100076,100,99757,100,100100,100,99753,100,100130,100,99693,100,100131,100,99684,100
2019-06-28 10:01:30.000000000,99941,168,99921,168,99991,168,99901,168,100012,168,99844,168,100046,368,99820,168,100053,168,99814,168,100076,100,99766,100,100100,100,99757,100,100130,100,99753,100,100131,100,99693,100,100138,100,99684,100
2019-06-28 10:01:40.000000000,99941,216,99921,216,99991,213,99901,213,100012,213,99844,213,100046,300,99820,100,100053,100,99814,100,100076,100,99766,100,100100,100,99757,100,100130,100,99753,100,100131,100,99693,100,100138,100,99684,100
2019-06-28 10:01:44.851367426,99941,216,99921,216,99991,213,99901,213,100012,213,99844,213,100046,300,99820,100,100053,100,99814,100,100076,100,99766,100,100100,100,99757,100,100130,100,99753,100,100131,100,99693,100,100138,100,99684,100
2019-06-28 10:01:50.000000000,99941,216,99921,216,99991,213,99901,213,100012,213,99844,213,100046,300,99820,100,100053,100,99814,100,100076,100,99766,100,100100,100,99757,100,100130,100,99753,100,100131,100,99693,100,100138,100,99684,100
2019-06-28 10:02:00.000000000,99941,216,99921,216,99991,213,99901,213,100012,213,99844,213,100046,300,99820,100,100053,100,99814,100,100076,100,99766,100,100100,100,99757,100,100130,100,99753,100,100131,100,99693,100,100138,100,99684,100
2019-06-28 10:02:10.000000000,99941,216,99921,216,99991,213,99901,213,100012,213,99844,213,100046,300,99820,100,100053,100,99814,100,100076,100,99766,100,100100,100,99757,100,100130,100,99753,100,100131,100,99693,100,100138,100,99684,100
2019-06-28 10:02:10.699061666,99941,116,99921,216,99991,213,99901,213,100012,213,99844,213,100046,300,99820,100,100053,100,99814,100,100076,100,99766,100,100100,100,99757,100,100130,100,99753,100,100131,100,99693,100,100138,100,99684,100
2019-06-28 10:02:20.000000000,99991,216,99921,216,100012,213,99901,213,100046,413,99844,213,100053,100,99820,100,100076,100,99814,100,100100,100,99766,100,100130,100,99757,100,100131,100,99753,100,100138,100,99693,100,100143,100,99684,100
2019-06-28 10:02:22.149598439,99991,216,99921,216,100012,213,99901,213,100046,413,99844,213,100053,100,99820,100,100076,100,99814,100,100100,100,99766,100,100130,100,99757,100,100131,100,99753,100,100138,100,99693,100,100143,100,99684,100
2019-06-28 10:02:30.000000000,99991,185,99921,185,100012,185,99901,185,100046,385,99844,185,100053,185,99820,185,100076,100,99814,100,100100,100,99766,100,100130,100,99757,100,100131,100,99753,100,100138,100,99693,100,100143,100,99684,100
2019-06-28 10:02:37.597255037,99991,185,99921,185,100012,185,99901,185,100046,385,99844,185,100053,185,99820,185,100076,100,99814,100,100100,100,99766,100,100130,100,99757,100,100131,100,99753,100,100138,100,99693,100,100143,100,99684,100
2019-06-28 10:02:40.000000000,99991,168,99921,168,100012,168,99901,168,100046,368,99844,168,100053,168,99820,168,100076,168,99814,168,100100,100,99766,100,100130,100,99757,100,100131,100,99753,100,100138,100,99693,100,100143,100,99684,100
2019-06-28 10:02:41.595851739,99991,68,99921,168,100012,168,99901,168,100046,368,99844,168,100053,168,99820,168,100076,168,99814,168,100100,100,99766,100,100130,100,99757,100,100131,100,99753,100,100138,100,99693,100,100143,100,99684,100
2019-06-28 10:02:50.000000000,100012,185,99921,185,100046,385,99901,185,100053,185,99844,185,100076,185,99820,185,100100,100,99814,100,100130,100,99766,100,100131,100,99757,100,100138,100,99753,100,100143,100,99693,100,100200,100,99684,100
2019-06-28 10:02:51.695358026,100012,185,99921,185,100046,385,99901,185,100053,185,99844,185,100076,185,99820,185,100100,100,99814,100,100130,100,99766,100,100131,100,99757,100,100138,100,99753,100,100143,100,99693,100,100200,100,99595,100
2019-06-28 10:03:00.000000000,100012,270,99921,270,100046,470,99901,270,100053,100,99844,100,100076,100,99820,100,100100,100,99814,100,100130,100,99766,100,100131,100,99757,100,100138,100,99753,100,100143,100,99693,100,100200,100,99595,100
2019-06-28 10:03:10.000000000,100012,185,99921,185,100046,385,99901,185,100053,185,99844,185,100076,185,99820,185,100100,100,99814,100,100130,100,99766,100,100131,100,99757,100,100138,100,99753,100,100143,100,99693,100,100200,100,99595,100
2019-06-28 10:03:18.230353762,100012,85,99921,185,100046,385,99901,185,100053,185,99844,185,100076,185,99820,185,100100,100,99814,100,100130,100,99766,100,100131,100,99757,100,100138,100,99693,100,100143,100,99595,100,100200,100,99551,100
2019-06-28 10:03:18.933132353,100046,385,100012,15,100053,185,99921,185,100076,185,99901,185,100100,100,99844,185,100130,100,99820,185,100131,100,99814,100,100138,100,99766,100,100143,100,99757,100,100200,100,99693,100,100228,100,99595,100
2019-06-28 10:03:20.000000000,100046,368,100012,83,100053,168,99921,168,100076,168,99901,168,100100,168,99844,168,100130,168,99820,168,100131,100,99814,100,100138,100,99766,100,100143,100,99757,100,100200,100,99693,100,100228,100,99595,100
2019-06-28 10:03:24.336205733,100046,368,100012,83,100053,68,99921,168,100076,168,99901,168,100100,168,99844,168,100130,168,99820,168,100131,100,99814,100,100138,100,99766,100,100143,100,99757,100,100200,100,99693,100,100228,100,99595,100
2019-06-28 10:03:27.298172221,100046,268,100012,83,100053,68,99921,168,100076,168,99901,168,100100,168,99844,168,100130,168,99820,168,100131,100,99814,100,100138,100,99766,100,100143,100,99757,100,100200,100,99693,100,100228,100,99595,100
2019-06-28 10:03:28.283698546,100046,168,100012,83,100053,68,99921,168,100076,168,99901,168,100100,168,99844,168,100130,168,99820,168,100131,100,99814,100,100138,100,99766,100,100143,100,99757,100,100200,100,99693,100,100228,100,99595,100
2019-06-28 10:03:30.000000000,100046,270,100012,185,100076,270,99921,270,100100,100,99901,100,100130,100,99844,100,100131,100,99820,100,100138,100,99814,100,100143,100,99766,100,100200,100,99757,100,100228,100,99693,100,100258,100,99595,100
2019-06-28 10:03:39.012605172,100045,100,100012,185,100046,270,99921,170,100076,270,99901,100,100100,100,99844,100,100130,100,99820,100,100131,100,99814,100,100138,100,99766,100,100143,100,99757,100,100200,100,99693,100,100228,100,99595,100
2019-06-28 10:03:40.000000000,100045,441,100012,356,100046,100,99901,100,100076,100,99844,100,100100,100,99820,100,100130,100,99814,100,100131,100,99766,100,100138,100,99757,100,100143,100,99693,100,100200,100,99595,100,100228,100,99551,100
2019-06-28 10:03:40.897615778,100045,441,100012,256,100046,100,99901,100,100076,100,99844,100,100130,100,99820,100,100131,100,99814,100,100138,100,99766,100,100143,100,99757,100,100200,100,99693,100,100228,100,99595,100,100258,100,99551,100
2019-06-28 10:03:50.000000000,100045,185,99901,185,100046,185,99844,185,100076,185,99820,185,100130,185,99814,185,100131,100,99766,100,100138,100,99757,100,100143,100,99693,100,100200,100,99595,100,100228,100,99551,100,100258,100,99510,100
2019-06-28 10:04:00.000000000,100045,185,99901,185,100046,185,99844,185,100076,185,99820,185,100130,185,99814,185,100131,100,99766,100,100138,100,99757,100,100143,100,99693,100,100200,100,99595,100,100228,100,99551,100,100258,100,99510,100
2019-06-28 10:04:10.000000000,100045,168,99901,168,100046,168,99844,168,100076,168,99820,168,100130,168,99814,168,100131,168,99766,168,100138,100,99757,100,100143,100,99693,100,100200,100,99595,100,100228,100,99551,100,100258,100,99510,100
2019-06-28 10:04:15.301256211,100045,168,99901,168,100046,168,99844,168,100076,168,99820,168,100130,168,99814,168,100131,168,99766,168,100138,100,99757,100,100143,100,99693,100,100200,100,99595,100,100228,100,99551,100,100258,100,99510,100
2019-06-28 10:04:20.000000000,100045,441,99901,441,100046,100,99844,100,100076,100,99820,100,100130,100,99814,100,100131,100,99766,100,100138,100,99757,100,100143,100,99693,100,100200,100,99595,100,100228,100,99551,100,100258,100,99510,100
2019-06-28 10:04:30.000000000,100045,441,99901,441,100046,100,99844,100,100076,100,99820,100,100130,100,99814,100,100131,100,99766,100,100138,100,99757,100,100143,100,99693,100,100200,100,99595,100,100228,100,99551,100,100258,100,99510,100
2019-06-28 10:04:33.302334049,100045,341,99901,441,100046,100,99844,100,100076,100,99820,100,100130,100,99814,100,100131,100,99766,100,100138,100,99757,100,100143,100,99693,100,100200,100,99595,100,100228,100,99551,100,100258,100,99510,100
2019-06-28 10:04:34.268503523,100045,341,100013,100,100046,100,99901,441,100076,100,99844,100,100130,100,99820,100,100131,100,99814,100,100138,100,99766,100,100143,100,99757,100,100200,100,99693,100,100228,100,99595,100,100258,100,99551,100
2019-06-28 10:04:40.000000000,100046,270,100013,270,100076,270,99901,270,100130,100,99844,100,100131,100,99820,100,100138,100,99814,100,100143,100,99766,100,100200,100,99757,100,100228,100,99693,100,100258,100,99595,100,100295,100,99551,100
2019-06-28 10:04:50.000000000,100046,441,100013,441,100076,100,99901,100,100130,100,99844,100,100131,100,99820,100,100138,100,99814,100,100143,100,99766,100,100200,100,99757,100,100228,100,99693,100,100258,100,99595,100,100295,100,99551,100
2019-06-28 10:04:53.913442951,100046,441,100013,441,100076,100,99901,100,100130,100,99844,100,100131,100,99820,100,100138,100,99814,100,100143,100,99766,100,100200,100,99757,100,100228,100,99693,100,100258,100,99551,100,100295,100,99510,100
2019-06-28 10:04:59.717304684,100046,441,100013,441,100076,100,99901,100,100130,100,99844,100,100131,100,99820,100,100138,100,99814,100,100143,100,99766,100,100200,100,99757,100,100228,100,99693,100,100258,100,99551,100,100295,100,99510,100
2019-06-28 10:05:00.000000000,100046,216,100013,216,100076,213,99901,213,100130,213,99844,213,100131,100,99820,100,100138,100,99814,100,100143,100,99766,100,100200,100,99757,100,100228,100,99693,100,100258,100,99551,100,100295,100,99510,100
2019-06-28 10:05:02.594284955,100046,216,100013,216,100076,213,99901,213,100130,213,99844,213,100131,100,99820,100,100138,100,99814,100,100143,100,99766,100,100200,100,99757,100,100228,100,99693,100,100258,100,99551,100,100295,100,99510,100
2019-06-28 10:05:04.605714708,100046,216,100013,316,100076,213,99901,213,100130,213,99844,213,100131,100,99820,100,100138,100,99814,100,100143,100,99766,100,100200,100,99757,100,100228,100,99693,100,100258,100,99551,100,100295,100,99510,100
2019-06-28 10:05:07.618612673,100046,116,100013,316,100076,213,99901,213,100130,213,99844,213,100131,100,99820,100,100138,100,99814,100,100143,100,99766,100,100200,100,99757,100,100228,100,99693,100,100258,100,99551,100,100295,100,99510,100
2019-06-28 10:05:10.000000000,100076,168,100013,268,100130,168,99901,168,100131,168,99844,168,100138,168,99820,168,100143,168,99814,168,100200,100,99766,100,100228,100,99757,100,100258,100,99693,100,100295,100,99551,100,100447,200,99510,100
