,ask_price_1,ask_size_1,bid_price_1,bid_size_1,ask_price_2,ask_size_2,bid_price_2,bid_size_2,ask_price_3,ask_size_3,bid_price_3,bid_size_3,ask_price_4,ask_size_4,bid_price_4,bid_size_4,ask_price_5,ask_size_5,bid_price_5,bid_size_5,ask_price_6,ask_size_6,bid_price_6,bid_size_6,ask_price_7,ask_size_7,bid_price_7,bid_size_7,ask_price_8,ask_size_8,bid_price_8,bid_size_8,ask_price_9,ask_size_9,bid_price_9,bid_size_9,ask_price_10,ask_size_10,bid_price_10,bid_size_10
2019-06-28 09:30:00.000000002,100014,100,,,,,,,,,,,,,,,,,,,,,,,,,,,,,,,,,,,,,,
2019-06-28 09:30:00.000000003,100014,100,,,,,,,,,,,,,,,,,,,,,,,,,,,,,,,,,,,,,,
2019-06-28 09:30:00.000000005,100014,100,99978,100,100110,100,,,,,,,,,,,,,,,,,,,,,,,,,,,,,,,,,,
2019-06-28 09:30:00.000000006,100014,100,99978,100,100110,100,99951,100,,,,,,,,,,,,,,,,,,,,,,,,,,,,,,,,
2019-06-28 09:30:00.000000009,100014,100,99978,100,100110,100,99951,100,100176,100,,,,,,,,,,,,,,,,,,,,,,,,,,,,,,
2019-06-28 09:30:00.000000010,100014,100,99978,100,100110,100,99961,100,100176,100,99951,100,,,,,,,,,,,,,,,,,,,,,,,,,,,,
2019-06-28 09:30:00.000000011,100014,100,99978,100,100051,100,99961,100,100110,100,99951,100,100176,100,,,,,,,,,,,,,,,,,,,,,,,,,,
2019-06-28 09:30:00.000000013,100014,100,99978,100,100051,100,99961,100,100110,100,99951,100,100115,100,,,100176,100,,,,,,,,,,,,,,,,,,,,,,
2019-06-28 09:30:00.000000014,100014,100,99978,100,100051,100,99961,100,100110,100,99951,100,100115,100,,,100135,100,,,100176,100,,,,,,,,,,,,,,,,,,
2019-06-28 09:30:00.000000015,100014,100,99978,100,100051,100,99961,100,100110,100,99951,100,100115,100,99915,100,100135,100,,,100176,100,,,,,,,,,,,,,,,,,,
2019-06-28 09:30:00.000000018,100014,100,99978,100,100047,100,99961,100,100051,100,99951,100,100110,100,99915,200,100115,100,,,100135,100,,,100176,100,,,,,,,,,,,,,,
2019-06-28 09:30:00.000000021,99987,100,99978,100,100014,100,99961,100,100047,100,99956,100,100051,100,99951,100,100110,100,99915,200,100115,100,,,100135,100,,,100176,100,,,,,,,,,,
2019-06-28 09:30:00.000000022,99987,100,99978,100,99991,100,99961,100,100014,100,99956,100,100047,100,99951,100,100051,100,99938,100,100110,100,99915,200,100115,100,,,100135,100,,,100176,100,,,,,,
2019-06-28 09:30:00.000000025,99987,100,99978,100,99991,100,99961,100,100014,100,99956,100,100026,100,99951,100,100047,100,99938,100,100051,100,99915,200,100110,100,,,100115,100,,,100135,100,,,100176,100,,
2019-06-28 09:30:00.000000031,99987,100,99978,100,99991,100,99963,100,100014,100,99961,100,100026,100,99956,100,100033,100,99951,100,100047,100,99938,100,100051,100,99915,200,100110,100,,,100115,100,,,100135,100,,
2019-06-28 09:30:00.000000033,99987,100,99978,100,99991,100,99963,100,100014,100,99961,100,100026,100,99956,100,100033,100,99951,100,100047,100,99938,100,100051,100,99916,100,100110,100,99915,200,100115,100,,,100135,100,,
2019-06-28 09:30:00.000000034,99987,100,99978,100,99991,100,99963,100,100014,100,99961,100,100026,100,99956,100,100033,100,99951,100,100047,100,99938,100,100051,100,99916,100,100066,100,99915,200,100110,100,99896,100,100115,100,,
2019-06-28 09:30:00.000000035,99987,100,99978,100,99991,100,99970,100,100014,100,99963,100,100026,100,99961,100,100033,100,99956,100,100047,100,99951,100,100051,100,99938,100,100066,100,99916,100,100110,100,99915,200,100115,100,99896,100
2019-06-28 09:30:00.000000036,99987,100,99978,100,99991,100,99970,100,100014,100,99963,100,100026,100,99961,100,100033,100,99956,100,100047,100,99951,100,100051,100,99938,100,100066,100,99916,100,100096,100,99915,200,100110,100,99896,100
2019-06-28 09:30:00.000000040,99987,100,99978,100,99991,100,99970,100,100014,100,99963,100,100026,100,99961,100,100033,100,99956,100,100047,100,99951,100,100051,100,99938,100,100066,100,99916,100,100078,100,99915,200,100096,100,99896,100
2019-06-28 09:30:00.000000042,99987,100,99974,100,99991,100,99970,100,100014,100,99963,100,100026,100,99961,100,100033,100,99956,100,100047,100,99951,100,100051,100,99938,100,100066,100,99916,100,100078,100,99915,200,100096,100,99896,100
2019-06-28 09:30:00.000000044,99991,100,99970,100,100014,100,99963,100,100026,100,99961,100,100033,100,99956,100,100047,100,99951,100,100051,100,99938,100,100066,100,99916,100,100078,100,99915,200,100096,100,99896,100,100110,100,,
2019-06-28 09:30:00.000000047,99991,100,99970,100,100014,100,99963,100,100026,100,99961,100,100033,100,99956,100,100047,100,99951,100,100051,100,99938,100,100066,100,99916,100,100078,100,99915,200,100096,100,99896,100,100110,100,,
2019-06-28 09:30:00.000000049,99987,100,99970,100,99991,100,99963,100,100014,100,99961,100,100026,100,99956,100,100033,100,99951,100,100047,100,99938,100,100051,100,99916,100,100066,100,99915,200,100078,100,99896,100,100096,100,,
2019-06-28 09:30:00.000000050,99987,100,99970,100,99991,100,99963,100,100014,100,99961,100,100026,100,99956,100,100033,100,99951,100,100047,100,99938,100,100051,100,99916,100,100066,100,99915,200,100078,100,99896,100,100083,100,,
2019-06-28 09:30:00.000000053,99987,100,99970,100,99991,100,99963,100,100014,100,99961,100,100026,100,99956,100,100033,100,99951,100,100047,100,99938,100,100049,100,99916,100,100051,100,99915,200,100066,100,99896,100,100078,200,,
2019-06-28 09:30:00.000000054,99987,100,99970,100,99991,100,99963,100,100014,100,99961,100,100026,100,99956,100,100033,100,99951,100,100047,100,99938,100,100049,100,99916,100,100051,100,99915,200,100066,100,99896,100,100078,200,,
2019-06-28 09:30:00.000000055,99987,100,99974,100,99991,100,99970,100,100014,100,99963,100,100026,100,99961,100,100033,100,99956,100,100047,100,99951,100,100049,100,99938,100,100051,100,99916,100,100066,100,99915,200,100078,200,99896,100
2019-06-28 09:30:00.000000056,99987,100,99974,100,99991,100,99970,100,100014,100,99963,100,100026,100,99961,100,100033,100,99956,100,100047,100,99951,100,100049,100,99938,100,100051,100,99916,100,100063,100,99915,200,100066,100,99896,100
2019-06-28 09:30:00.000000060,99987,100,99974,100,99991,100,99970,100,100014,100,99963,100,100026,100,99961,100,100033,100,99956,100,100047,100,99951,100,100049,100,99939,100,100051,100,99938,100,100063,100,99916,100,100066,100,99915,200
2019-06-28 09:30:00.000000063,99987,200,99974,100,99991,100,99970,100,100014,100,99963,100,100026,100,99961,100,100033,100,99956,100,100047,100,99951,100,100049,100,99939,100,100050,100,99938,100,100051,100,99916,100,100063,100,99915,200
2019-06-28 09:30:00.000000064,99987,100,99974,100,99991,100,99970,100,100014,100,99963,100,100026,100,99961,100,100033,100,99956,100,100047,100,99951,100,100049,100,99939,100,100050,100,99938,100,100051,100,99916,100,100063,100,99915,200
2019-06-28 09:30:00.000000068,99987,100,99974,100,99991,100,99970,100,100014,100,99966,100,100026,100,99963,100,100033,100,99961,100,100047,100,99956,100,100049,100,99954,100,100050,100,99951,100,100051,100,99939,100,100063,100,99938,100
2019-06-28 09:30:00.000000069,99987,100,99974,100,99991,100,99970,100,100014,100,99966,100,100026,100,99963,100,100033,100,99961,100,100047,100,99956,100,100049,100,99954,100,100050,100,99951,100,100051,100,99939,100,100063,100,99938,100
2019-06-28 09:30:00.000000070,99980,100,99974,100,99987,100,99970,100,99991,100,99966,100,100014,100,99963,100,100026,100,99961,100,100033,100,99956,100,100047,100,99954,100,100049,100,99951,100,100050,100,99939,100,100051,100,99938,100
2019-06-28 09:30:00.000000071,99987,100,99974,100,99991,100,99970,100,100014,100,99966,100,100026,100,99963,100,100033,100,99961,100,100047,100,99956,100,100049,100,99954,100,100050,100,99951,100,100051,100,99939,100,100063,100,99938,100
2019-06-28 09:30:00.000000074,99987,100,99974,100,99991,100,99970,100,100014,100,99966,100,100026,100,99963,100,100033,100,99961,100,100047,100,99956,100,100049,100,99954,100,100050,100,99951,100,100051,100,99939,100,100063,100,99938,100
2019-06-28 09:30:00.000000075,99987,100,99974,100,99991,100,99970,100,100014,100,99966,100,100026,100,99963,100,100033,100,99961,100,100047,100,99956,100,100049,100,99954,100,100050,100,99951,100,100051,100,99939,100,100063,100,99938,100
2019-06-28 09:30:00.000000076,99987,100,99974,100,99991,100,99970,100,100014,100,99966,100,100026,100,99963,100,100033,100,99961,100,100047,100,99956,100,100049,100,99954,100,100050,100,99951,100,100051,100,99939,100,100063,100,99938,100
2019-06-28 09:30:00.000000077,99987,100,99970,100,99991,100,99966,100,100014,100,99963,100,100026,100,99961,100,100033,100,99956,100,100047,100,99954,100,100049,100,99951,100,100050,100,99939,100,100051,100,99938,100,100063,100,99916,100
2019-06-28 09:30:00.000000081,99991,100,99970,100,100014,100,99966,100,100026,100,99963,100,100033,100,99961,100,100034,100,99956,100,100047,100,99954,100,100049,100,99951,100,100050,100,99939,100,100051,100,99938,100,100063,100,99916,100
2019-06-28 09:30:00.000000082,99991,100,99970,100,100014,100,99966,100,100026,100,99963,100,100033,100,99961,100,100034,100,99956,100,100047,100,99954,100,100049,100,99951,100,100050,100,99939,100,100051,100,99938,100,100063,100,99916,100
2019-06-28 09:30:00.000000084,99991,100,99970,100,100014,100,99966,100,100026,100,99963,100,100033,100,99961,100,100034,100,99956,100,100047,100,99954,100,100049,100,99951,100,100050,100,99939,100,100051,100,99938,100,100054,100,99916,100
2019-06-28 09:30:00.000000086,99991,100,99970,100,100014,100,99966,100,100026,100,99963,100,100033,100,99961,100,100034,100,99956,100,100040,100,99954,100,100047,100,99951,100,100049,100,99939,100,100050,100,99938,100,100051,100,99916,100
2019-06-28 09:30:00.000000087,99991,100,99970,100,100014,100,99966,100,100026,100,99963,100,100033,100,99961,100,100034,100,99956,100,100040,100,99954,100,100047,100,99951,100,100049,100,99939,100,100050,100,99938,100,100051,100,99916,100
2019-06-28 09:30:00.000000090,99991,100,99966,100,100014,100,99963,100,100026,100,99961,100,100033,100,99956,100,100034,100,99954,100,100040,100,99951,100,100047,100,99939,100,100049,100,99938,100,100050,100,99916,100,100051,100,99915,200
2019-06-28 09:30:00.000000091,99991,100,99966,100,100014,100,99963,100,100026,100,99961,100,100033,100,99956,100,100034,100,99954,100,100037,100,99951,100,100040,100,99939,100,100047,100,99938,100,100049,100,99916,100,100050,100,99915,200
2019-06-28 09:30:00.000000094,99991,100,99970,100,100014,100,99966,100,100026,100,99963,100,100033,100,99961,100,100034,100,99956,100,100037,100,99954,100,100040,100,99951,100,100047,100,99939,100,100049,100,99938,100,100050,100,99916,100
2019-06-28 09:30:00.000000096,99991,100,99970,100,100014,100,99966,100,100026,100,99963,100,100033,100,99961,100,100034,100,99956,100,100037,100,99954,100,100040,100,99951,100,100047,100,99939,100,100049,100,99938,100,100050,100,99929,100
2019-06-28 09:30:00.000000097,99991,100,99970,200,100014,100,99966,100,100026,100,99963,100,100033,100,99961,100,100034,100,99956,100,100037,100,99954,100,100040,100,99951,100,100047,100,99939,100,100049,100,99938,100,100050,100,99929,100
2019-06-28 09:30:00.000000098,99991,100,99970,200,100014,100,99966,100,100026,100,99963,100,100033,100,99961,100,100034,100,99956,100,100037,100,99954,100,100040,100,99951,100,100047,100,99942,100,100049,100,99939,100,100050,100,99938,100
2019-06-28 09:30:00.000000099,99991,100,99970,200,100014,100,99966,100,100026,100,99963,100,100033,100,99961,100,100034,100,99956,100,100037,100,99954,100,100040,100,99951,100,100047,100,99942,100,100049,100,99939,100,100050,100,99938,100
2019-06-28 09:30:10.000000000,99991,225,99970,325,100014,222,99966,222,100026,222,99963,222,100033,100,99961,100,100034,100,99956,100,100037,100,99954,100,100040,100,99951,100,100047,100,99942,100,100049,100,99939,100,100050,100,99938,100
2019-06-28 09:30:18.489249054,99991,225,99970,325,100014,222,99966,222,100026,222,99963,222,100033,100,99961,100,100034,100,99956,100,100037,100,99954,100,100040,100,99951,100,100047,100,99942,100,100049,100,99939,100,100050,100,99938,100
2019-06-28 09:30:20.000000000,99991,469,99970,569,100014,100,99966,100,100026,100,99963,100,100033,100,99961,100,100034,100,99956,100,100037,100,99954,100,100040,100,99951,100,100047,100,99942,100,100049,100,99939,100,100050,100,99938,100
2019-06-28 09:30:28.328979343,99991,469,99970,569,100014,100,99966,100,100026,100,99963,100,100033,100,99961,100,100034,100,99956,100,100037,100,99954,100,100040,100,99951,100,100047,100,99942,100,100049,100,99939,100,100050,100,99938,100
2019-06-28 09:30:30.000000000,99991,469,99970,569,100014,100,99966,100,100026,100,99963,100,100033,100,99961,100,100034,100,99956,100,100037,100,99954,100,100040,100,99951,100,100047,100,99942,100,100049,100,99939,100,100050,100,99938,100
2019-06-28 09:30:40.000000000,99991,469,99970,569,100014,100,99966,100,100026,100,99963,100,100033,100,99961,100,100034,100,99956,100,100037,100,99954,100,100040,100,99951,100,100047,100,99942,100,100049,100,99939,100,100050,100,99938,100
2019-06-28 09:30:50.000000000,99991,174,99970,274,100014,174,99966,174,100026,174,99963,174,100033,174,99961,174,100034,174,99956,174,100037,100,99954,100,100040,100,99951,100,100047,100,99942,100,100049,100,99939,100,100050,100,99938,100
2019-06-28 09:31:00.000000000,99991,192,99970,292,100014,192,99966,192,100026,192,99963,192,100033,192,99961,192,100034,100,99956,100,100037,100,99954,100,100040,100,99951,100,100047,100,99942,100,100049,100,99939,100,100050,100,99938,100
2019-06-28 09:31:03.908304440,99991,192,99970,292,100014,192,99966,192,100026,192,99963,192,100033,192,99961,192,100034,100,99956,100,100037,100,99954,100,100040,100,99951,100,100047,100,99942,100,100049,100,99939,100,100050,100,99938,100
2019-06-28 09:31:10.000000000,99991,469,99970,569,100014,100,99966,100,100026,100,99963,100,100033,100,99961,100,100034,100,99956,100,100037,100,99954,100,100040,100,99951,100,100047,100,99942,100,100049,100,99939,100,100050,100,99938,100
2019-06-28 09:31:20.000000000,99991,192,99970,292,100014,192,99966,192,100026,192,99963,192,100033,192,99961,192,100034,100,99956,100,100037,100,99954,100,100040,100,99951,100,100047,100,99942,100,100049,100,99939,100,100050,100,99938,100
2019-06-28 09:31:30.000000000,99991,284,99970,384,100014,284,99966,284,100026,100,99963,100,100033,100,99961,100,100034,100,99956,100,100037,100,99954,100,100040,100,99951,100,100047,100,99942,100,100049,100,99939,100,100050,100,99938,100
2019-06-28 09:31:40.000000000,99991,174,99970,274,100014,174,99966,174,100026,174,99963,174,100033,174,99961,174,100034,174,99956,174,100037,100,99954,100,100040,100,99951,100,100047,100,99942,100,100049,100,99939,100,100050,100,99938,100
2019-06-28 09:31:41.076803865,99991,174,99970,274,100014,174,99966,174,100026,174,99963,174,100033,174,99961,174,100034,174,99956,174,100037,100,99954,100,100040,100,99951,100,100047,100,99942,100,100049,100,99939,100,100050,100,99938,100
2019-06-28 09:31:42.834304343,99991,74,99970,274,100014,74,99966,174,100026,174,99963,174,100033,174,99961,174,100034,174,99956,174,100037,100,99954,100,100040,100,99951,100,100047,100,99942,100,100049,100,99939,100,100050,100,99938,100
2019-06-28 09:31:46.932031784,100014,74,99991,26,100026,174,99970,274,100033,174,99966,174,100034,174,99963,174,100037,100,99961,174,100040,100,99956,174,100047,100,99954,100,100049,100,99951,100,100051,100,99942,100,100054,100,99939,100
2019-06-28 09:31:50.000000000,100026,174,99991,100,100033,174,99970,274,100034,174,99966,174,100037,174,99963,174,100040,174,99961,174,100047,100,99956,100,100049,100,99954,100,100051,100,99951,100,100054,100,99942,100,100060,100,99939,100
2019-06-28 09:32:00.000000000,100026,174,99991,100,100033,174,99970,274,100034,174,99966,174,100037,174,99963,174,100040,174,99961,174,100047,100,99956,100,100049,100,99954,100,100051,100,99951,100,100054,100,99942,100,100060,100,99939,100
2019-06-28 09:32:06.875980496,100026,174,99991,200,100033,174,99970,274,100034,174,99966,174,100037,174,99963,174,100040,174,99961,174,100047,100,99956,100,100049,100,99954,100,100051,100,99951,100,100054,100,99942,100,100060,100,99939,100
2019-06-28 09:32:10.000000000,100026,225,99991,251,100033,222,99970,322,100034,222,99966,222,100037,100,99963,100,100040,100,99961,100,100047,100,99956,100,100049,100,99954,100,100051,100,99951,100,100054,100,99942,100,100060,100,99939,100
2019-06-28 09:32:10.631712982,100026,225,99991,251,100033,222,99970,322,100034,222,99966,222,100037,100,99963,100,100040,100,99956,100,100047,100,99954,100,100049,100,99951,100,100051,100,99942,100,100054,100,99939,100,100060,100,99938,100
2019-06-28 09:32:20.000000000,100026,469,99991,495,100033,100,99970,200,100034,100,99966,100,100037,100,99963,100,100040,100,99956,100,100047,100,99954,100,100049,100,99951,100,100051,100,99942,100,100054,100,99939,100,100060,100,99938,100
2019-06-28 09:32:25.319110885,100026,469,99991,595,100033,100,99970,200,100034,100,99966,100,100037,100,99963,100,100040,100,99956,100,100047,100,99954,100,100049,100,99951,100,100051,100,99942,100,100054,100,99939,100,100060,100,99938,100
2019-06-28 09:32:30.000000000,100026,192,99991,318,100033,192,99970,292,100034,192,99966,192,100037,192,99963,192,100040,100,99956,100,100047,100,99954,100,100049,100,99951,100,100051,100,99942,100,100054,100,99939,100,100060,100,99938,100
2019-06-28 09:32:40.000000000,100026,225,99991,351,100033,222,99970,322,100034,222,99966,222,100037,100,99963,100,100040,100,99956,100,100047,100,99954,100,100049,100,99951,100,100051,100,99942,100,100054,100,99939,100,100060,100,99938,100
2019-06-28 09:32:50.000000000,100026,469,99991,595,100033,100,99970,200,100034,100,99966,100,100037,100,99963,100,100040,100,99956,100,100047,100,99954,100,100049,100,99951,100,100051,100,99942,100,100054,100,99939,100,100060,100,99938,100
2019-06-28 09:32:57.038532548,100026,469,99991,595,100033,100,99970,200,100034,100,99966,100,100037,100,99963,100,100040,100,99956,100,100047,100,99954,100,100049,100,99951,100,100051,100,99942,100,100054,100,99939,100,100060,100,99938,100
2019-06-28 09:33:00.000000000,100026,225,99991,351,100033,222,99970,322,100034,222,99966,222,100037,100,99963,100,100040,100,99956,100,100047,100,99954,100,100049,100,99951,100,100051,100,99942,100,100054,100,99939,100,100060,100,99938,100
2019-06-28 09:33:10.000000000,100026,225,99991,351,100033,222,99970,322,100034,222,99966,222,100037,100,99963,100,100040,100,99956,100,100047,100,99954,100,100049,100,99951,100,100051,100,99942,100,100054,100,99939,100,100060,100,99938,100
2019-06-28 09:33:14.139633237,100026,225,99991,451,100033,222,99970,322,100034,222,99966,222,100037,100,99963,100,100040,100,99956,100,100047,100,99954,100,100049,100,99951,100,100051,100,99942,100,100054,100,99939,100,100060,100,99938,100
2019-06-28 09:33:20.000000000,100026,469,99991,695,100033,100,99970,200,100034,100,99966,100,100037,100,99963,100,100040,100,99956,100,100047,100,99954,100,100049,100,99951,100,100051,100,99942,100,100054,100,99939,100,100060,100,99938,100
2019-06-28 09:33:30.000000000,100026,469,99991,695,100033,100,99970,200,100034,100,99966,100,100037,100,99963,100,100040,100,99956,100,100047,100,99954,100,100049,100,99951,100,100051,100,99942,100,100054,100,99939,100,100060,100,99938,100
2019-06-28 09:33:32.835951548,100026,469,99991,695,100033,100,99970,200,100034,100,99966,100,100037,100,99963,100,100040,100,99956,100,100047,100,99954,100,100049,100,99951,100,100051,100,99942,100,100054,100,99939,100,100060,100,99938,100
2019-06-28 09:33:36.550405802,100026,469,99991,695,100033,100,99970,200,100034,100,99966,100,100037,100,99963,100,100040,100,99956,100,100047,100,99954,100,100049,100,99951,100,100051,100,99942,100,100054,100,99939,100,100060,100,99938,100
2019-06-28 09:33:40.000000000,100026,469,99991,695,100033,100,99970,200,100034,100,99966,100,100037,100,99963,100,100040,100,99956,100,100047,100,99954,100,100049,100,99951,100,100051,100,99942,100,100054,100,99939,100,100060,100,99938,100
2019-06-28 09:33:50.000000000,100026,192,99991,418,100033,192,99970,292,100034,192,99966,192,100037,192,99963,192,100040,100,99956,100,100047,100,99954,100,100049,100,99951,100,100051,100,99942,100,100054,100,99939,100,100060,100,99938,100
2019-06-28 09:33:51.673641734,100026,92,99991,418,100033,192,99970,292,100034,192,99966,192,100037,192,99963,192,100040,100,99956,100,100047,100,99954,100,100049,100,99951,100,100051,100,99942,100,100054,100,99939,100,100060,100,99938,100
2019-06-28 09:34:00.000000000,100033,469,99991,695,100034,100,99970,200,100037,100,99966,100,100040,100,99963,100,100047,100,99956,100,100049,100,99954,100,100051,100,99951,100,100054,100,99942,100,100060,100,99939,100,100063,100,99938,100
2019-06-28 09:34:05.660871962,100033,469,99991,695,100034,100,99970,200,100037,100,99966,100,100040,100,99963,100,100047,100,99956,100,100049,100,99954,100,100051,100,99951,100,100054,100,99942,100,100060,100,99939,100,100063,100,99938,100
2019-06-28 09:34:10.000000000,100033,225,99991,451,100034,222,99970,322,100037,222,99966,222,100040,100,99963,100,100047,100,99956,100,100049,100,99954,100,100051,100,99951,100,100054,100,99942,100,100060,100,99939,100,100063,100,99938,100
2019-06-28 09:34:20.000000000,100033,192,99991,418,100034,192,99970,292,100037,192,99966,192,100040,192,99963,192,100047,100,99956,100,100049,100,99954,100,100051,100,99951,100,100054,100,99942,100,100060,100,99939,100,100063,100,99938,100
2019-06-28 09:34:30.000000000,100033,469,99991,695,100034,100,99970,200,100037,100,99966,100,100040,100,99963,100,100047,100,99956,100,100049,100,99954,100,100051,100,99951,100,100054,100,99942,100,100060,100,99939,100,100063,100,99938,100
2019-06-28 09:34:40.000000000,100033,225,99991,451,100034,222,99970,322,100037,222,99966,222,100040,100,99963,100,100047,100,99956,100,100049,100,99954,100,100051,100,99951,100,100054,100,99942,100,100060,100,99939,100,100063,100,99938,100
2019-06-28 09:34:41.296176428,100033,225,99991,351,100034,222,99970,322,100037,222,99966,222,100040,100,99963,100,100047,100,99956,100,100049,100,99954,100,100051,100,99951,100,100054,100,99942,100,100060,100,99938,100,100063,100,99926,100
2019-06-28 09:34:50.000000000,100033,225,99991,351,100034,222,99970,322,100037,222,99966,222,100040,100,99963,100,100047,100,99956,100,100049,100,99954,100,100051,100,99951,100,100054,100,99942,100,100060,100,99938,100,100063,100,99926,100
2019-06-28 09:35:00.000000000,100033,174,99991,300,100034,174,99970,274,100037,174,99966,174,100040,174,99963,174,100047,174,99956,174,100049,100,99954,100,100051,100,99951,100,100054,100,99942,100,100060,100,99938,100,100063,100,99926,100
2019-06-28 09:35:01.629360586,100025,100,99991,300,100033,174,99970,274,100034,174,99966,174,100037,174,99963,174,100040,174,99956,74,100047,174,99954,100,100049,100,99951,100,100051,100,99942,100,100054,100,99938,100,100060,100,99926,100
2019-06-28 09:35:10.000000000,100025,284,99991,410,100033,284,99970,384,100034,100,99966,100,100037,100,99963,100,100040,100,99954,100,100047,100,99951,100,100049,100,99942,100,100051,100,99938,100,100054,100,99926,100,100060,100,99916,100
2019-06-28 09:35:19.537854074,100025,284,99991,310,100033,284,99970,384,100034,100,99966,100,100037,100,99963,100,100040,100,99954,100,100047,100,99951,100,100049,100,99942,100,100051,100,99938,100,100054,100,99926,100,100060,100,99916,100
2019-06-28 09:35:20.000000000,100025,192,99991,218,100033,192,99970,292,100034,192,99966,192,100037,192,99963,192,100040,100,99954,100,100047,100,99951,100,100049,100,99942,100,100051,100,99938,100,100054,100,99926,100,100060,100,99916,100
2019-06-28 09:35:30.000000000,100025,284,99991,310,100033,284,99970,384,100034,100,99966,100,100037,100,99963,100,100040,100,99954,100,100047,100,99951,100,100049,100,99942,100,100051,100,99938,100,100054,100,99926,100,100060,100,99916,100
2019-06-28 09:35:40.000000000,100025,284,99991,310,100033,284,99970,384,100034,100,99966,100,100037,100,99963,100,100040,100,99954,100,100047,100,99951,100,100049,100,99942,100,100051,100,99938,100,100054,100,99926,100,100060,100,99916,100
2019-06-28 09:35:50.000000000,100025,174,99991,200,100033,174,99970,274,100034,174,99966,174,100037,174,99963,174,100040,174,99954,174,100047,100,99951,100,100049,100,99942,100,100051,100,99938,100,100054,100,99926,100,100060,100,99916,100
2019-06-28 09:35:57.764800487,100025,174,99991,100,100033,174,99970,274,100034,174,99966,174,100037,174,99963,174,100040,174,99954,174,100047,100,99951,100,100049,100,99942,100,100051,100,99938,100,100054,100,99926,100,100060,100,99916,100
2019-06-28 09:36:00.000000000,100025,174,99991,100,100033,174,99970,274,100034,174,99966,174,100037,174,99963,174,100040,174,99954,174,100047,100,99951,100,100049,100,99942,100,100051,100,99938,100,100054,100,99926,100,100060,100,99916,100
2019-06-28 09:36:10.000000000,100025,284,99991,210,100033,284,99970,384,100034,100,99966,100,100037,100,99963,100,100040,100,99954,100,100047,100,99951,100,100049,100,99942,100,100051,100,99938,100,100054,100,99926,100,100060,100,99916,100
2019-06-28 09:36:15.112464440,100025,284,99991,110,100033,284,99970,384,100034,100,99966,100,100037,100,99963,100,100040,100,99954,100,100047,100,99951,100,100049,100,99942,100,100051,100,99938,100,100054,100,99926,100,100060,100,99916,100
2019-06-28 09:36:20.000000000,100025,174,99970,274,100033,174,99966,174,100034,174,99963,174,100037,174,99954,174,100040,174,99951,174,100047,100,99942,100,100049,100,99938,100,100051,100,99926,100,100054,100,99916,100,100060,100,99915,200
2019-06-28 09:36:30.000000000,100025,192,99970,292,100033,192,99966,192,100034,192,99963,192,100037,192,99954,192,100040,100,99951,100,100047,100,99942,100,100049,100,99938,100,100051,100,99926,100,100054,100,99916,100,100060,100,99915,200
2019-06-28 09:36:32.555273024,100025,192,99970,192,100033,192,99966,192,100034,192,99963,192,100037,192,99954,192,100040,100,99951,100,100047,100,99942,100,100049,100,99938,100,100051,100,99926,100,100054,100,99916,100,100060,100,99915,200
2019-06-28 09:36:40.000000000,100025,284,99970,284,100033,284,99966,284,100034,100,99963,100,100037,100,99954,100,100040,100,99951,100,100047,100,99942,100,100049,100,99938,100,100051,100,99926,100,100054,100,99916,100,100060,100,99915,200
2019-06-28 09:36:43.873499705,100025,284,99970,284,100033,284,99966,284,100034,100,99963,100,100037,100,99954,100,100040,100,99951,100,100047,100,99942,100,100049,100,99938,100,100051,100,99926,100,100054,100,99916,100,100060,100,99915,100
2019-06-28 09:36:43.981594210,100025,284,99970,184,100033,284,99966,284,100034,100,99963,100,100037,100,99954,100,100040,100,99951,100,100047,100,99942,100,100049,100,99938,100,100051,100,99926,100,100054,100,99916,100,100060,100,99915,100
2019-06-28 09:36:50.000000000,100025,225,99966,225,100033,222,99963,222,100034,222,99954,222,100037,100,99951,100,100040,100,99942,100,100047,100,99938,100,100049,100,99926,100,100051,100,99916,100,100054,100,99915,100,100060,100,99903,100
2019-06-28 09:36:53.266019752,100025,225,99966,225,100033,222,99963,222,100034,222,99954,222,100037,100,99951,100,100040,100,99942,100,100047,100,99938,100,100049,100,99926,100,100051,100,99916,100,100054,100,99915,100,100060,100,99903,100
2019-06-28 09:37:00.000000000,100025,174,99966,174,100033,174,99963,174,100034,174,99954,174,100037,174,99951,174,100040,174,99942,174,100047,100,99938,100,100049,100,99926,100,100051,100,99916,100,100054,100,99915,100,100060,100,99903,100
2019-06-28 09:37:10.000000000,100025,192,99966,192,100033,192,99963,192,100034,192,99954,192,100037,192,99951,192,100040,100,99942,100,100047,100,99938,100,100049,100,99926,100,100051,100,99916,100,100054,100,99915,100,100060,100,99903,100
2019-06-28 09:37:16.299675345,99970,100,99966,192,100025,192,99963,192,100033,192,99954,192,100034,192,99951,192,100037,192,99942,100,100040,100,99938,100,100047,100,99926,100,100049,100,99916,100,100051,100,99915,100,100054,100,99903,100
2019-06-28 09:37:20.000000000,99970,284,99966,284,100025,284,99963,284,100033,100,99954,100,100034,100,99951,100,100037,100,99942,100,100040,100,99938,100,100047,100,99926,100,100049,100,99916,100,100051,100,99915,100,100054,100,99903,100
2019-06-28 09:37:30.000000000,99970,192,99966,192,100025,192,99963,192,100033,192,99954,192,100034,192,99951,192,100037,100,99942,100,100040,100,99938,100,100047,100,99926,100,100049,100,99916,100,100051,100,99915,100,100054,100,99903,100
2019-06-28 09:37:35.188339961,99970,192,99966,192,100025,192,99963,192,100033,192,99954,192,100034,192,99951,192,100037,100,99942,100,100040,100,99938,100,100047,100,99926,100,100049,100,99916,100,100051,100,99915,100,100054,100,99903,100
2019-06-28 09:37:40.000000000,99970,284,99966,284,100025,284,99963,284,100033,100,99954,100,100034,100,99951,100,100037,100,99942,100,100040,100,99938,100,100047,100,99926,100,100049,100,99916,100,100051,100,99915,100,100054,100,99903,100
2019-06-28 09:37:45.388708875,99970,284,99966,284,100025,284,99963,284,100033,100,99954,100,100034,100,99951,100,100037,100,99947,100,100040,100,99942,100,100047,100,99938,100,100049,100,99926,100,100051,100,99916,100,100060,100,99915,100
2019-06-28 09:37:50.000000000,99970,284,99966,284,100025,284,99963,284,100033,100,99954,100,100034,100,99951,100,100037,100,99947,100,100040,100,99942,100,100047,100,99938,100,100049,100,99926,100,100051,100,99916,100,100060,100,99915,100
2019-06-28 09:38:00.000000000,99970,225,99966,225,100025,222,99963,222,100033,222,99954,222,100034,100,99951,100,100037,100,99947,100,100040,100,99942,100,100047,100,99938,100,100049,100,99926,100,100051,100,99916,100,100060,100,99915,100
2019-06-28 09:38:07.317952026,99970,325,99966,225,100025,222,99963,222,100033,122,99954,222,100034,100,99951,100,100037,100,99947,100,100040,100,99942,100,100047,100,99938,100,100049,100,99926,100,100051,100,99916,100,100060,100,99915,100
2019-06-28 09:38:10.000000000,99970,569,99966,469,100025,100,99963,100,100034,100,99954,100,100037,100,99951,100,100040,100,99947,100,100047,100,99942,100,100049,100,99938,100,100051,100,99926,100,100060,100,99916,100,100063,100,99915,100
2019-06-28 09:38:20.000000000,99970,274,99966,174,100025,174,99963,174,100034,174,99954,174,100037,174,99951,174,100040,174,99947,174,100047,100,99942,100,100049,100,99938,100,100051,100,99926,100,100060,100,99916,100,100063,100,99915,100
2019-06-28 09:38:30.000000000,99970,325,99966,225,100025,222,99963,222,100034,222,99954,222,100037,100,99951,100,100040,100,99947,100,100047,100,99942,100,100049,100,99938,100,100051,100,99926,100,100060,100,99916,100,100063,100,99915,100
2019-06-28 09:38:30.414483732,99970,425,99966,225,100025,222,99963,222,100034,222,99954,222,100037,100,99951,100,100040,100,99947,100,100047,100,99942,100,100049,100,99938,100,100051,100,99926,100,100060,100,99916,100,100063,100,99915,100
2019-06-28 09:38:37.155793623,99970,325,99966,225,100025,222,99963,222,100034,222,99954,222,100037,100,99951,100,100040,100,99947,100,100047,100,99942,100,100049,100,99938,100,100051,100,99926,100,100060,100,99916,100,100063,100,99915,100
2019-06-28 09:38:40.000000000,99970,274,99966,174,100025,174,99963,174,100034,174,99954,174,100037,174,99951,174,100040,174,99947,174,100047,100,99942,100,100049,100,99938,100,100051,100,99926,100,100060,100,99916,100,100063,100,99915,100
2019-06-28 09:38:50.000000000,99970,384,99966,284,100025,284,99963,284,100034,100,99954,100,100037,100,99951,100,100040,100,99947,100,100047,100,99942,100,100049,100,99938,100,100051,100,99926,100,100060,100,99916,100,100063,100,99915,100
2019-06-28 09:39:00.000000000,99970,384,99966,284,100025,284,99963,284,100034,100,99954,100,100037,100,99951,100,100040,100,99947,100,100047,100,99942,100,100049,100,99938,100,100051,100,99926,100,100060,100,99916,100,100063,100,99915,100
2019-06-28 09:39:10.000000000,99970,292,99966,192,100025,192,99963,192,100034,192,99954,192,100037,192,99951,192,100040,100,99947,100,100047,100,99942,100,100049,100,99938,100,100051,100,99926,100,100060,100,99916,100,100063,100,99915,100
2019-06-28 09:39:20.000000000,99970,274,99966,174,100025,174,99963,174,100034,174,99954,174,100037,174,99951,174,100040,174,99947,174,100047,100,99942,100,100049,100,99938,100,100051,100,99926,100,100060,100,99916,100,100063,100,99915,100
2019-06-28 09:39:24.966005624,99970,274,99966,174,100025,174,99963,174,100034,174,99954,174,100037,174,99951,174,100040,174,99947,174,100047,100,99942,100,100049,100,99938,100,100051,100,99926,100,100060,100,99916,100,100063,100,99915,100
2019-06-28 09:39:28.158717161,99970,274,99966,174,100025,174,99963,174,100034,174,99954,174,100037,174,99951,174,100040,174,99947,174,100047,100,99942,100,100049,100,99938,100,100060,100,99926,100,100063,100,99916,100,100066,100,99915,100
2019-06-28 09:39:30.000000000,99970,384,99966,284,100025,284,99963,284,100034,100,99954,100,100037,100,99951,100,100040,100,99947,100,100047,100,99942,100,100049,100,99938,100,100060,100,99926,100,100063,100,99916,100,100066,100,99915,100
2019-06-28 09:39:40.000000000,99970,384,99966,284,100025,284,99963,284,100034,100,99954,100,100037,100,99951,100,100040,100,99947,100,100047,100,99942,100,100049,100,99938,100,100060,100,99926,100,100063,100,99916,100,100066,100,99915,100
2019-06-28 09:39:50.000000000,99970,384,99966,284,100025,284,99963,284,100034,100,99954,100,100037,100,99951,100,100040,100,99947,100,100047,100,99942,100,100049,100,99938,100,100060,100,99926,100,100063,100,99916,100,100066,100,99915,100
2019-06-28 09:40:00.000000000,99970,274,99966,174,100025,174,99963,174,100034,174,99954,174,100037,174,99951,174,100040,174,99947,174,100047,100,99942,100,100049,100,99938,100,100060,100,99926,100,100063,100,99916,100,100066,100,99915,100
2019-06-28 09:40:02.581193663,99970,274,99966,174,100025,174,99963,174,100034,174,99954,174,100037,174,99951,174,100040,174,99947,174,100047,100,99942,100,100049,100,99938,100,100060,100,99926,100,100063,100,99916,100,100066,100,99915,100
2019-06-28 09:40:10.000000000,99970,384,99966,284,100025,284,99963,284,100034,100,99954,100,100037,100,99951,100,100040,100,99947,100,100047,100,99942,100,100049,100,99938,100,100060,100,99926,100,100063,100,99916,100,100066,100,99915,100
2019-06-28 09:40:18.575708361,99970,384,99966,284,100025,284,99963,284,100034,100,99954,100,100037,100,99951,100,100040,100,99947,100,100047,100,99942,100,100049,100,99938,100,100060,100,99926,100,100063,100,99916,100,100066,100,99915,100
2019-06-28 09:40:20.000000000,99970,384,99966,284,100025,284,99963,284,100034,100,99954,100,100037,100,99951,100,100040,100,99947,100,100047,100,99942,100,100049,100,99938,100,100060,100,99926,100,100063,100,99916,100,100066,100,99915,100
2019-06-28 09:40:30.000000000,99970,292,99966,192,100025,192,99963,192,100034,192,99954,192,100037,192,99951,192,100040,100,99947,100,100047,100,99942,100,100049,100,99938,100,100060,100,99926,100,100063,100,99916,100,100066,100,99915,100
2019-06-28 09:40:40.000000000,99970,384,99966,284,100025,284,99963,284,100034,100,99954,100,100037,100,99951,100,100040,100,99947,100,100047,100,99942,100,100049,100,99938,100,100060,100,99926,100,100063,100,99916,100,100066,100,99915,100
2019-06-28 09:40:50.000000000,99970,292,99966,192,100025,192,99963,192,100034,192,99954,192,100037,192,99951,192,100040,100,99947,100,100047,100,99942,100,100049,100,99938,100,100060,100,99926,100,100063,100,99916,100,100066,100,99915,100
2019-06-28 09:40:59.264640404,99970,292,99966,192,100025,192,99963,192,100034,192,99954,192,100037,192,99951,192,100040,100,99947,100,100047,100,99942,100,100049,100,99938,100,100060,100,99926,100,100063,100,99916,100,100066,100,99915,100
2019-06-28 09:41:00.000000000,99970,384,99966,284,100025,284,99963,284,100034,100,99954,100,100037,100,99951,100,100040,100,99947,100,100047,100,99942,100,100049,100,99938,100,100060,100,99926,100,100063,100,99916,100,100066,100,99915,100
2019-06-28 09:41:04.338888617,99970,384,99966,184,100025,284,99963,284,100034,100,99954,100,100037,100,99951,100,100040,100,99947,100,100047,100,99942,100,100049,100,99938,100,100060,100,99926,100,100063,100,99916,100,100066,100,99915,100
2019-06-28 09:41:05.135398035,99969,100,99966,184,99970,384,99963,284,100025,284,99954,100,100034,100,99951,100,100037,100,99947,100,100040,100,99942,100,100047,100,99938,100,100049,100,99926,100,100060,100,99916,100,100063,100,99915,100
2019-06-28 09:41:10.000000000,99969,225,99963,225,99970,322,99954,222,100025,222,99951,222,100034,100,99947,100,100037,100,99942,100,100040,100,99938,100,100047,100,99926,100,100049,100,99916,100,100060,100,99915,100,100063,100,99903,100
2019-06-28 09:41:20.000000000,99969,284,99963,284,99970,384,99954,284,100025,100,99951,100,100034,100,99947,100,100037,100,99942,100,100040,100,99938,100,100047,100,99926,100,100049,100,99916,100,100060,100,99915,100,100063,100,99903,100
2019-06-28 09:41:25.393783348,99969,284,99963,284,99970,384,99954,284,100025,100,99951,100,100034,100,99947,100,100037,100,99942,100,100040,100,99938,100,100047,100,99926,100,100049,100,99916,100,100060,100,99915,100,100063,100,99903,100
2019-06-28 09:41:30.000000000,99969,174,99963,174,99970,274,99954,174,100025,174,99951,174,100034,174,99947,174,100037,174,99942,174,100040,100,99938,100,100047,100,99926,100,100049,100,99916,100,100060,100,99915,100,100063,100,99903,100
2019-06-28 09:41:31.615402070,99969,274,99963,174,99970,274,99954,174,100025,174,99951,174,100034,174,99947,174,100037,174,99942,174,100040,100,99938,100,100047,100,99926,100,100049,100,99916,100,100060,100,99915,100,100063,100,99903,100
2019-06-28 09:41:40.000000000,99969,274,99963,174,99970,274,99954,174,100025,174,99951,174,100034,174,99947,174,100037,174,99942,174,100040,100,99938,100,100047,100,99926,100,100049,100,99916,100,100060,100,99915,100,100063,100,99903,100
2019-06-28 09:41:46.150131582,99969,274,99963,174,99970,274,99954,174,100025,174,99951,174,100034,174,99947,174,100037,174,99942,174,100040,100,99938,100,100047,100,99926,100,100049,100,99916,100,100060,100,99915,100,100063,100,99903,100
2019-06-28 09:41:50.000000000,99969,292,99963,192,99970,292,99954,192,100025,192,99951,192,100034,192,99947,192,100037,100,99942,100,100040,100,99938,100,100047,100,99926,100,100049,100,99916,100,100060,100,99915,100,100063,100,99903,100
2019-06-28 09:42:00.000000000,99969,384,99963,284,99970,384,99954,284,100025,100,99951,100,100034,100,99947,100,100037,100,99942,100,100040,100,99938,100,100047,100,99926,100,100049,100,99916,100,100060,100,99915,100,100063,100,99903,100
2019-06-28 09:42:10.000000000,99969,325,99963,225,99970,322,99954,222,100025,222,99951,222,100034,100,99947,100,100037,100,99942,100,100040,100,99938,100,100047,100,99926,100,100049,100,99916,100,100060,100,99915,100,100063,100,99903,100
2019-06-28 09:42:20.000000000,99969,384,99963,284,99970,384,99954,284,100025,100,99951,100,100034,100,99947,100,100037,100,99942,100,100040,100,99938,100,100047,100,99926,100,100049,100,99916,100,100060,100,99915,100,100063,100,99903,100
2019-06-28 09:42:30.000000000,99969,325,99963,225,99970,322,99954,222,100025,222,99951,222,100034,100,99947,100,100037,100,99942,100,100040,100,99938,100,100047,100,99926,100,100049,100,99916,100,100060,100,99915,100,100063,100,99903,100
2019-06-28 09:42:30.546148371,99969,325,99963,225,99970,322,99954,222,100025,222,99951,222,100034,100,99947,100,100037,100,99942,100,100040,100,99938,100,100047,100,99926,100,100049,100,99916,100,100060,100,99915,100,100063,100,99903,100
2019-06-28 09:42:32.650472920,99969,325,99963,225,99970,322,99954,222,100025,222,99951,222,100034,100,99947,100,100037,100,99942,100,100040,100,99938,100,100047,100,99926,100,100049,100,99916,100,100060,100,99915,100,100063,100,99903,100
2019-06-28 09:42:40.000000000,99969,384,99963,284,99970,384,99954,284,100025,100,99951,100,100034,100,99947,100,100037,100,99942,100,100040,100,99938,100,100047,100,99926,100,100049,100,99916,100,100060,100,99915,100,100063,100,99903,100
2019-06-28 09:42:50.000000000,99969,384,99963,284,99970,384,99954,284,100025,100,99951,100,100034,100,99947,100,100037,100,99942,100,100040,100,99938,100,100047,100,99926,100,100049,100,99916,100,100060,100,99915,100,100063,100,99903,100
2019-06-28 09:42:52.552967080,99969,384,99963,284,99970,384,99954,284,100025,100,99951,100,100034,100,99947,100,100037,100,99942,100,100040,100,99938,100,100047,100,99926,100,100049,100,99916,100,100060,100,99915,100,100066,100,99903,100
2019-06-28 09:43:00.000000000,99969,274,99963,174,99970,274,99954,174,100025,174,99951,174,100034,174,99947,174,100037,174,99942,174,100040,100,99938,100,100047,100,99926,100,100049,100,99916,100,100060,100,99915,100,100066,100,99903,100
2019-06-28 09:43:10.000000000,99969,384,99963,284,99970,384,99954,284,100025,100,99951,100,100034,100,99947,100,100037,100,99942,100,100040,100,99938,100,100047,100,99926,100,100049,100,99916,100,100060,100,99915,100,100066,100,99903,100
2019-06-28 09:43:20.000000000,99969,292,99963,192,99970,292,99954,192,100025,192,99951,192,100034,192,99947,192,100037,100,99942,100,100040,100,99938,100,100047,100,99926,100,100049,100,99916,100,100060,100,99915,100,100066,100,99903,100
2019-06-28 09:43:30.000000000,99969,569,99963,469,99970,200,99954,100,100025,100,99951,100,100034,100,99947,100,100037,100,99942,100,100040,100,99938,100,100047,100,99926,100,100049,100,99916,100,100060,100,99915,100,100066,100,99903,100
2019-06-28 09:43:40.000000000,99969,274,99963,174,99970,274,99954,174,100025,174,99951,174,100034,174,99947,174,100037,174,99942,174,100040,100,99938,100,100047,100,99926,100,100049,100,99916,100,100060,100,99915,100,100066,100,99903,100
2019-06-28 09:43:50.000000000,99969,384,99963,284,99970,384,99954,284,100025,100,99951,100,100034,100,99947,100,100037,100,99942,100,100040,100,99938,100,100047,100,99926,100,100049,100,99916,100,100060,100,99915,100,100066,100,99903,100
2019-06-28 09:44:00.000000000,99969,274,99963,174,99970,274,99954,174,100025,174,99951,174,100034,174,99947,174,100037,174,99942,174,100040,100,99938,100,100047,100,99926,100,100049,100,99916,100,100060,100,99915,100,100066,100,99903,100
2019-06-28 09:44:10.000000000,99969,292,99963,192,99970,292,99954,192,100025,192,99951,192,100034,192,99947,192,100037,100,99942,100,100040,100,99938,100,100047,100,99926,100,100049,100,99916,100,100060,100,99915,100,100066,100,99903,100
2019-06-28 09:44:17.580199158,99969,292,99963,192,99970,292,99954,192,100025,192,99951,192,100034,192,99947,92,100037,100,99942,100,100040,100,99938,100,100047,100,99926,100,100049,100,99916,100,100060,100,99915,100,100066,100,99903,100
2019-06-28 09:44:20.000000000,99969,274,99963,174,99970,274,99954,174,100025,174,99951,174,100034,174,99942,174,100037,174,99938,174,100040,100,99926,100,100047,100,99916,100,100049,100,99915,100,100060,100,99903,100,100066,100,99896,100
2019-06-28 09:44:20.969759915,99969,374,99963,174,99970,274,99954,174,100025,174,99951,174,100034,174,99942,174,100037,174,99938,174,100040,100,99926,100,100047,100,99916,100,100049,100,99915,100,100060,100,99903,100,100066,100,99896,100
2019-06-28 09:44:22.102411880,99969,374,99963,74,99970,274,99954,174,100025,174,99951,174,100034,174,99942,174,100037,174,99938,174,100047,100,99926,100,100049,100,99916,100,100060,100,99915,100,100066,100,99903,100,100067,100,99896,100
2019-06-28 09:44:30.000000000,99969,392,99954,192,99970,292,99951,192,100025,192,99942,192,100034,192,99938,192,100037,100,99926,100,100047,100,99916,100,100049,100,99915,100,100060,100,99903,100,100066,100,99896,100,100067,100,99757,100
2019-06-28 09:44:40.000000000,99969,425,99954,225,99970,322,99951,222,100025,222,99942,222,100034,100,99938,100,100037,100,99926,100,100047,100,99916,100,100049,100,99915,100,100060,100,99903,100,100066,100,99896,100,100067,100,99757,100
2019-06-28 09:44:50.000000000,99969,484,99954,284,99970,384,99951,284,100025,100,99942,100,100034,100,99938,100,100037,100,99926,100,100047,100,99916,100,100049,100,99915,100,100060,100,99903,100,100066,100,99896,100,100067,100,99757,100
2019-06-28 09:45:00.000000000,99969,669,99954,469,99970,200,99951,100,100025,100,99942,100,100034,100,99938,100,100037,100,99926,100,100047,100,99916,100,100049,100,99915,100,100060,100,99903,100,100066,100,99896,100,100067,100,99757,100
2019-06-28 09:45:04.530839944,99969,669,99954,469,99970,200,99951,100,100025,100,99942,100,100034,100,99938,100,100037,100,99926,100,100047,100,99916,100,100049,100,99915,100,100060,100,99903,100,100066,100,99896,100,100067,100,99757,100
2019-06-28 09:45:10.000000000,99969,374,99954,174,99970,274,99951,174,100025,174,99942,174,100034,174,99938,174,100037,174,99926,174,100047,100,99916,100,100049,100,99915,100,100060,100,99903,100,100066,100,99896,100,100067,100,99757,100
2019-06-28 09:45:19.988268292,99969,374,99954,74,99970,274,99951,174,100025,174,99942,174,100034,174,99938,174,100037,174,99926,174,100047,100,99916,100,100049,100,99915,100,100060,100,99896,100,100066,100,99757,100,100067,100,99637,100
2019-06-28 09:45:20.000000000,99969,392,99951,192,99970,292,99942,192,100025,192,99938,192,100034,192,99926,192,100037,100,99916,100,100047,100,99915,100,100049,100,99896,100,100060,100,99757,100,100066,100,99637,100,100067,100,99364,100
2019-06-28 09:45:30.000000000,99969,392,99951,192,99970,292,99942,192,100025,192,99938,192,100034,192,99926,192,100037,100,99916,100,100047,100,99915,100,100049,100,99896,100,100060,100,99757,100,100066,100,99637,100,100067,100,99364,100
2019-06-28 09:45:40.000000000,99969,374,99951,174,99970,274,99942,174,100025,174,99938,174,100034,174,99926,174,100037,174,99916,174,100047,100,99915,100,100049,100,99896,100,100060,100,99757,100,100066,100,99637,100,100067,100,99364,100
2019-06-28 09:45:44.759080750,99963,100,99951,174,99969,374,99942,174,99970,274,99938,174,100025,174,99926,174,100034,174,99916,174,100037,174,99915,100,100047,100,99896,100,100049,100,99757,100,100060,100,99637,100,100066,100,99364,100
2019-06-28 09:45:50.000000000,99963,192,99951,192,99969,392,99942,192,99970,292,99938,192,100025,192,99926,192,100034,100,99916,100,100037,100,99915,100,100047,100,99896,100,100049,100,99757,100,100060,100,99637,100,100066,100,99364,100
2019-06-28 09:46:00.000000000,99963,469,99951,469,99969,300,99942,100,99970,200,99938,100,100025,100,99926,100,100034,100,99916,100,100037,100,99915,100,100047,100,99896,100,100049,100,99757,100,100060,100,99637,100,100066,100,99364,100
2019-06-28 09:46:06.980961561,99963,569,99951,469,99969,300,99942,100,99970,100,99938,100,100025,100,99926,100,100034,100,99916,100,100037,100,99915,100,100047,100,99896,100,100049,100,99757,100,100060,100,99637,100,100066,100,99364,100
2019-06-28 09:46:10.000000000,99963,325,99951,225,99969,422,99942,222,99970,222,99938,222,100025,100,99926,100,100034,100,99916,100,100037,100,99915,100,100047,100,99896,100,100049,100,99757,100,100060,100,99637,100,100066,100,99364,100
2019-06-28 09:46:20.000000000,99963,384,99951,284,99969,484,99942,284,99970,100,99938,100,100025,100,99926,100,100034,100,99916,100,100037,100,99915,100,100047,100,99896,100,100049,100,99757,100,100060,100,99637,100,100066,100,99364,100
2019-06-28 09:46:22.399258773,99963,384,99951,284,99969,484,99942,284,99970,100,99938,100,100025,100,99926,100,100034,100,99916,100,100037,100,99915,100,100047,100,99896,100,100049,100,99757,100,100060,100,99637,100,100066,100,99364,100
2019-06-28 09:46:30.000000000,99963,274,99951,174,99969,374,99942,174,99970,174,99938,174,100025,174,99926,174,100034,174,99916,174,100037,100,99915,100,100047,100,99896,100,100049,100,99757,100,100060,100,99637,100,100066,100,99364,100
2019-06-28 09:46:40.000000000,99963,569,99951,469,99969,300,99942,100,99970,100,99938,100,100025,100,99926,100,100034,100,99916,100,100037,100,99915,100,100047,100,99896,100,100049,100,99757,100,100060,100,99637,100,100066,100,99364,100
2019-06-28 09:46:50.000000000,99963,325,99951,225,99969,422,99942,222,99970,222,99938,222,100025,100,99926,100,100034,100,99916,100,100037,100,99915,100,100047,100,99896,100,100049,100,99757,100,100060,100,99637,100,100066,100,99364,100
2019-06-28 09:47:00.000000000,99963,292,99951,192,99969,392,99942,192,99970,192,99938,192,100025,192,99926,192,100034,100,99916,100,100037,100,99915,100,100047,100,99896,100,100049,100,99757,100,100060,100,99637,100,100066,100,99364,100
2019-06-28 09:47:10.000000000,99963,325,99951,225,99969,422,99942,222,99970,222,99938,222,100025,100,99926,100,100034,100,99916,100,100037,100,99915,100,100047,100,99896,100,100049,100,99757,100,100060,100,99637,100,100066,100,99364,100
2019-06-28 09:47:20.000000000,99963,569,99951,469,99969,300,99942,100,99970,100,99938,100,100025,100,99926,100,100034,100,99916,100,100037,100,99915,100,100047,100,99896,100,100049,100,99757,100,100060,100,99637,100,100066,100,99364,100
2019-06-28 09:47:23.152959176,99963,569,99951,469,99969,300,99942,100,99970,100,99938,100,100025,100,99926,100,100034,100,99916,100,100037,100,99915,100,100047,100,99896,100,100049,100,99757,100,100060,100,99637,100,100066,100,99364,100
2019-06-28 09:47:30.000000000,99963,569,99951,469,99969,300,99942,100,99970,100,99938,100,100025,100,99926,100,100034,100,99916,100,100037,100,99915,100,100047,100,99896,100,100049,100,99757,100,100060,100,99637,100,100066,100,99364,100
2019-06-28 09:47:38.282561058,99963,569,99951,469,99969,300,99942,100,99970,100,99938,100,100025,100,99926,100,100034,100,99916,100,100037,100,99915,100,100047,100,99896,100,100049,100,99757,100,100060,100,99637,100,100066,100,99370,100
2019-06-28 09:47:40.000000000,99963,325,99951,225,99969,422,99942,222,99970,222,99938,222,100025,100,99926,100,100034,100,99916,100,100037,100,99915,100,100047,100,99896,100,100049,100,99757,100,100060,100,99637,100,100066,100,99370,100
2019-06-28 09:47:41.234268846,99963,425,99951,225,99969,322,99942,222,99970,222,99938,222,100025,100,99926,100,100034,100,99916,100,100037,100,99915,100,100047,100,99896,100,100049,100,99757,100,100060,100,99637,100,100066,100,99370,100
2019-06-28 09:47:50.000000000,99963,392,99951,192,99969,292,99942,192,99970,192,99938,192,100025,192,99926,192,100034,100,99916,100,100037,100,99915,100,100047,100,99896,100,100049,100,99757,100,100060,100,99637,100,100066,100,99370,100
2019-06-28 09:48:00.000000000,99963,425,99951,225,99969,322,99942,222,99970,222,99938,222,100025,100,99926,100,100034,100,99916,100,100037,100,99915,100,100047,100,99896,100,100049,100,99757,100,100060,100,99637,100,100066,100,99370,100
2019-06-28 09:48:02.231876458,99963,425,99951,225,99969,322,99942,222,99970,222,99938,222,100025,100,99926,100,100034,100,99916,100,100037,100,99915,100,100047,100,99896,100,100049,100,99757,100,100060,100,99637,100,100066,100,99377,100
2019-06-28 09:48:10.000000000,99963,425,99951,225,99969,322,99942,222,99970,222,99938,222,100025,100,99926,100,100034,100,99916,100,100037,100,99915,100,100047,100,99896,100,100049,100,99757,100,100060,100,99637,100,100066,100,99377,100
2019-06-28 09:48:10.868485425,99963,425,99951,225,99969,322,99942,222,99970,222,99938,222,100025,100,99926,100,100034,100,99916,100,100037,100,99915,100,100047,100,99896,100,100049,100,99757,100,100060,100,99637,100,100066,100,99377,100
2019-06-28 09:48:17.732580291,99963,425,99951,225,99969,322,99942,222,99970,222,99938,222,100025,100,99926,100,100034,100,99916,100,100037,100,99896,100,100047,100,99757,100,100049,100,99637,100,100060,100,99377,100,100066,100,99370,100
2019-06-28 09:48:20.000000000,99963,484,99951,284,99969,384,99942,284,99970,100,99938,100,100025,100,99926,100,100034,100,99916,100,100037,100,99896,100,100047,100,99757,100,100049,100,99637,100,100060,100,99377,100,100066,100,99370,100
2019-06-28 09:48:30.000000000,99963,392,99951,192,99969,292,99942,192,99970,192,99938,192,100025,192,99926,192,100034,100,99916,100,100037,100,99896,100,100047,100,99757,100,100049,100,99637,100,100060,100,99377,100,100066,100,99370,100
2019-06-28 09:48:40.000000000,99963,484,99951,284,99969,384,99942,284,99970,100,99938,100,100025,100,99926,100,100034,100,99916,100,100037,100,99896,100,100047,100,99757,100,100049,100,99637,100,100060,100,99377,100,100066,100,99370,100
2019-06-28 09:48:42.453934956,99963,484,99951,284,99969,384,99942,284,99970,100,99938,100,100034,100,99926,100,100037,100,99916,100,100047,100,99896,100,100049,100,99757,100,100060,100,99637,100,100066,100,99377,100,100067,100,99370,100
2019-06-28 09:48:50.000000000,99963,392,99951,192,99969,292,99942,192,99970,192,99938,192,100034,192,99926,192,100037,100,99916,100,100047,100,99896,100,100049,100,99757,100,100060,100,99637,100,100066,100,99377,100,100067,100,99370,100
2019-06-28 09:48:59.746787048,99963,392,99951,92,99969,292,99942,192,99970,192,99938,192,100034,192,99926,192,100037,100,99916,100,100047,100,99896,100,100049,100,99757,100,100060,100,99637,100,100067,100,99377,100,100078,100,99370,100
2019-06-28 09:49:00.000000000,99963,669,99942,469,99969,200,99938,100,99970,100,99926,100,100034,100,99916,100,100037,100,99896,100,100047,100,99757,100,100049,100,99637,100,100060,100,99377,100,100067,100,99370,100,100078,100,99364,100
2019-06-28 09:49:10.000000000,99963,374,99942,174,99969,274,99938,174,99970,174,99926,174,100034,174,99916,174,100037,174,99896,174,100047,100,99757,100,100049,100,99637,100,100060,100,99377,100,100067,100,99370,100,100078,100,99364,100
2019-06-28 09:49:19.551341710,99963,374,99942,74,99969,274,99938,174,99970,174,99926,174,100034,174,99916,174,100037,174,99896,174,100047,100,99757,100,100049,100,99637,100,100060,100,99377,100,100078,100,99370,100,100096,200,99364,100
2019-06-28 09:49:20.000000000,99963,392,99938,192,99969,292,99926,192,99970,192,99916,192,100034,192,99896,192,100037,100,99757,100,100047,100,99637,100,100049,100,99377,100,100060,100,99370,100,100078,100,99364,100,100096,200,99323,100
2019-06-28 09:49:30.000000000,99963,374,99938,174,99969,274,99926,174,99970,174,99916,174,100034,174,99896,174,100037,174,99757,174,100047,100,99637,100,100049,100,99377,100,100060,100,99370,100,100078,100,99364,100,100096,200,99323,100
2019-06-28 09:49:31.772889485,99963,374,99938,174,99969,274,99926,174,99970,174,99916,174,100034,174,99896,174,100037,174,99757,174,100047,100,99688,100,100049,100,99637,100,100060,100,99377,100,100078,100,99370,100,100096,200,99364,100
2019-06-28 09:49:40.000000000,99963,425,99938,225,99969,322,99926,222,99970,222,99916,222,100034,100,99896,100,100037,100,99757,100,100047,100,99688,100,100049,100,99637,100,100060,100,99377,100,100078,100,99370,100,100096,200,99364,100
2019-06-28 09:49:50.000000000,99963,669,99938,469,99969,200,99926,100,99970,100,99916,100,100034,100,99896,100,100037,100,99757,100,100047,100,99688,100,100049,100,99637,100,100060,100,99377,100,100078,100,99370,100,100096,200,99364,100
2019-06-28 09:50:00.000000000,99963,425,99938,225,99969,322,99926,222,99970,222,99916,222,100034,100,99896,100,100037,100,99757,100,100047,100,99688,100,100049,100,99637,100,100060,100,99377,100,100078,100,99370,100,100096,200,99364,100
2019-06-28 09:50:10.000000000,99963,484,99938,284,99969,384,99926,284,99970,100,99916,100,100034,100,99896,100,100037,100,99757,100,100047,100,99688,100,100049,100,99637,100,100060,100,99377,100,100078,100,99370,100,100096,200,99364,100
2019-06-28 09:50:20.000000000,99963,669,99938,469,99969,200,99926,100,99970,100,99916,100,100034,100,99896,100,100037,100,99757,100,100047,100,99688,100,100049,100,99637,100,100060,100,99377,100,100078,100,99370,100,100096,200,99364,100
2019-06-28 09:50:30.000000000,99963,374,99938,174,99969,274,99926,174,99970,174,99916,174,100034,174,99896,174,100037,174,99757,174,100047,100,99688,100,100049,100,99637,100,100060,100,99377,100,100078,100,99370,100,100096,200,99364,100
2019-06-28 09:50:40.000000000,99963,484,99938,284,99969,384,99926,284,99970,100,99916,100,100034,100,99896,100,100037,100,99757,100,100047,100,99688,100,100049,100,99637,100,100060,100,99377,100,100078,100,99370,100,100096,200,99364,100
2019-06-28 09:50:50.000000000,99963,374,99938,174,99969,274,99926,174,99970,174,99916,174,100034,174,99896,174,100037,174,99757,174,100047,100,99688,100,100049,100,99637,100,100060,100,99377,100,100078,100,99370,100,100096,200,99364,100
2019-06-28 09:51:00.000000000,99963,392,99938,192,99969,292,99926,192,99970,192,99916,192,100034,192,99896,192,100037,100,99757,100,100047,100,99688,100,100049,100,99637,100,100060,100,99377,100,100078,100,99370,100,100096,200,99364,100
2019-06-28 09:51:07.211237414,99963,392,99952,100,99969,292,99938,192,99970,192,99926,192,100034,192,99916,192,100037,100,99896,192,100047,100,99757,100,100049,100,99688,100,100060,100,99637,100,100078,100,99377,100,100096,200,99370,100
2019-06-28 09:51:10.000000000,99963,392,99952,192,99969,292,99938,192,99970,192,99926,192,100034,192,99916,192,100037,100,99896,100,100047,100,99757,100,100049,100,99688,100,100060,100,99637,100,100078,100,99377,100,100096,200,99370,100
2019-06-28 09:51:20.000000000,99963,392,99952,192,99969,292,99938,192,99970,192,99926,192,100034,192,99916,192,100037,100,99896,100,100047,100,99757,100,100049,100,99688,100,100060,100,99637,100,100078,100,99377,100,100096,200,99370,100
2019-06-28 09:51:30.000000000,99963,374,99952,174,99969,274,99938,174,99970,174,99926,174,100034,174,99916,174,100037,174,99896,174,100047,100,99757,100,100049,100,99688,100,100060,100,99637,100,100078,100,99377,100,100096,200,99370,100
2019-06-28 09:51:40.000000000,99963,669,99952,469,99969,200,99938,100,99970,100,99926,100,100034,100,99916,100,100037,100,99896,100,100047,100,99757,100,100049,100,99688,100,100060,100,99637,100,100078,100,99377,100,100096,200,99370,100
2019-06-28 09:51:50.000000000,99963,425,99952,225,99969,322,99938,222,99970,222,99926,222,100034,100,99916,100,100037,100,99896,100,100047,100,99757,100,100049,100,99688,100,100060,100,99637,100,100078,100,99377,100,100096,200,99370,100
2019-06-28 09:52:00.000000000,99963,374,99952,174,99969,274,99938,174,99970,174,99926,174,100034,174,99916,174,100037,174,99896,174,100047,100,99757,100,100049,100,99688,100,100060,100,99637,100,100078,100,99377,100,100096,200,99370,100
2019-06-28 09:52:10.000000000,99963,669,99952,469,99969,200,99938,100,99970,100,99926,100,100034,100,99916,100,100037,100,99896,100,100047,100,99757,100,100049,100,99688,100,100060,100,99637,100,100078,100,99377,100,100096,200,99370,100
2019-06-28 09:52:13.328382614,99963,569,99952,469,99969,200,99938,100,99970,100,99926,100,100034,100,99916,100,100037,100,99896,100,100047,100,99757,100,100049,100,99688,100,100060,100,99637,100,100078,100,99377,100,100096,200,99370,100
2019-06-28 09:52:20.000000000,99963,384,99952,284,99969,384,99938,284,99970,100,99926,100,100034,100,99916,100,100037,100,99896,100,100047,100,99757,100,100049,100,99688,100,100060,100,99637,100,100078,100,99377,100,100096,200,99370,100
2019-06-28 09:52:29.829594596,99963,384,99952,284,99969,384,99938,284,99970,100,99926,100,100034,100,99916,100,100037,100,99896,100,100047,100,99757,100,100049,100,99688,100,100060,100,99637,100,100078,100,99377,100,100096,200,99370,100
2019-06-28 09:52:30.000000000,99963,292,99952,192,99969,292,99938,192,99970,192,99926,192,100034,192,99916,192,100037,100,99896,100,100047,100,99757,100,100049,100,99688,100,100060,100,99637,100,100078,100,99377,100,100096,200,99370,100
2019-06-28 09:52:40.000000000,99963,274,99952,174,99969,274,99938,174,99970,174,99926,174,100034,174,99916,174,100037,174,99896,174,100047,100,99757,100,100049,100,99688,100,100060,100,99637,100,100078,100,99377,100,100096,200,99370,100
2019-06-28 09:52:50.000000000,99963,274,99952,174,99969,274,99938,174,99970,174,99926,174,100034,174,99916,174,100037,174,99896,174,100047,100,99757,100,100049,100,99688,100,100060,100,99637,100,100078,100,99377,100,100096,200,99370,100
2019-06-28 09:53:00.000000000,99963,325,99952,225,99969,322,99938,222,99970,222,99926,222,100034,100,99916,100,100037,100,99896,100,100047,100,99757,100,100049,100,99688,100,100060,100,99637,100,100078,100,99377,100,100096,200,99370,100
2019-06-28 09:53:02.989502587,99963,225,99952,225,99969,322,99938,222,99970,222,99926,222,100034,100,99916,100,100037,100,99896,100,100047,100,99757,100,100049,100,99688,100,100060,100,99637,100,100078,100,99377,100,100096,200,99370,100
2019-06-28 09:53:10.000000000,99963,284,99952,284,99969,384,99938,284,99970,100,99926,100,100034,100,99916,100,100037,100,99896,100,100047,100,99757,100,100049,100,99688,100,100060,100,99637,100,100078,100,99377,100,100096,200,99370,100
2019-06-28 09:53:17.777801955,99963,184,99952,284,99969,384,99938,284,99970,100,99926,100,100034,100,99916,100,100037,100,99896,100,100047,100,99757,100,100049,100,99688,100,100060,100,99637,100,100078,100,99377,100,100096,200,99370,100
2019-06-28 09:53:20.000000000,99969,274,99952,174,99970,174,99938,174,100034,174,99926,174,100037,174,99916,174,100047,174,99896,174,100049,100,99757,100,100060,100,99688,100,100078,100,99637,100,100096,200,99377,100,100131,100,99370,100
2019-06-28 09:53:27.230077448,99969,274,99952,174,99970,174,99938,174,100034,174,99926,174,100037,174,99916,174,100047,174,99896,174,100049,100,99757,100,100060,100,99688,100,100078,100,99637,100,100096,200,99377,100,100131,100,99370,100
2019-06-28 09:53:28.803200702,99969,174,99952,174,99970,174,99938,174,100034,174,99926,174,100037,174,99916,174,100047,174,99896,174,100049,100,99757,100,100060,100,99688,100,100078,100,99637,100,100096,200,99377,100,100131,100,99370,100
2019-06-28 09:53:30.000000000,99969,174,99952,174,99970,174,99938,174,100034,174,99926,174,100037,174,99916,174,100047,174,99896,174,100049,100,99757,100,100060,100,99688,100,100078,100,99637,100,100096,200,99377,100,100131,100,99370,100
2019-06-28 09:53:34.765514690,99969,174,99952,174,99970,174,99938,174,100034,174,99926,174,100037,174,99916,174,100047,174,99896,174,100049,100,99757,100,100060,100,99637,100,100078,100,99377,100,100096,200,99370,100,100131,100,99364,100
2019-06-28 09:53:40.000000000,99969,174,99952,174,99970,174,99938,174,100034,174,99926,174,100037,174,99916,174,100047,174,99896,174,100049,100,99757,100,100060,100,99637,100,100078,100,99377,100,100096,200,99370,100,100131,100,99364,100
2019-06-28 09:53:44.867735401,99969,174,99952,74,99970,174,99938,174,100034,174,99926,174,100037,174,99916,174,100047,174,99896,174,100049,100,99757,100,100060,100,99637,100,100078,100,99377,100,100096,200,99370,100,100131,100,99364,100
2019-06-28 09:53:47.653611791,99969,174,99963,100,99970,174,99952,74,100034,174,99938,174,100037,174,99926,174,100047,174,99916,174,100049,100,99896,174,100060,100,99757,100,100078,100,99637,100,100096,200,99377,100,100131,100,99370,100
2019-06-28 09:53:48.586334954,99969,174,99963,100,99970,174,99952,74,100034,174,99938,174,100037,174,99926,174,100047,174,99916,174,100049,100,99896,174,100060,100,99757,100,100078,100,99637,100,100096,200,99377,100,100131,100,99370,100
2019-06-28 09:53:50.000000000,99969,174,99963,174,99970,174,99938,174,100034,174,99926,174,100037,174,99916,174,100047,174,99896,174,100049,100,99757,100,100060,100,99637,100,100078,100,99377,100,100096,200,99370,100,100131,100,99364,100
2019-06-28 09:54:00.000000000,99969,469,99963,469,99970,100,99938,100,100034,100,99926,100,100037,100,99916,100,100047,100,99896,100,100049,100,99757,100,100060,100,99637,100,100078,100,99377,100,100096,200,99370,100,100131,100,99364,100
2019-06-28 09:54:10.000000000,99969,469,99963,469,99970,100,99938,100,100034,100,99926,100,100037,100,99916,100,100047,100,99896,100,100049,100,99757,100,100060,100,99637,100,100078,100,99377,100,100096,200,99370,100,100131,100,99364,100
2019-06-28 09:54:14.647477016,99969,469,99963,469,99970,100,99938,100,100034,100,99926,100,100037,100,99916,100,100047,100,99896,100,100049,100,99757,100,100060,100,99637,100,100078,100,99377,100,100096,200,99370,100,100131,100,99364,100
2019-06-28 09:54:20.000000000,99969,192,99963,192,99970,192,99938,192,100034,192,99926,192,100037,192,99916,192,100047,100,99896,100,100049,100,99757,100,100060,100,99637,100,100078,100,99377,100,100096,200,99370,100,100131,100,99364,100
2019-06-28 09:54:21.212638851,99969,192,99963,192,99970,192,99938,192,100034,192,99926,192,100037,192,99916,192,100047,100,99896,100,100049,100,99757,100,100060,100,99637,100,100078,100,99377,100,100096,200,99370,100,100131,100,99364,100
2019-06-28 09:54:30.000000000,99969,225,99963,225,99970,222,99938,222,100034,222,99926,222,100037,100,99916,100,100047,100,99896,100,100049,100,99757,100,100060,100,99637,100,100078,100,99377,100,100096,200,99370,100,100131,100,99364,100
2019-06-28 09:54:37.237544088,99969,225,99963,225,99970,222,99938,222,100034,222,99926,222,100037,100,99916,100,100047,100,99896,100,100049,100,99757,100,100060,100,99637,100,100078,100,99377,100,100096,200,99370,100,100131,100,99364,100
2019-06-28 09:54:38.045025535,99969,225,99963,225,99970,222,99938,222,100034,222,99926,222,100037,100,99916,100,100047,100,99896,100,100049,100,99757,100,100060,100,99637,100,100078,100,99377,100,100096,200,99370,100,100131,100,99364,100
2019-06-28 09:54:40.000000000,99969,225,99963,225,99970,222,99938,222,100034,222,99926,222,100037,100,99916,100,100047,100,99896,100,100049,100,99757,100,100060,100,99637,100,100078,100,99377,100,100096,200,99370,100,100131,100,99364,100
2019-06-28 09:54:42.128084268,99969,125,99963,225,99970,222,99938,222,100034,222,99926,222,100037,100,99916,100,100047,100,99896,100,100049,100,99757,100,100060,100,99637,100,100078,100,99377,100,100096,200,99370,100,100131,100,99364,100
2019-06-28 09:54:46.059278716,99969,125,99963,225,99970,222,99938,222,100034,222,99926,222,100037,100,99916,100,100047,100,99896,100,100049,100,99757,100,100060,100,99637,100,100078,100,99377,100,100096,200,99370,100,100131,100,99364,100
2019-06-28 09:54:50.000000000,99970,174,99963,174,100034,174,99938,174,100037,174,99926,174,100047,174,99916,174,100049,174,99896,174,100060,100,99757,100,100078,100,99637,100,100096,200,99377,100,100131,100,99370,100,100143,100,99364,100
2019-06-28 09:55:00.000000000,99970,225,99963,225,100034,222,99938,222,100037,222,99926,222,100047,100,99916,100,100049,100,99896,100,100060,100,99757,100,100078,100,99637,100,100096,200,99377,100,100131,100,99370,100,100143,100,99364,100
2019-06-28 09:55:10.000000000,99970,174,99963,174,100034,174,99938,174,100037,174,99926,174,100047,174,99916,174,100049,174,99896,174,100060,100,99757,100,100078,100,99637,100,100096,200,99377,100,100131,100,99370,100,100143,100,99364,100
2019-06-28 09:55:20.000000000,99970,225,99963,225,100034,222,99938,222,100037,222,99926,222,100047,100,99916,100,100049,100,99896,100,100060,100,99757,100,100078,100,99637,100,100096,200,99377,100,100131,100,99370,100,100143,100,99364,100
2019-06-28 09:55:30.000000000,99970,174,99963,174,100034,174,99938,174,100037,174,99926,174,100047,174,99916,174,100049,174,99896,174,100060,100,99757,100,100078,100,99637,100,100096,200,99377,100,100131,100,99370,100,100143,100,99364,100
2019-06-28 09:55:34.430802923,99970,174,99963,174,100034,174,99938,174,100037,174,99926,174,100047,174,99916,174,100049,174,99896,174,100060,100,99757,100,100078,100,99637,100,100096,200,99377,100,100131,100,99370,100,100143,100,99364,100
2019-06-28 09:55:40.000000000,99970,192,99963,192,100034,192,99938,192,100037,192,99926,192,100047,192,99916,192,100049,100,99896,100,100060,100,99757,100,100078,100,99637,100,100096,200,99377,100,100131,100,99370,100,100143,100,99364,100
2019-06-28 09:55:50.000000000,99970,284,99963,284,100034,284,99938,284,100037,100,99926,100,100047,100,99916,100,100049,100,99896,100,100060,100,99757,100,100078,100,99637,100,100096,200,99377,100,100131,100,99370,100,100143,100,99364,100
2019-06-28 09:55:53.477885825,99970,184,99963,284,100034,284,99938,284,100037,100,99926,100,100047,100,99916,100,100049,100,99896,100,100060,100,99757,100,100078,100,99637,100,100096,200,99377,100,100131,100,99370,100,100143,100,99364,100
2019-06-28 09:55:54.864694310,99970,184,99969,100,100034,284,99963,284,100037,100,99938,284,100047,100,99926,100,100049,100,99916,100,100060,100,99896,100,100078,100,99757,100,100096,200,99637,100,100131,100,99377,100,100143,100,99370,100
2019-06-28 09:56:00.000000000,100034,174,99969,174,100037,174,99963,174,100047,174,99938,174,100049,174,99926,174,100060,174,99916,174,100078,100,99896,100,100096,200,99757,100,100131,100,99637,100,100143,100,99377,100,101152,100,99370,100
2019-06-28 09:56:05.436058959,100034,174,99969,174,100037,174,99963,174,100047,174,99938,174,100049,174,99926,174,100060,174,99916,174,100078,100,99896,100,100096,200,99757,100,100131,100,99637,100,100143,100,99377,100,100902,100,99370,100
2019-06-28 09:56:07.162757534,100034,74,99969,174,100037,174,99963,174,100047,174,99938,174,100049,174,99926,74,100060,174,99916,174,100078,100,99896,100,100096,200,99757,100,100131,100,99637,100,100143,100,99377,100,100902,100,99370,100
2019-06-28 09:56:10.000000000,100037,225,99969,225,100047,222,99963,222,100049,222,99938,222,100060,100,99916,100,100078,100,99896,100,100096,200,99757,100,100131,100,99637,100,100143,100,99377,100,100902,100,99370,100,101152,100,99364,100
2019-06-28 09:56:20.000000000,100037,174,99969,174,100047,174,99963,174,100049,174,99938,174,100060,174,99916,174,100078,174,99896,174,100096,200,99757,100,100131,100,99637,100,100143,100,99377,100,100902,100,99370,100,101152,100,99364,100
2019-06-28 09:56:20.674764711,100037,174,99969,174,100047,174,99963,174,100049,174,99938,174,100060,174,99916,174,100078,174,99896,174,100096,200,99757,100,100131,100,99637,100,100143,100,99377,100,100902,100,99370,100,100966,100,99364,100
2019-06-28 09:56:29.102393697,100037,174,99969,174,100047,174,99963,174,100049,174,99938,174,100060,174,99916,174,100078,174,99896,174,100096,200,99757,100,100131,100,99637,100,100143,100,99370,100,100902,100,99364,100,100926,100,99323,100
2019-06-28 09:56:30.000000000,100037,284,99969,284,100047,284,99963,284,100049,100,99938,100,100060,100,99916,100,100078,100,99896,100,100096,200,99757,100,100131,100,99637,100,100143,100,99370,100,100902,100,99364,100,100926,100,99323,100
2019-06-28 09:56:40.000000000,100037,192,99969,192,100047,192,99963,192,100049,192,99938,192,100060,192,99916,192,100078,100,99896,100,100096,200,99757,100,100131,100,99637,100,100143,100,99370,100,100902,100,99364,100,100926,100,99323,100
2019-06-28 09:56:50.000000000,100037,192,99969,192,100047,192,99963,192,100049,192,99938,192,100060,192,99916,192,100078,100,99896,100,100096,200,99757,100,100131,100,99637,100,100143,100,99370,100,100902,100,99364,100,100926,100,99323,100
2019-06-28 09:57:00.000000000,100037,225,99969,225,100047,222,99963,222,100049,222,99938,222,100060,100,99916,100,100078,100,99896,100,100096,200,99757,100,100131,100,99637,100,100143,100,99370,100,100902,100,99364,100,100926,100,99323,100
2019-06-28 09:57:10.000000000,100037,225,99969,225,100047,222,99963,222,100049,222,99938,222,100060,100,99916,100,100078,100,99896,100,100096,200,99757,100,100131,100,99637,100,100143,100,99370,100,100902,100,99364,100,100926,100,99323,100
2019-06-28 09:57:20.000000000,100037,469,99969,469,100047,100,99963,100,100049,100,99938,100,100060,100,99916,100,100078,100,99896,100,100096,200,99757,100,100131,100,99637,100,100143,100,99370,100,100902,100,99364,100,100926,100,99323,100
2019-06-28 09:57:30.000000000,100037,284,99969,284,100047,284,99963,284,100049,100,99938,100,100060,100,99916,100,100078,100,99896,100,100096,200,99757,100,100131,100,99637,100,100143,100,99370,100,100902,100,99364,100,100926,100,99323,100
2019-06-28 09:57:38.935550374,100037,284,99970,100,100047,284,99969,284,100049,100,99963,284,100060,100,99938,100,100078,100,99916,100,100096,200,99896,100,100131,100,99757,100,100143,100,99637,100,100902,100,99370,100,100926,100,99364,100
2019-06-28 09:57:40.000000000,100037,284,99970,284,100047,284,99969,284,100049,100,99963,100,100060,100,99938,100,100078,100,99916,100,100096,200,99896,100,100131,100,99757,100,100143,100,99637,100,100902,100,99370,100,100926,100,99364,100
2019-06-28 09:57:40.728079314,100037,284,99970,384,100047,284,99969,284,100049,100,99963,100,100060,100,99938,100,100078,100,99916,100,100096,200,99896,100,100131,100,99757,100,100143,100,99637,100,100902,100,99370,100,100926,100,99364,100
2019-06-28 09:57:50.000000000,100037,174,99970,274,100047,174,99969,174,100049,174,99963,174,100060,174,99938,174,100078,174,99916,174,100096,200,99896,100,100131,100,99757,100,100143,100,99637,100,100902,100,99370,100,100926,100,99364,100
2019-06-28 09:58:00.000000000,100037,192,99970,292,100047,192,99969,192,100049,192,99963,192,100060,192,99938,192,100078,100,99916,100,100096,200,99896,100,100131,100,99757,100,100143,100,99637,100,100902,100,99370,100,100926,100,99364,100
2019-06-28 09:58:02.783423064,100037,192,99970,292,100047,192,99969,192,100049,192,99963,192,100060,192,99938,192,100078,100,99916,100,100096,200,99896,100,100143,100,99757,100,100571,100,99637,100,100902,100,99370,100,100926,100,99364,100
2019-06-28 09:58:10.000000000,100037,225,99970,325,100047,222,99969,222,100049,222,99963,222,100060,100,99938,100,100078,100,99916,100,100096,200,99896,100,100143,100,99757,100,100571,100,99637,100,100902,100,99370,100,100926,100,99364,100
2019-06-28 09:58:16.560995036,100037,125,99970,325,100047,222,99969,222,100049,222,99963,222,100060,100,99938,100,100078,100,99916,100,100096,200,99896,100,100143,100,99757,100,100571,100,99637,100,100902,100,99370,100,100926,100,99364,100
2019-06-28 09:58:20.000000000,100047,174,99970,274,100049,174,99969,174,100060,174,99963,174,100078,174,99938,174,100096,274,99916,174,100143,100,99896,100,100571,100,99757,100,100902,100,99637,100,100926,100,99370,100,100966,100,99364,100
2019-06-28 09:58:26.574373354,100047,74,99970,274,100049,174,99969,174,100060,174,99963,174,100078,174,99938,174,100096,274,99916,174,100143,100,99896,100,100571,100,99757,100,100902,100,99637,100,100926,100,99370,100,100966,100,99364,100
2019-06-28 09:58:30.000000000,100049,174,99970,274,100060,174,99969,174,100078,174,99963,174,100096,274,99938,174,100143,174,99916,174,100571,100,99896,100,100902,100,99757,100,100926,100,99637,100,100966,100,99370,100,101152,100,99364,100
2019-06-28 09:58:31.187591905,100049,174,99970,274,100060,174,99969,174,100078,174,99963,174,100096,274,99938,174,100143,174,99916,174,100571,100,99896,100,100861,100,99757,100,100902,100,99637,100,100926,100,99370,100,100966,100,99364,100
2019-06-28 09:58:38.342262307,100049,174,99970,274,100060,174,99969,174,100078,174,99963,174,100096,274,99938,174,100143,174,99916,174,100571,100,99896,100,100805,100,99757,100,100861,100,99637,100,100902,100,99370,100,100926,100,99364,100
2019-06-28 09:58:40.000000000,100049,469,99970,569,100060,100,99969,100,100078,100,99963,100,100096,200,99938,100,100143,100,99916,100,100571,100,99896,100,100805,100,99757,100,100861,100,99637,100,100902,100,99370,100,100926,100,99364,100
2019-06-28 09:58:50.000000000,100049,174,99970,274,100060,174,99969,174,100078,174,99963,174,100096,274,99938,174,100143,174,99916,174,100571,100,99896,100,100805,100,99757,100,100861,100,99637,100,100902,100,99370,100,100926,100,99364,100
2019-06-28 09:59:00.000000000,100049,174,99970,274,100060,174,99969,174,100078,174,99963,174,100096,274,99938,174,100143,174,99916,174,100571,100,99896,100,100805,100,99757,100,100861,100,99637,100,100902,100,99370,100,100926,100,99364,100
2019-06-28 09:59:00.577129025,100049,74,99970,274,100060,174,99969,174,100078,174,99963,174,100096,274,99938,174,100143,174,99916,174,100571,100,99896,100,100805,100,99757,100,100861,100,99637,100,100902,100,99370,100,100926,100,99364,100
2019-06-28 09:59:10.000000000,100060,284,99970,384,100078,284,99969,284,100096,200,99963,100,100143,100,99938,100,100571,100,99916,100,100805,100,99896,100,100861,100,99757,100,100902,100,99637,100,100926,100,99370,100,100966,100,99364,100
2019-06-28 09:59:20.000000000,100060,469,99970,569,100078,100,99969,100,100096,200,99963,100,100143,100,99938,100,100571,100,99916,100,100805,100,99896,100,100861,100,99757,100,100902,100,99637,100,100926,100,99370,100,100966,100,99364,100
2019-06-28 09:59:26.162767259,100060,369,99970,569,100078,100,99969,100,100096,200,99963,100,100143,100,99938,100,100571,100,99916,100,100805,100,99896,100,100861,100,99757,100,100902,100,99637,100,100926,100,99370,100,100966,100,99364,100
2019-06-28 09:59:30.000000000,100078,284,99970,384,100096,384,99969,284,100143,100,99963,100,100571,100,99938,100,100805,100,99916,100,100861,100,99896,100,100902,100,99757,100,100926,100,99637,100,100966,100,99370,100,101152,100,99364,100
2019-06-28 09:59:40.000000000,100078,469,99970,569,100096,200,99969,100,100143,100,99963,100,100571,100,99938,100,100805,100,99916,100,100861,100,99896,100,100902,100,99757,100,100926,100,99637,100,100966,100,99370,100,101152,100,99364,100
2019-06-28 09:59:45.347811144,100078,469,99970,569,100096,200,99969,100,100143,100,99963,100,100571,100,99938,100,100738,100,99916,100,100805,100,99896,100,100861,100,99757,100,100902,100,99637,100,100926,100,99370,100,100966,100,99364,100
2019-06-28 09:59:50.000000000,100078,192,99970,292,100096,292,99969,192,100143,192,99963,192,100571,192,99938,192,100738,100,99916,100,100805,100,99896,100,100861,100,99757,100,100902,100,99637,100,100926,100,99370,100,100966,100,99364,100
2019-06-28 10:00:00.000000000,100078,284,99970,384,100096,384,99969,284,100143,100,99963,100,100571,100,99938,100,100738,100,99916,100,100805,100,99896,100,100861,100,99757,100,100902,100,99637,100,100926,100,99370,100,100966,100,99364,100
2019-06-28 10:00:06.427949226,100078,284,99970,384,100096,384,99969,284,100143,100,99963,100,100259,100,99938,100,100571,100,99916,100,100738,100,99896,100,100805,100,99757,100,100861,100,99637,100,100902,100,99370,100,100926,100,99364,100
2019-06-28 10:00:10.000000000,100078,192,99970,292,100096,292,99969,192,100143,192,99963,192,100259,192,99938,192,100571,100,99916,100,100738,100,99896,100,100805,100,99757,100,100861,100,99637,100,100902,100,99370,100,100926,100,99364,100
2019-06-28 10:00:11.330973798,100078,92,99970,292,100096,292,99969,192,100143,192,99963,192,100259,192,99938,192,100571,100,99916,100,100738,100,99896,100,100805,100,99757,100,100861,100,99637,100,100902,100,99370,100,100926,100,99364,100
2019-06-28 10:00:20.000000000,100096,569,99970,569,100143,100,99969,100,100259,100,99963,100,100571,100,99938,100,100738,100,99916,100,100805,100,99896,100,100861,100,99757,100,100902,100,99637,100,100926,100,99370,100,100966,100,99364,100
2019-06-28 10:00:20.996882606,100096,569,100060,100,100143,100,99970,569,100259,100,99969,100,100571,100,99963,100,100738,100,99938,100,100805,100,99916,100,100861,100,99896,100,100902,100,99757,100,100926,100,99637,100,100966,100,99370,100
2019-06-28 10:00:30.000000000,100096,325,100060,225,100143,222,99970,322,100259,222,99969,222,100571,100,99963,100,100738,100,99938,100,100805,100,99916,100,100861,100,99896,100,100902,100,99757,100,100926,100,99637,100,100966,100,99370,100
2019-06-28 10:00:30.711509413,100096,325,100060,225,100143,222,99970,322,100259,222,99969,222,100571,100,99963,100,100641,100,99938,100,100738,100,99916,100,100805,100,99896,100,100861,100,99757,100,100902,100,99637,100,100926,100,99370,100
2019-06-28 10:00:32.576086914,100096,325,100060,325,100143,222,99970,322,100259,222,99969,122,100571,100,99963,100,100641,100,99938,100,100738,100,99916,100,100805,100,99896,100,100861,100,99757,100,100902,100,99637,100,100926,100,99370,100
2019-06-28 10:00:40.000000000,100096,274,100060,274,100143,174,99970,274,100259,174,99963,174,100571,174,99938,174,100641,174,99916,174,100738,100,99896,100,100805,100,99757,100,100861,100,99637,100,100902,100,99370,100,100926,100,99364,100
2019-06-28 10:00:50.000000000,100096,569,100060,569,100143,100,99970,200,100259,100,99963,100,100571,100,99938,100,100641,100,99916,100,100738,100,99896,100,100805,100,99757,100,100861,100,99637,100,100902,100,99370,100,100926,100,99364,100
2019-06-28 10:00:53.089497295,100096,469,100060,569,100143,100,99970,200,100259,100,99963,100,100571,100,99938,100,100641,100,99916,100,100738,100,99896,100,100805,100,99757,100,100861,100,99637,100,100902,100,99370,100,100926,100,99364,100
2019-06-28 10:00:56.075942268,100096,469,100078,100,100143,100,100060,569,100259,100,99970,200,100571,100,99963,100,100641,100,99938,100,100738,100,99916,100,100805,100,99896,100,100861,100,99757,100,100902,100,99637,100,100926,100,99370,100
2019-06-28 10:01:00.000000000,100096,225,100078,225,100143,222,100060,322,100259,222,99970,322,100571,100,99963,100,100641,100,99938,100,100738,100,99916,100,100805,100,99896,100,100861,100,99757,100,100902,100,99637,100,100926,100,99370,100
2019-06-28 10:01:00.527196678,100096,125,100078,225,100143,222,100060,322,100259,222,99970,322,100571,100,99963,100,100641,100,99938,100,100738,100,99916,100,100805,100,99896,100,100861,100,99757,100,100902,100,99637,100,100926,100,99370,100
2019-06-28 10:01:10.000000000,100143,469,100078,469,100259,100,100060,200,100571,100,99970,200,100641,100,99963,100,100738,100,99938,100,100805,100,99916,100,100861,100,99896,100,100902,100,99757,100,100926,100,99637,100,100966,100,99370,100
2019-06-28 10:01:20.000000000,100143,284,100078,284,100259,284,100060,384,100571,100,99970,200,100641,100,99963,100,100738,100,99938,100,100805,100,99916,100,100861,100,99896,100,100902,100,99757,100,100926,100,99637,100,100966,100,99370,100
2019-06-28 10:01:23.522238045,100143,284,100078,284,100259,284,100060,384,100571,100,99970,200,100611,100,99963,100,100641,100,99938,100,100738,100,99916,100,100805,100,99896,100,100861,100,99757,100,100902,100,99637,100,100926,100,99370,100
2019-06-28 10:01:30.000000000,100143,174,100078,174,100259,174,100060,274,100571,174,99970,274,100611,174,99963,174,100641,174,99938,174,100738,100,99916,100,100805,100,99896,100,100861,100,99757,100,100902,100,99637,100,100926,100,99370,100
2019-06-28 10:01:40.000000000,100143,284,100078,284,100259,284,100060,384,100571,100,99970,200,100611,100,99963,100,100641,100,99938,100,100738,100,99916,100,100805,100,99896,100,100861,100,99757,100,100902,100,99637,100,100926,100,99370,100
2019-06-28 10:01:50.000000000,100143,284,100078,284,100259,284,100060,384,100571,100,99970,200,100611,100,99963,100,100641,100,99938,100,100738,100,99916,100,100805,100,99896,100,100861,100,99757,100,100902,100,99637,100,100926,100,99370,100
2019-06-28 10:02:00.000000000,100143,225,100078,225,100259,222,100060,322,100571,222,99970,322,100611,100,99963,100,100641,100,99938,100,100738,100,99916,100,100805,100,99896,100,100861,100,99757,100,100902,100,99637,100,100926,100,99370,100
2019-06-28 10:02:05.288860233,100143,225,100096,100,100259,222,100078,225,100571,222,100060,322,100611,100,99970,322,100641,100,99963,100,100738,100,99938,100,100805,100,99916,100,100861,100,99896,100,100902,100,99757,100,100926,100,99637,100
2019-06-28 10:02:10.000000000,100143,192,100096,192,100259,192,100078,192,100571,192,100060,292,100611,192,99970,292,100641,100,99963,100,100738,100,99938,100,100805,100,99916,100,100861,100,99896,100,100902,100,99757,100,100926,100,99637,100
2019-06-28 10:02:10.322817444,100143,192,100096,192,100259,192,100078,192,100371,100,100060,292,100571,192,99970,292,100611,192,99963,100,100641,100,99938,100,100738,100,99916,100,100805,100,99896,100,100861,100,99757,100,100902,100,99637,100
2019-06-28 10:02:13.394163644,100143,192,100096,292,100259,192,100078,192,100371,100,100060,192,100571,192,99970,292,100611,192,99963,100,100641,100,99938,100,100738,100,99916,100,100805,100,99896,100,100861,100,99757,100,100902,100,99637,100
2019-06-28 10:02:20.000000000,100143,192,100096,292,100259,192,100078,192,100371,192,100060,192,100571,192,99970,292,100611,100,99963,100,100641,100,99938,100,100738,100,99916,100,100805,100,99896,100,100861,100,99757,100,100902,100,99637,100
2019-06-28 10:02:30.000000000,100143,225,100096,325,100259,222,100078,222,100371,222,100060,222,100571,100,99970,200,100611,100,99963,100,100641,100,99938,100,100738,100,99916,100,100805,100,99896,100,100861,100,99757,100,100902,100,99637,100
2019-06-28 10:02:30.735205756,100143,225,100096,325,100259,222,100078,222,100322,100,100060,222,100371,222,99970,200,100571,100,99963,100,100611,100,99938,100,100641,100,99916,100,100738,100,99896,100,100805,100,99757,100,100861,100,99637,100
2019-06-28 10:02:40.000000000,100143,284,100096,384,100259,284,100078,284,100322,100,100060,100,100371,100,99970,200,100571,100,99963,100,100611,100,99938,100,100641,100,99916,100,100738,100,99896,100,100805,100,99757,100,100861,100,99637,100
2019-06-28 10:02:43.161297537,100143,184,100096,384,100259,284,100078,284,100322,100,100060,100,100371,100,99970,200,100571,100,99963,100,100611,100,99938,100,100641,100,99916,100,100738,100,99896,100,100805,100,99757,100,100861,100,99637,100
2019-06-28 10:02:50.000000000,100259,192,100096,292,100322,192,100078,192,100371,192,100060,192,100571,192,99970,292,100611,100,99963,100,100641,100,99938,100,100738,100,99916,100,100805,100,99896,100,100861,100,99757,100,100902,100,99637,100
2019-06-28 10:03:00.000000000,100259,192,100096,292,100322,192,100078,192,100371,192,100060,192,100571,192,99970,292,100611,100,99963,100,100641,100,99938,100,100738,100,99916,100,100805,100,99896,100,100861,100,99757,100,100902,100,99637,100
2019-06-28 10:03:03.078076564,100259,192,100097,100,100322,192,100096,292,100371,192,100078,192,100571,192,100060,192,100611,100,99970,292,100641,100,99963,100,100738,100,99938,100,100805,100,99916,100,100861,100,99896,100,100902,100,99757,100
2019-06-28 10:03:10.000000000,100259,284,100097,284,100322,284,100096,384,100371,100,100078,100,100571,100,100060,100,100611,100,99970,200,100641,100,99963,100,100738,100,99938,100,100805,100,99916,100,100861,100,99896,100,100902,100,99757,100
2019-06-28 10:03:20.000000000,100259,225,100097,225,100322,222,100096,322,100371,222,100078,222,100571,100,100060,100,100611,100,99970,200,100641,100,99963,100,100738,100,99938,100,100805,100,99916,100,100861,100,99896,100,100902,100,99757,100
2019-06-28 10:03:22.568751518,100259,225,100097,325,100322,222,100096,322,100371,222,100078,222,100571,100,100060,100,100611,100,99970,200,100641,100,99963,100,100738,100,99938,100,100805,100,99916,100,100861,100,99896,100,100902,100,99757,100
2019-06-28 10:03:30.000000000,100259,225,100097,325,100322,222,100096,322,100371,222,100078,222,100571,100,100060,100,100611,100,99970,200,100641,100,99963,100,100738,100,99938,100,100805,100,99916,100,100861,100,99896,100,100902,100,99757,100
2019-06-28 10:03:32.473816430,100259,225,100097,225,100322,222,100096,322,100371,222,100078,222,100571,100,100060,100,100611,100,99970,200,100641,100,99963,100,100738,100,99938,100,100805,100,99916,100,100861,100,99896,100,100902,100,99757,100
2019-06-28 10:03:40.000000000,100259,225,100097,225,100322,222,100096,322,100371,222,100078,222,100571,100,100060,100,100611,100,99970,200,100641,100,99963,100,100738,100,99938,100,100805,100,99916,100,100861,100,99896,100,100902,100,99757,100
2019-06-28 10:03:42.061642453,100259,225,100097,225,100322,222,100096,322,100371,222,100078,222,100571,100,100060,100,100611,100,100019,100,100641,100,99970,200,100738,100,99963,100,100805,100,99938,100,100861,100,99916,100,100902,100,99896,100
2019-06-28 10:03:50.000000000,100259,174,100097,174,100322,174,100096,274,100371,174,100078,174,100571,174,100060,174,100611,174,100019,174,100641,100,99970,200,100738,100,99963,100,100805,100,99938,100,100861,100,99916,100,100902,100,99896,100
2019-06-28 10:04:00.000000000,100259,225,100097,225,100322,222,100096,322,100371,222,100078,222,100571,100,100060,100,100611,100,100019,100,100641,100,99970,200,100738,100,99963,100,100805,100,99938,100,100861,100,99916,100,100902,100,99896,100
2019-06-28 10:04:09.844000727,100259,225,100097,225,100322,222,100096,322,100371,222,100078,222,100571,100,100060,100,100611,100,100019,100,100641,100,99970,200,100738,100,99963,100,100805,100,99938,100,100861,100,99916,100,100902,100,99896,100
2019-06-28 10:04:10.000000000,100259,192,100097,192,100322,192,100096,292,100371,192,100078,192,100571,192,100060,192,100611,100,100019,100,100641,100,99970,200,100738,100,99963,100,100805,100,99938,100,100861,100,99916,100,100902,100,99896,100
2019-06-28 10:04:17.822919449,100259,192,100097,192,100322,192,100096,292,100371,192,100078,192,100571,192,100060,192,100611,100,100047,100,100641,100,100019,100,100738,100,99970,200,100805,100,99963,100,100861,100,99938,100,100902,100,99916,100
2019-06-28 10:04:19.026160190,100259,192,100097,92,100322,192,100096,292,100371,192,100078,192,100571,192,100060,192,100611,100,100047,100,100641,100,100019,100,100738,100,99970,200,100805,100,99963,100,100861,100,99938,100,100902,100,99916,100
2019-06-28 10:04:20.000000000,100259,192,100096,292,100322,192,100078,192,100371,192,100060,192,100571,192,100047,192,100611,100,100019,100,100641,100,99970,200,100738,100,99963,100,100805,100,99938,100,100861,100,99916,100,100902,100,99896,100
2019-06-28 10:04:25.497987121,100259,192,100096,292,100322,192,100078,192,100371,192,100060,192,100571,192,100047,192,100611,100,100019,100,100641,100,99970,200,100738,100,99963,100,100805,100,99938,100,100861,100,99916,100,100902,100,99896,100
2019-06-28 10:04:30.000000000,100259,192,100096,292,100322,192,100078,192,100371,192,100060,192,100571,192,100047,192,100611,100,100019,100,100641,100,99970,200,100738,100,99963,100,100805,100,99938,100,100861,100,99916,100,100902,100,99896,100
2019-06-28 10:04:37.458214491,100108,100,100096,292,100259,192,100078,192,100322,192,100060,192,100371,192,100047,192,100571,192,100019,100,100611,100,99970,200,100641,100,99963,100,100738,100,99938,100,100805,100,99916,100,100861,100,99896,100
2019-06-28 10:04:40.000000000,100108,174,100096,274,100259,174,100078,174,100322,174,100060,174,100371,174,100047,174,100571,174,100019,174,100611,100,99970,200,100641,100,99963,100,100738,100,99938,100,100805,100,99916,100,100861,100,99896,100
2019-06-28 10:04:47.512811903,100108,174,100096,274,100259,174,100078,174,100322,174,100060,174,100371,174,100047,174,100571,174,100019,174,100611,100,99970,200,100641,100,99963,100,100738,100,99938,100,100805,100,99916,100,100861,100,99897,100
2019-06-28 10:04:50.000000000,100108,225,100096,325,100259,222,100078,222,100322,222,100060,222,100371,100,100047,100,100571,100,100019,100,100611,100,99970,200,100641,100,99963,100,100738,100,99938,100,100805,100,99916,100,100861,100,99897,100
2019-06-28 10:04:55.853504292,100108,225,100096,325,100150,100,100078,222,100259,222,100060,222,100322,222,100047,100,100371,100,99970,200,100571,100,99963,100,100611,100,99938,100,100641,100,99916,100,100738,100,99897,100,100805,100,99896,100
2019-06-28 10:05:00.000000000,100108,225,100096,325,100150,222,100078,222,100259,222,100060,222,100322,100,100047,100,100371,100,99970,200,100571,100,99963,100,100611,100,99938,100,100641,100,99916,100,100738,100,99897,100,100805,100,99896,100
2019-06-28 10:05:10.000000000,100108,225,100096,325,100150,222,100078,222,100259,222,100060,222,100322,100,100047,100,100371,100,99970,200,100571,100,99963,100,100611,100,99938,100,100641,100,99916,100,100738,100,99897,100,100805,100,99896,100
2019-06-28 10:05:19.646519870,100108,125,100096,325,100150,122,100078,222,100259,222,100060,222,100322,100,100047,100,100371,100,99970,200,100571,100,99963,100,100611,100,99938,100,100641,100,99916,100,100738,100,99897,100,100805,100,99896,100
2019-06-28 10:05:20.000000000,100259,225,100096,325,100322,222,100078,222,100371,222,100060,222,100571,100,100047,100,100611,100,99970,200,100641,100,99963,100,100738,100,99938,100,100805,100,99916,100,100861,100,99897,100,100902,100,99896,100
2019-06-28 10:05:30.000000000,100259,225,100096,325,100322,222,100078,222,100371,222,100060,222,100571,100,100047,100,100611,100,99970,200,100641,100,99963,100,100738,100,99938,100,100805,100,99916,100,100861,100,99897,100,100902,100,99896,100
2019-06-28 10:05:30.464867104,100259,225,100096,325,100322,222,100078,222,100371,222,100060,222,100571,100,100047,100,100611,100,100040,100,100641,100,99970,200,100738,100,99963,100,100805,100,99938,100,100861,100,99916,100,100902,100,99897,100
2019-06-28 10:05:40.000000000,100259,469,100096,569,100322,100,100078,100,100371,100,100060,100,100571,100,100047,100,100611,100,100040,100,100641,100,99970,200,100738,100,99963,100,100805,100,99938,100,100861,100,99916,100,100902,100,99897,100
2019-06-28 10:05:50.000000000,100259,284,100096,384,100322,284,100078,284,100371,100,100060,100,100571,100,100047,100,100611,100,100040,100,100641,100,99970,200,100738,100,99963,100,100805,100,99938,100,100861,100,99916,100,100902,100,99897,100
2019-06-28 10:05:56.541363317,100259,284,100096,384,100322,284,100078,284,100371,100,100060,100,100571,100,100047,100,100611,100,100040,100,100641,100,99970,200,100738,100,99963,100,100805,100,99938,100,100861,100,99916,100,100902,100,99897,100
2019-06-28 10:06:00.000000000,100259,174,100096,274,100322,174,100078,174,100371,174,100060,174,100571,174,100047,174,100611,174,100040,174,100641,100,99970,200,100738,100,99963,100,100805,100,99938,100,100861,100,99916,100,100902,100,99897,100
2019-06-28 10:06:10.000000000,100259,469,100096,569,100322,100,100078,100,100371,100,100060,100,100571,100,100047,100,100611,100,100040,100,100641,100,99970,200,100738,100,99963,100,100805,100,99938,100,100861,100,99916,100,100902,100,99897,100
2019-06-28 10:06:13.370036272,100259,469,100096,569,100322,100,100078,100,100371,100,100060,100,100571,100,100047,100,100611,100,100040,100,100641,100,99999,100,100738,100,99970,200,100805,100,99963,100,100861,100,99938,100,100902,100,99916,100
2019-06-28 10:06:20.000000000,100259,225,100096,325,100322,222,100078,222,100371,222,100060,222,100571,100,100047,100,100611,100,100040,100,100641,100,99999,100,100738,100,99970,200,100805,100,99963,100,100861,100,99938,100,100902,100,99916,100
2019-06-28 10:06:29.328863785,100259,225,100096,325,100322,222,100078,222,100371,222,100060,222,100571,100,100047,100,100611,100,100040,100,100641,100,99999,100,100738,100,99970,200,100805,100,99963,100,100861,100,99938,100,100902,100,99916,100
2019-06-28 10:06:30.000000000,100259,174,100096,274,100322,174,100078,174,100371,174,100060,174,100571,174,100047,174,100611,174,100040,174,100641,100,99999,100,100738,100,99970,200,100805,100,99963,100,100861,100,99938,100,100902,100,99916,100
2019-06-28 10:06:40.000000000,100259,174,100096,274,100322,174,100078,174,100371,174,100060,174,100571,174,100047,174,100611,174,100040,174,100641,100,99999,100,100738,100,99970,200,100805,100,99963,100,100861,100,99938,100,100902,100,99916,100
2019-06-28 10:06:50.000000000,100259,192,100096,292,100322,192,100078,192,100371,192,100060,192,100571,192,100047,192,100611,100,100040,100,100641,100,99999,100,100738,100,99970,200,100805,100,99963,100,100861,100,99938,100,100902,100,99916,100
2019-06-28 10:07:00.000000000,100259,192,100096,292,100322,192,100078,192,100371,192,100060,192,100571,192,100047,192,100611,100,100040,100,100641,100,99999,100,100738,100,99970,200,100805,100,99963,100,100861,100,99938,100,100902,100,99916,100
2019-06-28 10:07:10.000000000,100259,225,100096,325,100322,222,100078,222,100371,222,100060,222,100571,100,100047,100,100611,100,100040,100,100641,100,99999,100,100738,100,99970,200,100805,100,99963,100,100861,100,99938,100,100902,100,99916,100
2019-06-28 10:07:20.000000000,100259,225,100096,325,100322,222,100078,222,100371,222,100060,222,100571,100,100047,100,100611,100,100040,100,100641,100,99999,100,100738,100,99970,200,100805,100,99963,100,100861,100,99938,100,100902,100,99916,100
2019-06-28 10:07:30.000000000,100259,469,100096,569,100322,100,100078,100,100371,100,100060,100,100571,100,100047,100,100611,100,100040,100,100641,100,99999,100,100738,100,99970,200,100805,100,99963,100,100861,100,99938,100,100902,100,99916,100
2019-06-28 10:07:34.311434754,100259,469,100098,100,100322,100,100096,569,100371,100,100078,100,100571,100,100060,100,100611,100,100047,100,100641,100,100040,100,100738,100,99999,100,100805,100,99970,100,100861,100,99963,100,100902,100,99938,100
2019-06-28 10:07:34.789217589,100259,469,100098,200,100322,100,100096,569,100371,100,100078,100,100571,100,100060,100,100611,100,100047,100,100641,100,100040,100,100738,100,99999,100,100805,100,99970,100,100861,100,99963,100,100902,100,99938,100
2019-06-28 10:07:35.900346323,100259,469,100098,300,100322,100,100096,569,100371,100,100078,100,100571,100,100060,100,100611,100,100047,100,100641,100,100040,100,100738,100,99999,100,100805,100,99970,100,100861,100,99963,100,100902,100,99938,100
2019-06-28 10:07:40.000000000,100259,225,100098,425,100322,222,100096,322,100371,222,100078,222,100571,100,100060,100,100611,100,100047,100,100641,100,100040,100,100738,100,99999,100,100805,100,99970,100,100861,100,99963,100,100902,100,99938,100
2019-06-28 10:07:44.251662183,100259,225,100098,425,100322,222,100096,322,100371,222,100078,222,100559,100,100060,100,100571,100,100047,100,100611,100,100040,100,100641,100,99999,100,100738,100,99970,100,100805,100,99963,100,100861,100,99938,100
2019-06-28 10:07:50.000000000,100259,192,100098,392,100322,192,100096,292,100371,192,100078,192,100559,192,100060,192,100571,100,100047,100,100611,100,100040,100,100641,100,99999,100,100738,100,99970,100,100805,100,99963,100,100861,100,99938,100
2019-06-28 10:08:00.000000000,100259,225,100098,425,100322,222,100096,322,100371,222,100078,222,100559,100,100060,100,100571,100,100047,100,100611,100,100040,100,100641,100,99999,100,100738,100,99970,100,100805,100,99963,100,100861,100,99938,100
2019-06-28 10:08:07.443383919,100259,225,100098,325,100322,222,100096,322,100371,222,100078,222,100559,100,100060,100,100571,100,100047,100,100611,100,100040,100,100641,100,99999,100,100738,100,99970,100,100805,100,99963,100,100861,100,99938,100
2019-06-28 10:08:10.000000000,100259,469,100098,569,100322,100,100096,200,100371,100,100078,100,100559,100,100060,100,100571,100,100047,100,100611,100,100040,100,100641,100,99999,100,100738,100,99970,100,100805,100,99963,100,100861,100,99938,100
2019-06-28 10:08:16.248152085,100259,469,100098,569,100322,100,100096,200,100371,100,100078,100,100559,100,100060,100,100571,100,100047,100,100611,100,100040,100,100641,100,99999,100,100692,100,99970,100,100738,100,99963,100,100805,100,99938,100
2019-06-28 10:08:16.393170831,100259,369,100098,569,100322,100,100096,200,100371,100,100078,100,100559,100,100060,100,100571,100,100047,100,100611,100,100040,100,100641,100,99999,100,100738,100,99970,100,100805,100,99963,100,100861,100,99938,100
2019-06-28 10:08:20.000000000,100322,284,100098,384,100371,284,100096,384,100559,100,100078,100,100571,100,100060,100,100611,100,100047,100,100641,100,100040,100,100738,100,99999,100,100805,100,99970,100,100861,100,99963,100,100902,100,99938,100
2019-06-28 10:08:30.000000000,100322,284,100098,384,100371,284,100096,384,100559,100,100078,100,100571,100,100060,100,100611,100,100047,100,100641,100,100040,100,100738,100,99999,100,100805,100,99970,100,100861,100,99963,100,100902,100,99938,100
2019-06-28 10:08:40.000000000,100322,174,100098,274,100371,174,100096,274,100559,174,100078,174,100571,174,100060,174,100611,174,100047,174,100641,100,100040,100,100738,100,99999,100,100805,100,99970,100,100861,100,99963,100,100902,100,99938,100
2019-06-28 10:08:50.000000000,100322,192,100098,292,100371,192,100096,292,100559,192,100078,192,100571,192,100060,192,100611,100,100047,100,100641,100,100040,100,100738,100,99999,100,100805,100,99970,100,100861,100,99963,100,100902,100,99938,100
2019-06-28 10:08:50.963715533,100322,192,100108,100,100371,192,100098,292,100559,192,100096,292,100571,192,100078,192,100611,100,100060,92,100641,100,100047,100,100738,100,100040,100,100805,100,99999,100,100861,100,99970,100,100902,100,99963,100
2019-06-28 10:08:55.321414241,100371,192,100322,8,100559,192,100108,100,100571,192,100098,292,100611,100,100096,292,100641,100,100078,192,100738,100,100060,92,100805,100,100047,100,100861,100,100040,100,100902,100,99999,100,100926,100,99970,100
2019-06-28 10:09:00.000000000,100371,469,100322,377,100559,100,100108,100,100571,100,100098,200,100611,100,100096,200,100641,100,100078,100,100738,100,100047,100,100805,100,100040,100,100861,100,99999,100,100902,100,99970,100,100926,100,99963,100
2019-06-28 10:09:10.000000000,100371,174,100322,82,100559,174,100108,174,100571,174,100098,274,100611,174,100096,274,100641,174,100078,174,100738,100,100047,100,100805,100,100040,100,100861,100,99999,100,100902,100,99970,100,100926,100,99963,100
