,ask_price_1,ask_size_1,bid_price_1,bid_size_1,ask_price_2,ask_size_2,bid_price_2,bid_size_2,ask_price_3,ask_size_3,bid_price_3,bid_size_3,ask_price_4,ask_size_4,bid_price_4,bid_size_4,ask_price_5,ask_size_5,bid_price_5,bid_size_5,ask_price_6,ask_size_6,bid_price_6,bid_size_6,ask_price_7,ask_size_7,bid_price_7,bid_size_7,ask_price_8,ask_size_8,bid_price_8,bid_size_8,ask_price_9,ask_size_9,bid_price_9,bid_size_9,ask_price_10,ask_size_10,bid_price_10,bid_size_10
2019-06-28 09:30:00.000000000,,,99928,100,,,,,,,,,,,,,,,,,,,,,,,,,,,,,,,,,,,,
2019-06-28 09:30:00.000000001,,,100000,100,,,99928,100,,,,,,,,,,,,,,,,,,,,,,,,,,,,,,,,
2019-06-28 09:30:00.000000002,100125,100,100000,100,,,99928,100,,,,,,,,,,,,,,,,,,,,,,,,,,,,,,,,
2019-06-28 09:30:00.000000003,100049,100,100000,100,100125,100,99928,100,,,,,,,,,,,,,,,,,,,,,,,,,,,,,,,,
2019-06-28 09:30:00.000000005,100049,100,100000,100,100085,100,99928,100,100125,100,,,,,,,,,,,,,,,,,,,,,,,,,,,,,,
2019-06-28 09:30:00.000000007,100049,100,100000,100,100085,100,99928,100,100125,100,99890,100,100188,100,,,,,,,,,,,,,,,,,,,,,,,,,,
2019-06-28 09:30:00.000000008,99988,100,99928,100,100049,100,99906,100,100085,100,99890,100,100125,100,,,100188,100,,,,,,,,,,,,,,,,,,,,,,
2019-06-28 09:30:00.000000011,99988,100,99928,100,100049,100,99906,100,100085,100,99890,100,100125,100,99871,100,100188,100,,,,,,,,,,,,,,,,,,,,,,
2019-06-28 09:30:00.000000012,99988,100,99928,100,100049,100,99906,100,100085,100,99890,100,100125,100,99871,100,100188,100,99850,100,,,,,,,,,,,,,,,,,,,,
2019-06-28 09:30:00.000000013,99951,100,99928,100,99988,100,99906,100,100049,100,99890,100,100057,100,99871,100,100085,100,99850,100,100125,100,,,100188,100,,,,,,,,,,,,,,
2019-06-28 09:30:00.000000014,99951,100,99928,100,99988,100,99906,100,100049,100,99890,100,100057,100,99871,100,100067,100,99850,100,100085,100,,,100125,100,,,100188,100,,,,,,,,,,
2019-06-28 09:30:00.000000016,99951,100,99928,100,99966,100,99906,100,99988,100,99890,100,100049,100,99871,100,100057,100,99850,100,100067,100,,,100085,100,,,100125,100,,,100188,100,,,,,,
2019-06-28 09:30:00.000000020,99951,100,99928,100,99966,100,99906,100,99988,100,99890,100,100013,100,99871,100,100049,100,99850,100,100057,100,99841,100,100067,100,,,100085,100,,,100125,100,,,100188,100,,
2019-06-28 09:30:00.000000021,99951,100,99928,100,99966,100,99906,100,99988,100,99890,100,100013,100,99871,100,100049,100,99850,100,100057,100,99841,100,100067,100,,,100085,100,,,100118,100,,,100125,100,,
2019-06-28 09:30:00.000000023,99966,100,99928,100,99988,100,99906,100,100013,100,99890,100,100043,100,99871,100,100049,100,99850,100,100057,100,99841,100,100067,100,,,100085,100,,,100118,100,,,100125,100,,
2019-06-28 09:30:00.000000025,99966,100,99928,100,99988,100,99906,100,100013,100,99890,200,100043,100,99871,100,100049,100,99850,100,100057,100,99841,100,100067,100,,,100085,100,,,100118,100,,,100125,100,,
2019-06-28 09:30:00.000000026,99988,100,99928,100,100013,100,99906,100,100043,100,99890,200,100049,100,99871,100,100057,100,99850,100,100067,100,99841,100,100085,100,99837,100,100118,100,,,100125,100,,,100181,100,,
2019-06-28 09:30:00.000000030,99988,100,99928,100,100013,100,99906,100,100043,100,99890,200,100049,100,99871,100,100057,100,99850,100,100067,100,99841,100,100085,100,99837,100,100118,100,,,100125,100,,,100181,100,,
2019-06-28 09:30:00.000000031,99988,100,99928,100,100013,100,99906,100,100043,100,99890,200,100049,100,99871,100,100051,100,99850,100,100057,100,99841,100,100067,100,99837,100,100085,100,,,100118,100,,,100125,100,,
2019-06-28 09:30:00.000000032,99988,100,99957,100,100013,100,99928,100,100043,100,99906,100,100049,100,99890,200,100051,100,99871,100,100057,100,99850,100,100067,100,99841,100,100085,100,99837,100,100118,100,,,100125,100,,
2019-06-28 09:30:00.000000033,100013,100,99957,100,100043,100,99928,100,100049,100,99906,100,100051,100,99890,200,100057,100,99871,100,100067,100,99850,100,100085,100,99841,100,100112,100,99837,100,100118,100,,,100125,100,,
2019-06-28 09:30:00.000000036,99979,100,99957,100,100013,100,99928,100,100043,100,99906,100,100049,100,99890,200,100051,100,99871,100,100057,100,99850,100,100067,100,99841,100,100085,100,99837,100,100112,100,,,100118,100,,
2019-06-28 09:30:00.000000038,99979,100,99978,100,100013,100,99957,100,100043,100,99928,100,100049,100,99906,100,100051,100,99890,200,100057,100,99871,100,100067,100,99850,100,100085,100,99841,100,100112,100,99837,100,100118,100,,
2019-06-28 09:30:00.000000039,100013,100,99978,100,100043,100,99957,100,100049,100,99928,100,100051,100,99906,100,100057,100,99890,200,100067,100,99871,100,100085,100,99850,100,100112,100,99841,100,100118,100,99837,100,100125,100,,
2019-06-28 09:30:00.000000040,99992,100,99978,100,100013,100,99957,100,100043,100,99928,100,100049,100,99906,100,100051,100,99890,200,100057,100,99871,100,100067,100,99850,100,100085,100,99841,100,100112,100,99837,100,100118,100,,
2019-06-28 09:30:00.000000042,99992,100,99978,100,100013,100,99957,100,100014,100,99928,100,100043,100,99906,100,100049,100,99890,200,100051,100,99871,100,100057,100,99850,100,100067,100,99841,100,100085,100,99837,100,100112,100,,
2019-06-28 09:30:00.000000044,99992,100,99978,100,100013,100,99957,100,100014,100,99928,100,100043,100,99906,100,100049,200,99890,200,100051,100,99871,100,100057,100,99850,100,100067,100,99841,100,100085,100,99837,100,100112,100,,
2019-06-28 09:30:00.000000045,99992,100,99979,100,100013,100,99978,100,100014,100,99957,100,100043,100,99928,100,100049,200,99906,100,100051,100,99890,200,100057,100,99871,100,100067,100,99850,100,100085,100,99841,100,100112,100,99837,100
2019-06-28 09:30:00.000000048,99992,100,99979,200,100013,100,99978,100,100014,100,99957,100,100043,100,99928,100,100049,200,99906,100,100051,100,99890,200,100057,100,99871,100,100067,100,99850,100,100085,100,99841,100,100112,100,99837,100
2019-06-28 09:30:00.000000050,99988,100,99979,200,99992,100,99978,100,100013,100,99957,100,100014,100,99928,100,100043,100,99906,100,100049,200,99890,200,100051,100,99871,100,100057,100,99850,100,100067,100,99841,100,100085,100,99837,100
2019-06-28 09:30:00.000000051,99988,100,99979,300,99992,100,99978,100,100013,100,99957,100,100014,100,99928,100,100043,100,99906,100,100049,200,99890,200,100051,100,99871,100,100057,100,99850,100,100067,100,99841,100,100085,100,99837,100
2019-06-28 09:30:00.000000052,99988,100,99979,300,99992,100,99978,100,100013,100,99957,100,100014,100,99928,100,100019,100,99906,100,100043,100,99890,200,100049,200,99871,100,100051,100,99850,100,100057,100,99841,100,100067,100,99837,100
2019-06-28 09:30:00.000000054,99988,100,99979,300,99992,100,99978,100,100013,100,99957,100,100014,100,99928,100,100019,100,99906,100,100043,100,99890,200,100049,200,99871,100,100051,100,99850,100,100057,100,99841,100,100067,100,99837,100
2019-06-28 09:30:00.000000055,99988,100,99979,300,99992,100,99978,100,100013,100,99957,100,100014,100,99928,100,100019,100,99906,100,100043,100,99890,200,100049,200,99883,100,100051,100,99871,100,100057,100,99850,100,100067,100,99841,100
2019-06-28 09:30:00.000000056,99988,100,99979,300,99992,100,99978,100,100013,100,99957,100,100014,100,99928,100,100019,100,99906,100,100043,100,99890,200,100049,200,99883,100,100051,100,99871,100,100057,100,99859,100,100067,100,99850,100
2019-06-28 09:30:00.000000057,99988,100,99979,300,99992,100,99978,100,100013,100,99957,100,100014,100,99928,100,100019,100,99906,100,100043,100,99890,200,100049,200,99883,100,100051,100,99871,100,100057,100,99859,100,100067,100,99850,100
2019-06-28 09:30:00.000000059,99988,100,99979,200,99992,100,99978,100,100013,100,99957,100,100014,100,99928,100,100019,100,99906,100,100043,100,99890,200,100049,200,99883,100,100051,100,99871,100,100057,100,99859,100,100067,100,99850,100
2019-06-28 09:30:00.000000061,99988,100,99979,200,99992,100,99978,100,100013,100,99957,100,100014,100,99928,100,100019,100,99906,100,100028,100,99890,200,100043,100,99883,100,100049,200,99871,100,100051,100,99859,100,100057,100,99850,100
2019-06-28 09:30:00.000000064,99988,100,99979,200,99992,100,99978,100,100013,100,99957,100,100014,100,99928,100,100019,100,99906,100,100028,100,99890,200,100043,100,99883,100,100049,200,99872,100,100051,100,99871,100,100057,100,99859,100
2019-06-28 09:30:00.000000065,99988,100,99980,100,99992,100,99979,200,100013,100,99978,100,100014,100,99973,100,100019,100,99957,100,100028,100,99928,100,100043,100,99906,100,100049,200,99890,200,100051,100,99883,100,100057,100,99872,100
2019-06-28 09:30:00.000000069,99988,100,99980,100,99992,100,99979,200,100013,100,99978,100,100014,100,99973,100,100019,100,99957,100,100028,100,99928,100,100043,100,99906,100,100049,200,99890,200,100051,100,99883,100,100057,100,99872,100
2019-06-28 09:30:00.000000070,99992,100,99980,100,100013,100,99979,200,100014,100,99978,100,100019,100,99973,100,100028,100,99957,100,100036,100,99928,100,100043,100,99906,100,100049,200,99890,200,100051,100,99883,100,100057,100,99872,100
2019-06-28 09:30:00.000000071,99992,100,99981,100,100013,100,99980,100,100014,100,99979,200,100019,100,99978,100,100028,100,99973,100,100036,100,99957,100,100043,100,99928,100,100049,200,99906,100,100051,100,99890,200,100057,100,99883,100
2019-06-28 09:30:00.000000074,99992,100,99981,100,100013,100,99980,100,100014,100,99979,200,100019,100,99978,100,100020,100,99973,100,100028,100,99957,100,100036,100,99928,100,100043,100,99906,100,100049,200,99890,200,100051,100,99883,100
2019-06-28 09:30:00.000000075,99992,100,99980,100,100013,100,99979,200,100014,100,99978,100,100019,100,99973,100,100020,100,99957,100,100028,100,99928,100,100036,100,99906,100,100043,100,99890,200,100049,200,99883,100,100051,100,99872,100
2019-06-28 09:30:00.000000076,99988,100,99980,100,99992,100,99979,200,100013,100,99978,100,100014,100,99973,100,100019,100,99957,100,100020,100,99928,100,100028,100,99906,100,100036,100,99890,200,100043,100,99883,100,100049,200,99872,100
2019-06-28 09:30:00.000000078,99988,100,99980,100,99992,100,99979,200,100013,100,99978,100,100014,100,99973,100,100019,100,99957,100,100020,100,99928,100,100028,100,99906,100,100036,100,99890,200,100043,100,99883,100,100049,200,99872,100
2019-06-28 09:30:00.000000080,99988,100,99980,100,99992,100,99979,200,100013,100,99978,100,100014,100,99973,100,100019,100,99957,100,100020,100,99928,100,100028,100,99906,100,100036,100,99890,200,100043,100,99883,100,100049,200,99872,100
2019-06-28 09:30:00.000000084,99992,100,99980,100,100013,100,99979,200,100014,100,99978,100,100019,100,99973,100,100020,100,99957,100,100028,100,99928,100,100036,100,99906,100,100043,100,99890,200,100049,200,99883,100,100051,100,99872,100
2019-06-28 09:30:00.000000087,99992,100,99980,100,100013,100,99979,200,100014,100,99978,100,100019,100,99973,100,100020,100,99957,100,100028,100,99928,100,100036,100,99906,100,100043,100,99890,200,100048,100,99883,100,100049,200,99872,100
2019-06-28 09:30:00.000000089,99992,100,99980,100,100013,100,99979,200,100014,100,99978,100,100019,100,99973,100,100020,100,99957,100,100028,100,99937,100,100036,100,99928,100,100043,100,99906,100,100048,100,99890,200,100049,200,99883,100
2019-06-28 09:30:00.000000091,99992,100,99980,100,100013,100,99979,200,100014,100,99978,100,100019,100,99973,100,100020,100,99957,100,100028,100,99937,100,100036,100,99928,100,100043,100,99906,100,100048,100,99890,200,100049,200,99883,100
2019-06-28 09:30:10.000000000,99992,241,99980,241,100013,241,99979,341,100014,100,99978,100,100019,100,99973,100,100020,100,99957,100,100028,100,99937,100,100036,100,99928,100,100043,100,99906,100,100048,100,99890,200,100049,200,99883,100
2019-06-28 09:30:17.639620714,99992,241,99980,241,100013,241,99979,341,100014,100,99978,100,100019,100,99973,100,100020,100,99957,100,100028,100,99937,100,100036,100,99928,100,100043,100,99906,100,100047,100,99890,200,100048,100,99883,100
2019-06-28 09:30:20.000000000,99992,382,99980,382,100013,100,99979,200,100014,100,99978,100,100019,100,99973,100,100020,100,99957,100,100028,100,99937,100,100036,100,99928,100,100043,100,99906,100,100047,100,99890,200,100048,100,99883,100
2019-06-28 09:30:30.000000000,99992,382,99980,382,100013,100,99979,200,100014,100,99978,100,100019,100,99973,100,100020,100,99957,100,100028,100,99937,100,100036,100,99928,100,100043,100,99906,100,100047,100,99890,200,100048,100,99883,100
2019-06-28 09:30:32.767717216,99992,282,99980,382,100013,100,99979,200,100014,100,99978,100,100019,100,99973,100,100020,100,99957,100,100028,100,99937,100,100036,100,99928,100,100043,100,99906,100,100047,100,99890,200,100048,100,99883,100
2019-06-28 09:30:40.000000000,100013,170,99980,170,100014,170,99979,270,100019,170,99978,170,100020,170,99973,170,100028,100,99957,100,100036,100,99937,100,100043,100,99928,100,100047,100,99906,100,100048,100,99890,200,100049,200,99883,100
2019-06-28 09:30:49.155016510,100013,170,99980,170,100014,170,99979,270,100019,170,99978,170,100020,170,99973,170,100028,100,99957,100,100036,100,99937,100,100043,100,99928,100,100047,100,99906,100,100048,100,99890,200,100049,200,99883,100
2019-06-28 09:30:50.000000000,100013,170,99980,170,100014,170,99979,270,100019,170,99978,170,100020,170,99973,170,100028,100,99957,100,100036,100,99937,100,100043,100,99928,100,100047,100,99906,100,100048,100,99890,200,100049,200,99883,100
2019-06-28 09:30:57.183155510,100013,70,99980,170,100014,170,99979,270,100019,170,99978,170,100020,170,99973,170,100028,100,99957,100,100036,100,99937,100,100043,100,99928,100,100047,100,99906,100,100048,100,99890,200,100049,200,99883,100
2019-06-28 09:31:00.000000000,100014,170,99980,170,100019,170,99979,270,100020,170,99978,170,100028,170,99973,170,100036,100,99957,100,100043,100,99937,100,100047,100,99928,100,100048,100,99906,100,100049,200,99890,200,100051,100,99883,100
2019-06-28 09:31:10.000000000,100014,196,99980,196,100019,193,99979,293,100020,193,99978,193,100028,100,99973,100,100036,100,99957,100,100043,100,99937,100,100047,100,99928,100,100048,100,99906,100,100049,200,99890,200,100051,100,99883,100
2019-06-28 09:31:20.000000000,100014,196,99980,196,100019,193,99979,293,100020,193,99978,193,100028,100,99973,100,100036,100,99957,100,100043,100,99937,100,100047,100,99928,100,100048,100,99906,100,100049,200,99890,200,100051,100,99883,100
2019-06-28 09:31:30.000000000,100014,196,99980,196,100019,193,99979,293,100020,193,99978,193,100028,100,99973,100,100036,100,99957,100,100043,100,99937,100,100047,100,99928,100,100048,100,99906,100,100049,200,99890,200,100051,100,99883,100
2019-06-28 09:31:31.911921738,100014,196,99980,96,100019,193,99979,293,100020,193,99978,193,100028,100,99973,100,100036,100,99957,100,100043,100,99937,100,100047,100,99928,100,100048,100,99906,100,100049,200,99890,200,100051,100,99883,100
2019-06-28 09:31:38.917072421,99980,4,99979,293,100014,196,99978,193,100019,193,99973,100,100020,193,99957,100,100028,100,99937,100,100036,100,99928,100,100043,100,99906,100,100048,100,99890,200,100049,200,99883,100,100051,100,99872,100
2019-06-28 09:31:40.000000000,99980,74,99979,270,100014,170,99978,170,100019,170,99973,170,100020,170,99957,170,100028,100,99937,100,100036,100,99928,100,100043,100,99906,100,100048,100,99890,200,100049,200,99883,100,100051,100,99872,100
2019-06-28 09:31:42.468487105,99980,74,99979,270,100014,170,99978,170,100019,170,99973,170,100020,170,99957,170,100028,100,99937,100,100036,100,99928,100,100043,100,99906,100,100048,100,99890,200,100049,200,99883,100,100051,100,99872,100
2019-06-28 09:31:43.222935184,99980,74,99979,170,100014,170,99978,170,100019,170,99973,170,100020,170,99957,170,100028,100,99937,100,100036,100,99928,100,100043,100,99906,100,100048,100,99890,200,100049,200,99872,100,100051,100,99871,100
2019-06-28 09:31:50.000000000,99980,286,99979,382,100014,100,99978,100,100019,100,99973,100,100020,100,99957,100,100028,100,99937,100,100036,100,99928,100,100043,100,99906,100,100048,100,99890,200,100049,200,99872,100,100051,100,99871,100
2019-06-28 09:31:54.530265776,99980,286,99979,182,100014,100,99978,100,100019,100,99973,100,100020,100,99957,100,100028,100,99937,100,100036,100,99928,100,100043,100,99906,100,100048,100,99890,200,100049,200,99872,100,100051,100,99871,100
2019-06-28 09:31:59.868381294,99980,286,99979,182,100014,100,99978,100,100019,100,99973,100,100028,100,99957,100,100036,100,99937,100,100043,100,99928,100,100048,100,99906,100,100049,200,99890,200,100051,100,99872,100,100057,100,99871,100
2019-06-28 09:32:00.000000000,99980,74,99978,170,100014,170,99973,170,100019,170,99957,170,100028,170,99937,170,100036,100,99928,100,100043,100,99906,100,100048,100,99890,200,100049,200,99872,100,100051,100,99871,100,100057,100,99859,100
2019-06-28 09:32:10.000000000,99980,60,99978,156,100014,156,99973,156,100019,156,99957,156,100028,156,99937,156,100036,156,99928,156,100043,100,99906,100,100048,100,99890,200,100049,200,99872,100,100051,100,99871,100,100057,100,99859,100
2019-06-28 09:32:14.657600162,99980,60,99978,56,100014,156,99973,156,100019,156,99957,156,100028,156,99937,156,100036,156,99928,156,100043,100,99906,100,100048,100,99890,200,100049,200,99872,100,100051,100,99871,100,100057,100,99859,100
2019-06-28 09:32:20.000000000,99980,60,99973,156,100014,156,99957,156,100019,156,99937,156,100028,156,99928,156,100036,156,99906,156,100043,100,99890,200,100048,100,99872,100,100049,200,99871,100,100051,100,99859,100,100057,100,99850,100
2019-06-28 09:32:26.770066886,99980,60,99973,156,100014,156,99957,56,100019,156,99937,156,100028,156,99928,156,100036,156,99906,156,100043,100,99890,200,100048,100,99872,100,100049,200,99871,100,100051,100,99859,100,100057,100,99850,100
2019-06-28 09:32:30.000000000,99980,100,99973,196,100014,193,99937,193,100019,193,99928,193,100028,100,99906,100,100036,100,99890,200,100043,100,99872,100,100048,100,99871,100,100049,200,99859,100,100051,100,99850,100,100057,100,99841,100
2019-06-28 09:32:37.588383382,99980,100,99973,96,100014,193,99937,193,100019,193,99928,193,100028,100,99906,100,100036,100,99890,200,100043,100,99872,100,100048,100,99871,100,100049,200,99859,100,100051,100,99850,100,100057,100,99841,100
2019-06-28 09:32:40.000000000,99980,74,99937,170,100014,170,99928,170,100019,170,99906,170,100028,170,99890,270,100036,100,99872,100,100043,100,99871,100,100048,100,99859,100,100049,200,99850,100,100051,100,99841,100,100057,100,99837,100
2019-06-28 09:32:40.740600538,99980,74,99937,70,100014,170,99928,170,100019,170,99906,170,100028,170,99890,270,100036,100,99872,100,100043,100,99871,100,100048,100,99859,100,100049,200,99850,100,100051,100,99841,100,100057,100,99837,100
2019-06-28 09:32:50.000000000,99980,145,99928,241,100014,241,99906,241,100019,100,99890,200,100028,100,99872,100,100036,100,99871,100,100043,100,99859,100,100048,100,99850,100,100049,200,99841,100,100051,100,99837,100,100057,100,99813,100
2019-06-28 09:33:00.000000000,99980,74,99928,170,100014,170,99906,170,100019,170,99890,270,100028,170,99872,170,100036,100,99871,100,100043,100,99859,100,100048,100,99850,100,100049,200,99841,100,100051,100,99837,100,100057,100,99813,100
2019-06-28 09:33:05.512562124,99980,74,99938,100,100014,170,99928,170,100019,170,99906,170,100028,170,99890,270,100036,100,99872,170,100043,100,99871,100,100048,100,99859,100,100049,200,99850,100,100051,100,99841,100,100057,100,99837,100
2019-06-28 09:33:10.000000000,99980,60,99938,156,100014,156,99928,156,100019,156,99906,156,100028,156,99890,256,100036,156,99872,156,100043,100,99871,100,100048,100,99859,100,100049,200,99850,100,100051,100,99841,100,100057,100,99837,100
2019-06-28 09:33:20.000000000,99980,286,99938,382,100014,100,99928,100,100019,100,99906,100,100028,100,99890,200,100036,100,99872,100,100043,100,99871,100,100048,100,99859,100,100049,200,99850,100,100051,100,99841,100,100057,100,99837,100
2019-06-28 09:33:30.000000000,99980,100,99938,196,100014,193,99928,193,100019,193,99906,193,100028,100,99890,200,100036,100,99872,100,100043,100,99871,100,100048,100,99859,100,100049,200,99850,100,100051,100,99841,100,100057,100,99837,100
2019-06-28 09:33:40.000000000,99980,145,99938,241,100014,241,99928,241,100019,100,99906,100,100028,100,99890,200,100036,100,99872,100,100043,100,99871,100,100048,100,99859,100,100049,200,99850,100,100051,100,99841,100,100057,100,99837,100
2019-06-28 09:33:50.000000000,99980,100,99938,196,100014,193,99928,193,100019,193,99906,193,100028,100,99890,200,100036,100,99872,100,100043,100,99871,100,100048,100,99859,100,100049,200,99850,100,100051,100,99841,100,100057,100,99837,100
2019-06-28 09:33:52.475900323,99980,100,99938,196,100014,193,99928,93,100019,193,99906,193,100028,100,99890,200,100036,100,99872,100,100043,100,99871,100,100048,100,99859,100,100049,200,99850,100,100051,100,99841,100,100057,100,99837,100
2019-06-28 09:33:59.909802197,99973,100,99938,196,99980,100,99928,93,100014,193,99906,193,100019,193,99890,200,100028,100,99872,100,100036,100,99871,100,100043,100,99859,100,100048,100,99850,100,100049,200,99841,100,100051,100,99837,100
2019-06-28 09:34:00.000000000,99973,156,99938,156,99980,60,99906,156,100014,156,99890,256,100019,156,99872,156,100028,156,99871,156,100036,100,99859,100,100043,100,99850,100,100048,100,99841,100,100049,200,99837,100,100051,100,99813,100
2019-06-28 09:34:06.065704457,99973,256,99938,156,99980,60,99906,156,100014,156,99890,256,100019,156,99872,156,100028,156,99871,156,100036,100,99859,100,100043,100,99850,100,100048,100,99841,100,100049,200,99837,100,100051,100,99813,100
2019-06-28 09:34:10.000000000,99973,256,99938,156,99980,60,99906,156,100014,156,99890,256,100019,156,99872,156,100028,156,99871,156,100036,100,99859,100,100043,100,99850,100,100048,100,99841,100,100049,200,99837,100,100051,100,99813,100
2019-06-28 09:34:20.000000000,99973,256,99938,156,99980,60,99906,156,100014,156,99890,256,100019,156,99872,156,100028,156,99871,156,100036,100,99859,100,100043,100,99850,100,100048,100,99841,100,100049,200,99837,100,100051,100,99813,100
2019-06-28 09:34:30.000000000,99973,341,99938,241,99980,145,99906,241,100014,100,99890,200,100019,100,99872,100,100028,100,99871,100,100036,100,99859,100,100043,100,99850,100,100048,100,99841,100,100049,200,99837,100,100051,100,99813,100
2019-06-28 09:34:40.000000000,99973,296,99938,196,99980,97,99906,193,100014,193,99890,293,100019,100,99872,100,100028,100,99871,100,100036,100,99859,100,100043,100,99850,100,100048,100,99841,100,100049,200,99837,100,100051,100,99813,100
2019-06-28 09:34:50.000000000,99973,296,99938,196,99980,97,99906,193,100014,193,99890,293,100019,100,99872,100,100028,100,99871,100,100036,100,99859,100,100043,100,99850,100,100048,100,99841,100,100049,200,99837,100,100051,100,99813,100
2019-06-28 09:34:54.158032264,99973,296,99938,196,99980,97,99906,193,100003,100,99890,293,100014,193,99872,100,100019,100,99871,100,100028,100,99859,100,100036,100,99850,100,100043,100,99841,100,100048,100,99837,100,100049,200,99813,100
2019-06-28 09:34:56.094929328,99973,196,99938,196,99980,97,99906,193,100003,100,99890,293,100014,193,99872,100,100019,100,99871,100,100028,100,99859,100,100036,100,99850,100,100043,100,99841,100,100048,100,99837,100,100049,200,99813,100
2019-06-28 09:35:00.000000000,99973,382,99938,382,99980,4,99906,100,100003,100,99890,200,100014,100,99872,100,100019,100,99871,100,100028,100,99859,100,100036,100,99850,100,100043,100,99841,100,100048,100,99837,100,100049,200,99813,100
2019-06-28 09:35:10.000000000,99973,382,99938,382,99980,4,99906,100,100003,100,99890,200,100014,100,99872,100,100019,100,99871,100,100028,100,99859,100,100036,100,99850,100,100043,100,99841,100,100048,100,99837,100,100049,200,99813,100
2019-06-28 09:35:20.000000000,99973,156,99938,156,99980,60,99906,156,100003,156,99890,256,100014,156,99872,156,100019,156,99871,156,100028,100,99859,100,100036,100,99850,100,100043,100,99841,100,100048,100,99837,100,100049,200,99813,100
2019-06-28 09:35:30.000000000,99973,170,99938,170,99980,74,99906,170,100003,170,99890,270,100014,170,99872,170,100019,100,99871,100,100028,100,99859,100,100036,100,99850,100,100043,100,99841,100,100048,100,99837,100,100049,200,99813,100
2019-06-28 09:35:37.125251285,99973,170,99938,170,99980,74,99906,170,100003,170,99890,270,100014,170,99872,170,100019,100,99871,100,100028,100,99859,100,100036,100,99850,100,100043,100,99841,100,100048,100,99813,100,100049,200,99719,100
2019-06-28 09:35:40.000000000,99973,241,99938,241,99980,145,99906,241,100003,100,99890,200,100014,100,99872,100,100019,100,99871,100,100028,100,99859,100,100036,100,99850,100,100043,100,99841,100,100048,100,99813,100,100049,200,99719,100
2019-06-28 09:35:50.000000000,99973,170,99938,170,99980,74,99906,170,100003,170,99890,270,100014,170,99872,170,100019,100,99871,100,100028,100,99859,100,100036,100,99850,100,100043,100,99841,100,100048,100,99813,100,100049,200,99719,100
2019-06-28 09:35:51.533014167,99973,170,99938,170,99980,74,99906,170,100003,170,99890,270,100014,170,99872,170,100019,100,99871,100,100028,100,99859,100,100036,100,99850,100,100043,100,99844,100,100048,100,99841,100,100049,200,99813,100
2019-06-28 09:35:53.234320249,99973,170,99938,170,99980,74,99906,170,100003,170,99890,270,100014,170,99872,170,100019,100,99871,100,100028,100,99859,100,100036,100,99850,100,100043,100,99847,100,100048,100,99844,100,100049,200,99841,100
2019-06-28 09:36:00.000000000,99973,196,99938,196,99980,97,99906,193,100003,193,99890,293,100014,100,99872,100,100019,100,99871,100,100028,100,99859,100,100036,100,99850,100,100043,100,99847,100,100048,100,99844,100,100049,200,99841,100
2019-06-28 09:36:10.000000000,99973,156,99938,156,99980,60,99906,156,100003,156,99890,256,100014,156,99872,156,100019,156,99871,156,100028,100,99859,100,100036,100,99850,100,100043,100,99847,100,100048,100,99844,100,100049,200,99841,100
2019-06-28 09:36:14.519424578,99973,156,99938,156,99980,60,99906,156,100003,156,99890,256,100014,156,99872,156,100019,156,99871,156,100028,100,99859,100,100036,100,99850,100,100043,100,99847,100,100048,100,99844,100,100049,200,99841,100
2019-06-28 09:36:15.654060305,99972,100,99938,156,99973,156,99906,156,99980,60,99890,256,100003,156,99872,156,100014,156,99871,156,100019,156,99859,100,100028,100,99850,100,100036,100,99847,100,100043,100,99844,100,100048,100,99841,100
2019-06-28 09:36:20.000000000,99972,170,99938,170,99973,170,99906,170,99980,74,99890,270,100003,170,99872,170,100014,100,99871,100,100019,100,99859,100,100028,100,99850,100,100036,100,99847,100,100043,100,99844,100,100048,100,99841,100
2019-06-28 09:36:30.000000000,99972,196,99938,196,99973,193,99906,193,99980,97,99890,293,100003,100,99872,100,100014,100,99871,100,100019,100,99859,100,100028,100,99850,100,100036,100,99847,100,100043,100,99844,100,100048,100,99841,100
2019-06-28 09:36:30.312120880,99972,196,99938,196,99973,193,99906,193,99980,97,99890,293,100003,100,99881,100,100014,100,99872,100,100019,100,99871,100,100028,100,99859,100,100036,100,99850,100,100043,100,99847,100,100048,100,99844,100
2019-06-28 09:36:40.000000000,99972,156,99938,156,99973,156,99906,156,99980,60,99890,256,100003,156,99881,156,100014,156,99872,156,100019,100,99871,100,100028,100,99859,100,100036,100,99850,100,100043,100,99847,100,100048,100,99844,100
2019-06-28 09:36:50.000000000,99972,196,99938,196,99973,193,99906,193,99980,97,99890,293,100003,100,99881,100,100014,100,99872,100,100019,100,99871,100,100028,100,99859,100,100036,100,99850,100,100043,100,99847,100,100048,100,99844,100
2019-06-28 09:36:50.645125557,99972,196,99938,96,99973,193,99906,193,99980,97,99890,293,100003,100,99881,100,100014,100,99872,100,100019,100,99871,100,100028,100,99859,100,100036,100,99850,100,100043,100,99847,100,100048,100,99844,100
2019-06-28 09:37:00.000000000,99972,241,99906,241,99973,241,99890,341,99980,4,99881,100,100003,100,99872,100,100014,100,99871,100,100019,100,99859,100,100028,100,99850,100,100036,100,99847,100,100043,100,99844,100,100048,100,99841,100
2019-06-28 09:37:06.200774657,99972,241,99906,141,99973,241,99890,341,99980,4,99881,100,100003,100,99872,100,100014,100,99871,100,100019,100,99859,100,100028,100,99850,100,100036,100,99847,100,100043,100,99844,100,100048,100,99841,100
2019-06-28 09:37:10.000000000,99972,170,99890,270,99973,170,99881,170,99980,74,99872,170,100003,170,99871,170,100014,100,99859,100,100019,100,99850,100,100028,100,99847,100,100036,100,99844,100,100043,100,99841,100,100048,100,99813,100
2019-06-28 09:37:20.000000000,99972,156,99890,256,99973,156,99881,156,99980,60,99872,156,100003,156,99871,156,100014,156,99859,156,100019,100,99850,100,100028,100,99847,100,100036,100,99844,100,100043,100,99841,100,100048,100,99813,100
2019-06-28 09:37:23.010709312,99972,156,99890,156,99973,156,99881,156,99980,60,99872,156,100003,156,99871,156,100014,156,99859,156,100019,100,99850,100,100028,100,99847,100,100036,100,99844,100,100043,100,99841,100,100048,100,99813,100
2019-06-28 09:37:29.539389541,99972,156,99890,156,99973,156,99881,156,99980,60,99872,156,100003,156,99871,156,100014,156,99859,156,100019,100,99850,100,100028,100,99847,100,100036,100,99844,100,100043,100,99841,100,100048,100,99813,100
2019-06-28 09:37:30.000000000,99972,170,99890,170,99973,170,99881,170,99980,74,99872,170,100003,170,99871,170,100014,100,99859,100,100019,100,99850,100,100028,100,99847,100,100036,100,99844,100,100043,100,99841,100,100048,100,99813,100
2019-06-28 09:37:30.572951152,99972,170,99890,170,99973,170,99881,70,99980,74,99872,170,100003,170,99871,170,100014,100,99859,100,100019,100,99850,100,100028,100,99847,100,100036,100,99844,100,100043,100,99841,100,100048,100,99813,100
2019-06-28 09:37:36.352677303,99972,170,99890,70,99973,170,99881,70,99980,74,99872,170,100003,170,99871,170,100019,100,99859,100,100028,100,99850,100,100036,100,99847,100,100043,100,99844,100,100048,100,99841,100,100049,200,99813,100
2019-06-28 09:37:40.000000000,99972,196,99872,196,99973,193,99871,193,99980,97,99859,193,100003,100,99850,100,100019,100,99847,100,100028,100,99844,100,100036,100,99841,100,100043,100,99813,100,100048,100,99795,100,100049,200,99719,100
2019-06-28 09:37:40.331670831,99972,196,99872,96,99973,193,99871,193,99980,97,99859,193,100003,100,99850,100,100019,100,99847,100,100028,100,99844,100,100036,100,99841,100,100043,100,99813,100,100048,100,99795,100,100049,200,99719,100
2019-06-28 09:37:50.000000000,99972,241,99871,241,99973,241,99859,241,99980,4,99850,100,100003,100,99847,100,100019,100,99844,100,100028,100,99841,100,100036,100,99813,100,100043,100,99795,100,100048,100,99719,100,100049,200,99664,100
2019-06-28 09:37:55.433725649,99972,241,99871,241,99973,241,99859,241,99980,4,99850,100,100003,100,99847,100,100019,100,99844,100,100028,100,99841,100,100036,100,99813,100,100043,100,99795,100,100048,100,99719,100,100049,200,99664,100
2019-06-28 09:38:00.000000000,99972,241,99871,241,99973,241,99859,241,99980,4,99850,100,100003,100,99847,100,100019,100,99844,100,100028,100,99841,100,100036,100,99813,100,100043,100,99795,100,100048,100,99719,100,100049,200,99664,100
2019-06-28 09:38:10.000000000,99972,156,99871,156,99973,156,99859,156,99980,60,99850,156,100003,156,99847,156,100019,156,99844,156,100028,100,99841,100,100036,100,99813,100,100043,100,99795,100,100048,100,99719,100,100049,200,99664,100
2019-06-28 09:38:18.099427074,99972,156,99871,156,99973,156,99859,156,99980,60,99850,156,100003,156,99847,156,100019,156,99844,156,100028,100,99841,100,100036,100,99813,100,100043,100,99795,100,100048,100,99719,100,100049,200,99664,100
2019-06-28 09:38:20.000000000,99972,241,99871,241,99973,241,99859,241,99980,4,99850,100,100003,100,99847,100,100019,100,99844,100,100028,100,99841,100,100036,100,99813,100,100043,100,99795,100,100048,100,99719,100,100049,200,99664,100
2019-06-28 09:38:22.774629562,99972,241,99871,241,99973,141,99859,241,99980,4,99850,100,100003,100,99847,100,100019,100,99844,100,100028,100,99841,100,100036,100,99813,100,100043,100,99795,100,100048,100,99719,100,100049,200,99664,100
2019-06-28 09:38:30.000000000,99972,241,99871,241,99980,145,99859,241,100003,100,99850,100,100019,100,99847,100,100028,100,99844,100,100036,100,99841,100,100043,100,99813,100,100048,100,99795,100,100049,200,99719,100,100051,100,99664,100
2019-06-28 09:38:40.000000000,99972,196,99871,196,99980,97,99859,193,100003,193,99850,193,100019,100,99847,100,100028,100,99844,100,100036,100,99841,100,100043,100,99813,100,100048,100,99795,100,100049,200,99719,100,100051,100,99664,100
2019-06-28 09:38:45.379805835,99972,196,99871,96,99980,97,99859,193,100003,193,99850,193,100019,100,99847,100,100028,100,99844,100,100036,100,99841,100,100048,100,99813,100,100049,200,99795,100,100051,100,99719,100,100067,100,99664,100
2019-06-28 09:38:50.000000000,99972,196,99859,196,99980,97,99850,193,100003,193,99847,193,100019,100,99844,100,100028,100,99841,100,100036,100,99813,100,100048,100,99795,100,100049,200,99719,100,100051,100,99664,100,100067,100,99487,100
2019-06-28 09:38:55.967188176,99872,100,99859,196,99972,196,99850,193,99980,97,99847,193,100003,193,99844,100,100019,100,99841,100,100028,100,99813,100,100036,100,99795,100,100048,100,99719,100,100049,200,99664,100,100051,100,99487,100
2019-06-28 09:38:56.132269468,99872,200,99859,196,99972,196,99850,193,99980,97,99847,193,100003,193,99844,100,100019,100,99841,100,100028,100,99813,100,100036,100,99795,100,100048,100,99719,100,100049,200,99664,100,100051,100,99487,100
2019-06-28 09:39:00.000000000,99872,270,99859,170,99972,170,99850,170,99980,74,99847,170,100003,170,99844,170,100019,100,99841,100,100028,100,99813,100,100036,100,99795,100,100048,100,99719,100,100049,200,99664,100,100051,100,99487,100
2019-06-28 09:39:10.000000000,99872,341,99859,241,99972,241,99850,241,99980,4,99847,100,100003,100,99844,100,100019,100,99841,100,100028,100,99813,100,100036,100,99795,100,100048,100,99719,100,100049,200,99664,100,100051,100,99487,100
2019-06-28 09:39:19.367202388,99872,241,99859,241,99972,241,99850,241,99980,4,99847,100,100003,100,99844,100,100019,100,99841,100,100028,100,99813,100,100036,100,99795,100,100048,100,99719,100,100049,200,99664,100,100051,100,99487,100
2019-06-28 09:39:20.000000000,99872,156,99859,156,99972,156,99850,156,99980,60,99847,156,100003,156,99844,156,100019,156,99841,156,100028,100,99813,100,100036,100,99795,100,100048,100,99719,100,100049,200,99664,100,100051,100,99487,100
2019-06-28 09:39:30.000000000,99872,196,99859,196,99972,193,99850,193,99980,97,99847,193,100003,100,99844,100,100019,100,99841,100,100028,100,99813,100,100036,100,99795,100,100048,100,99719,100,100049,200,99664,100,100051,100,99487,100
2019-06-28 09:39:40.000000000,99872,156,99859,156,99972,156,99850,156,99980,60,99847,156,100003,156,99844,156,100019,156,99841,156,100028,100,99813,100,100036,100,99795,100,100048,100,99719,100,100049,200,99664,100,100051,100,99487,100
2019-06-28 09:39:50.000000000,99872,382,99859,382,99972,100,99850,100,99980,4,99847,100,100003,100,99844,100,100019,100,99841,100,100028,100,99813,100,100036,100,99795,100,100048,100,99719,100,100049,200,99664,100,100051,100,99487,100
2019-06-28 09:40:00.000000000,99872,170,99859,170,99972,170,99850,170,99980,74,99847,170,100003,170,99844,170,100019,100,99841,100,100028,100,99813,100,100036,100,99795,100,100048,100,99719,100,100049,200,99664,100,100051,100,99487,100
2019-06-28 09:40:10.000000000,99872,196,99859,196,99972,193,99850,193,99980,97,99847,193,100003,100,99844,100,100019,100,99841,100,100028,100,99813,100,100036,100,99795,100,100048,100,99719,100,100049,200,99664,100,100051,100,99487,100
2019-06-28 09:40:11.797833136,99872,196,99859,96,99972,193,99850,193,99980,97,99847,193,100003,100,99844,100,100019,100,99841,100,100028,100,99813,100,100036,100,99795,100,100049,200,99719,100,100051,100,99664,100,100067,100,99487,100
2019-06-28 09:40:11.921111223,99859,4,99850,193,99872,196,99847,193,99972,193,99844,100,99980,97,99841,100,100003,100,99813,100,100019,100,99795,100,100028,100,99719,100,100036,100,99664,100,100049,200,99487,100,100051,100,99465,100
2019-06-28 09:40:17.733895558,99859,4,99850,93,99872,196,99847,193,99972,193,99844,100,99980,97,99841,100,100003,100,99813,100,100019,100,99795,100,100028,100,99719,100,100036,100,99664,100,100049,200,99465,100,100051,100,99428,100
2019-06-28 09:40:20.000000000,99859,286,99847,382,99872,100,99844,100,99972,100,99841,100,99980,4,99813,100,100003,100,99795,100,100019,100,99719,100,100028,100,99664,100,100036,100,99465,100,100049,200,99428,100,100051,100,99361,100
2019-06-28 09:40:20.889448688,99859,286,99847,282,99872,100,99844,100,99972,100,99841,100,99980,4,99813,100,100003,100,99795,100,100019,100,99719,100,100028,100,99664,100,100036,100,99465,100,100049,200,99428,100,100051,100,99361,100
2019-06-28 09:40:30.000000000,99859,286,99844,382,99872,100,99841,100,99972,100,99813,100,99980,4,99795,100,100003,100,99719,100,100019,100,99664,100,100028,100,99465,100,100036,100,99428,100,100049,200,99361,100,100051,100,,
2019-06-28 09:40:39.731676083,99859,286,99848,100,99872,100,99844,382,99972,100,99841,100,99980,4,99813,100,100003,100,99795,100,100019,100,99719,100,100028,100,99664,100,100036,100,99465,100,100049,200,99428,100,100051,100,99361,100
2019-06-28 09:40:40.000000000,99859,60,99848,156,99872,156,99844,156,99972,156,99841,156,99980,60,99813,156,100003,156,99795,156,100019,100,99719,100,100028,100,99664,100,100036,100,99465,100,100049,200,99428,100,100051,100,99361,100
2019-06-28 09:40:43.639108940,99859,60,99848,156,99872,156,99844,156,99972,156,99841,156,99980,60,99813,156,100003,156,99795,156,100019,100,99730,100,100028,100,99719,100,100036,100,99664,100,100049,200,99465,100,100051,100,99428,100
2019-06-28 09:40:47.467043052,99859,60,99848,156,99872,156,99844,156,99900,100,99841,156,99972,156,99813,156,99980,60,99795,156,100003,156,99730,100,100019,100,99719,100,100028,100,99664,100,100036,100,99465,100,100049,200,99428,100
2019-06-28 09:40:50.000000000,99859,100,99848,196,99872,193,99844,193,99900,193,99841,193,99972,100,99813,100,99980,4,99795,100,100003,100,99730,100,100019,100,99719,100,100028,100,99664,100,100036,100,99465,100,100049,200,99428,100
2019-06-28 09:41:00.000000000,99859,100,99848,196,99872,193,99844,193,99900,193,99841,193,99972,100,99813,100,99980,4,99795,100,100003,100,99730,100,100019,100,99719,100,100028,100,99664,100,100036,100,99465,100,100049,200,99428,100
2019-06-28 09:41:02.672185237,99859,100,99848,96,99872,193,99844,193,99900,193,99841,193,99972,100,99813,100,99980,4,99795,100,100003,100,99730,100,100019,100,99719,100,100028,100,99664,100,100036,100,99465,100,100049,200,99428,100
2019-06-28 09:41:08.298419873,99848,4,99844,193,99859,100,99841,193,99872,193,99813,100,99900,193,99795,100,99972,100,99730,100,99980,4,99719,100,100003,100,99664,100,100019,100,99465,100,100028,100,99428,100,100036,100,99361,100
2019-06-28 09:41:08.640040823,99848,4,99844,193,99859,100,99841,193,99872,193,99813,100,99900,193,99795,100,99972,100,99730,100,99980,4,99719,100,100003,100,99664,100,100019,100,99508,100,100028,100,99465,100,100036,100,99428,100
2019-06-28 09:41:10.000000000,99848,145,99844,241,99859,145,99841,241,99872,100,99813,100,99900,100,99795,100,99972,100,99730,100,99980,4,99719,100,100003,100,99664,100,100019,100,99508,100,100028,100,99465,100,100036,100,99428,100
2019-06-28 09:41:13.351427580,99848,145,99844,241,99859,145,99841,241,99872,100,99813,100,99900,100,99795,100,99972,100,99730,100,99980,4,99719,100,100003,100,99664,100,100019,100,99596,100,100028,100,99508,100,100036,100,99465,100
2019-06-28 09:41:20.000000000,99848,145,99844,241,99859,145,99841,241,99872,100,99813,100,99900,100,99795,100,99972,100,99730,100,99980,4,99719,100,100003,100,99664,100,100019,100,99596,100,100028,100,99508,100,100036,100,99465,100
2019-06-28 09:41:26.523851150,99848,145,99844,241,99859,145,99841,241,99872,100,99813,100,99900,100,99795,100,99972,100,99730,100,99980,4,99719,100,100003,100,99664,100,100019,100,99628,100,100028,100,99596,100,100036,100,99508,100
2019-06-28 09:41:30.000000000,99848,145,99844,241,99859,145,99841,241,99872,100,99813,100,99900,100,99795,100,99972,100,99730,100,99980,4,99719,100,100003,100,99664,100,100019,100,99628,100,100028,100,99596,100,100036,100,99508,100
2019-06-28 09:41:32.394072453,99848,145,99844,141,99859,145,99841,241,99872,100,99813,100,99900,100,99795,100,99972,100,99730,100,99980,4,99719,100,100003,100,99628,100,100019,100,99596,100,100028,100,99508,100,100036,100,99465,100
2019-06-28 09:41:40.000000000,99848,60,99841,156,99859,60,99813,156,99872,156,99795,156,99900,156,99730,156,99972,156,99719,156,99980,4,99628,100,100003,100,99596,100,100019,100,99508,100,100028,100,99465,100,100036,100,99428,100
2019-06-28 09:41:42.392875180,99842,100,99841,156,99848,60,99813,156,99859,60,99795,156,99872,156,99730,156,99900,156,99719,156,99972,156,99628,100,99980,4,99596,100,100003,100,99508,100,100019,100,99465,100,100028,100,99428,100
2019-06-28 09:41:43.994816784,99848,60,99841,156,99859,60,99813,156,99872,156,99795,156,99900,156,99730,156,99972,156,99719,156,99980,4,99628,100,100003,100,99596,100,100019,100,99508,100,100028,100,99465,100,100049,200,99428,100
2019-06-28 09:41:50.000000000,99848,100,99841,196,99859,97,99813,193,99872,193,99795,193,99900,100,99730,100,99972,100,99719,100,99980,4,99628,100,100003,100,99596,100,100019,100,99508,100,100028,100,99465,100,100049,200,99428,100
2019-06-28 09:41:57.896546445,99845,100,99841,196,99848,100,99813,193,99859,97,99795,193,99872,193,99730,100,99900,100,99719,100,99972,100,99628,100,99980,4,99596,100,100003,100,99508,100,100019,100,99465,100,100028,100,99428,100
2019-06-28 09:42:00.000000000,99845,196,99841,196,99848,97,99813,193,99859,97,99795,193,99872,100,99730,100,99900,100,99719,100,99972,100,99628,100,99980,4,99596,100,100003,100,99508,100,100019,100,99465,100,100028,100,99428,100
2019-06-28 09:42:04.235031746,99845,196,99841,96,99848,97,99813,193,99859,97,99795,193,99872,100,99730,100,99900,100,99719,100,99972,100,99628,100,99980,4,99508,100,100003,100,99465,100,100019,100,99428,100,100028,100,99361,100
2019-06-28 09:42:10.000000000,99845,382,99813,382,99848,4,99795,100,99859,4,99730,100,99872,100,99719,100,99900,100,99628,100,99972,100,99508,100,99980,4,99465,100,100003,100,99428,100,100019,100,99361,100,100028,100,,
2019-06-28 09:42:20.000000000,99845,241,99813,241,99848,145,99795,241,99859,4,99730,100,99872,100,99719,100,99900,100,99628,100,99972,100,99508,100,99980,4,99465,100,100003,100,99428,100,100019,100,99361,100,100028,100,,
2019-06-28 09:42:30.000000000,99845,241,99813,241,99848,145,99795,241,99859,4,99730,100,99872,100,99719,100,99900,100,99628,100,99972,100,99508,100,99980,4,99465,100,100003,100,99428,100,100019,100,99361,100,100028,100,,
2019-06-28 09:42:40.000000000,99845,156,99813,156,99848,60,99795,156,99859,60,99730,156,99872,156,99719,156,99900,156,99628,156,99972,100,99508,100,99980,4,99465,100,100003,100,99428,100,100019,100,99361,100,100028,100,,
2019-06-28 09:42:40.628537391,99845,156,99813,56,99848,60,99795,156,99859,60,99730,156,99872,156,99719,156,99900,156,99628,156,99972,100,99508,100,99980,4,99465,100,100003,100,99428,100,100019,100,99361,100,100028,100,,
2019-06-28 09:42:50.000000000,99845,156,99795,156,99848,60,99730,156,99859,60,99719,156,99872,156,99628,156,99900,156,99508,156,99972,100,99465,100,99980,4,99428,100,100003,100,99361,100,100019,100,,,100028,100,,
2019-06-28 09:43:00.000000000,99845,156,99795,156,99848,60,99730,156,99859,60,99719,156,99872,156,99628,156,99900,156,99508,156,99972,100,99465,100,99980,4,99428,100,100003,100,99361,100,100019,100,,,100028,100,,
2019-06-28 09:43:07.600107932,99841,100,99795,156,99845,156,99730,156,99848,60,99719,156,99859,60,99628,156,99872,156,99508,156,99900,156,99465,100,99972,100,99428,100,99980,4,99361,100,100003,100,,,100019,100,,
2019-06-28 09:43:10.000000000,99841,382,99795,382,99845,100,99730,100,99848,4,99719,100,99859,4,99628,100,99872,100,99508,100,99900,100,99465,100,99972,100,99428,100,99980,4,99361,100,100003,100,,,100019,100,,
2019-06-28 09:43:19.924682404,99841,382,99795,282,99845,100,99730,100,99848,4,99719,100,99859,4,99628,100,99872,100,99508,100,99900,100,99465,100,99972,100,99428,100,99980,4,99361,100,100003,100,,,100019,100,,
2019-06-28 09:43:20.000000000,99841,156,99730,156,99845,156,99719,156,99848,60,99628,156,99859,60,99508,156,99872,156,99465,156,99900,100,99428,100,99972,100,99361,100,99980,4,,,100003,100,,,100019,100,,
2019-06-28 09:43:29.512675030,99841,156,99730,156,99845,156,99719,156,99848,60,99628,156,99859,60,99508,156,99872,156,99465,156,99900,100,99428,100,99972,100,99361,100,99980,4,99307,100,100003,100,,,100019,100,,
2019-06-28 09:43:30.000000000,99841,156,99730,156,99845,156,99719,156,99848,60,99628,156,99859,60,99508,156,99872,156,99465,156,99900,100,99428,100,99972,100,99361,100,99980,4,99307,100,100003,100,,,100019,100,,
2019-06-28 09:43:38.973856329,99841,156,99730,156,99845,156,99719,156,99848,60,99628,156,99859,60,99508,156,99872,156,99465,156,99900,100,99428,100,99972,100,99361,100,99980,4,99307,100,100003,100,99041,100,100019,100,,
2019-06-28 09:43:40.000000000,99841,170,99730,170,99845,170,99719,170,99848,74,99628,170,99859,74,99508,170,99872,100,99465,100,99900,100,99428,100,99972,100,99361,100,99980,4,99307,100,100003,100,99041,100,100019,100,,
2019-06-28 09:43:41.830562852,99841,170,99730,70,99845,170,99719,170,99848,74,99628,170,99859,74,99508,170,99872,100,99465,100,99900,100,99428,100,99972,100,99361,100,99980,4,99307,100,100003,100,99041,100,100019,100,,
2019-06-28 09:43:46.626346578,99730,30,99719,170,99841,170,99628,170,99845,170,99508,170,99848,74,99465,100,99859,74,99428,100,99872,100,99361,100,99900,100,99307,100,99972,100,99041,100,99980,4,,,100003,100,,
2019-06-28 09:43:50.000000000,99730,126,99719,196,99841,193,99628,193,99845,193,99508,193,99848,4,99465,100,99859,4,99428,100,99872,100,99361,100,99900,100,99307,100,99972,100,99041,100,99980,4,,,100003,100,,
2019-06-28 09:43:57.881865825,99730,226,99719,196,99841,193,99628,193,99845,193,99508,193,99848,4,99465,100,99859,4,99428,100,99872,100,99361,100,99900,100,99307,100,99972,100,99041,100,99980,4,,,100003,100,,
2019-06-28 09:44:00.000000000,99730,271,99719,241,99841,241,99628,241,99845,100,99508,100,99848,4,99465,100,99859,4,99428,100,99872,100,99361,100,99900,100,99307,100,99972,100,99041,100,99980,4,,,100003,100,,
2019-06-28 09:44:10.000000000,99730,271,99719,241,99841,241,99628,241,99845,100,99508,100,99848,4,99465,100,99859,4,99428,100,99872,100,99361,100,99900,100,99307,100,99972,100,99041,100,99980,4,,,100003,100,,
2019-06-28 09:44:20.000000000,99730,186,99719,156,99841,156,99628,156,99845,156,99508,156,99848,60,99465,156,99859,60,99428,156,99872,100,99361,100,99900,100,99307,100,99972,100,99041,100,99980,4,,,100003,100,,
2019-06-28 09:44:21.091184204,99730,286,99719,156,99841,156,99628,156,99845,156,99508,156,99848,60,99465,156,99859,60,99428,156,99872,100,99361,100,99900,100,99307,100,99972,100,99041,100,99980,4,,,100003,100,,
2019-06-28 09:44:30.000000000,99730,326,99719,196,99841,193,99628,193,99845,193,99508,193,99848,4,99465,100,99859,4,99428,100,99872,100,99361,100,99900,100,99307,100,99972,100,99041,100,99980,4,,,100003,100,,
2019-06-28 09:44:40.000000000,99730,300,99719,170,99841,170,99628,170,99845,170,99508,170,99848,74,99465,170,99859,4,99428,100,99872,100,99361,100,99900,100,99307,100,99972,100,99041,100,99980,4,,,100003,100,,
2019-06-28 09:44:43.499564069,99730,300,99719,70,99841,170,99628,170,99845,170,99508,170,99848,74,99465,170,99859,4,99428,100,99872,100,99361,100,99900,100,99307,100,99972,100,99041,100,99980,4,,,100003,100,,
2019-06-28 09:44:50.000000000,99730,512,99628,382,99841,100,99508,100,99845,100,99465,100,99848,4,99428,100,99859,4,99361,100,99872,100,99307,100,99900,100,99041,100,99972,100,,,99980,4,,,100003,100,,
2019-06-28 09:44:59.074139784,99730,512,99628,282,99841,100,99508,100,99845,100,99465,100,99848,4,99428,100,99859,4,99361,100,99872,100,99307,100,99900,100,99041,100,99972,100,,,99980,4,,,100003,100,,
2019-06-28 09:45:00.000000000,99730,286,99508,156,99841,156,99465,156,99845,156,99428,156,99848,60,99361,156,99859,60,99307,156,99872,100,99041,100,99900,100,,,99972,100,,,99980,4,,,100003,100,,
2019-06-28 09:45:10.000000000,99730,326,99508,196,99841,193,99465,193,99845,193,99428,193,99848,4,99361,100,99859,4,99307,100,99872,100,99041,100,99900,100,,,99972,100,,,99980,4,,,100003,100,,
2019-06-28 09:45:20.000000000,99730,286,99508,156,99841,156,99465,156,99845,156,99428,156,99848,60,99361,156,99859,60,99307,156,99872,100,99041,100,99900,100,,,99972,100,,,99980,4,,,100003,100,,
2019-06-28 09:45:20.319628238,99730,286,99508,56,99841,156,99465,156,99845,156,99428,156,99848,60,99361,156,99859,60,99307,156,99872,100,99041,100,99900,100,,,99972,100,,,99980,4,,,100003,100,,
2019-06-28 09:45:20.401634734,99508,44,99465,156,99730,286,99428,156,99841,156,99361,156,99845,156,99307,156,99848,60,99041,100,99859,60,,,99872,100,,,99900,100,,,99972,100,,,99980,4,,
2019-06-28 09:45:27.644123737,99508,44,99465,156,99561,100,99428,156,99730,286,99361,156,99841,156,99307,156,99845,156,99041,100,99848,60,,,99859,60,,,99872,100,,,99900,100,,,99972,100,,
2019-06-28 09:45:29.674250740,99508,44,99465,156,99561,100,99428,156,99601,100,99361,156,99730,286,99307,156,99841,156,,,99845,156,,,99848,60,,,99859,60,,,99872,100,,,99900,100,,
2019-06-28 09:45:30.000000000,99508,185,99465,241,99561,241,99428,241,99601,100,99361,100,99730,230,99307,100,99841,100,,,99845,100,,,99848,4,,,99859,4,,,99872,100,,,99900,100,,
2019-06-28 09:45:40.000000000,99508,140,99465,196,99561,193,99428,193,99601,193,99361,193,99730,230,99307,100,99841,100,,,99845,100,,,99848,4,,,99859,4,,,99872,100,,,99900,100,,
2019-06-28 09:45:50.000000000,99508,100,99465,156,99561,156,99428,156,99601,156,99361,156,99730,286,99307,156,99841,156,99306,56,99845,100,,,99848,4,,,99859,4,,,99872,100,,,99900,100,,
2019-06-28 09:45:52.056879822,99508,100,99465,56,99561,156,99428,156,99601,156,99361,156,99730,286,99307,156,99841,156,99306,56,99845,100,,,99848,4,,,99859,4,,,99872,100,,,99900,100,,
2019-06-28 09:46:00.000000000,99508,140,99428,196,99561,193,99361,193,99601,193,99307,193,99730,230,,,99841,100,,,99845,100,,,99848,4,,,99859,4,,,99872,100,,,99900,100,,
2019-06-28 09:46:02.079843485,99508,140,99428,96,99561,193,99361,193,99601,193,99307,193,99730,230,,,99841,100,,,99845,100,,,99848,4,,,99859,4,,,99872,100,,,99900,100,,
2019-06-28 09:46:10.000000000,99508,185,99361,241,99561,241,99307,241,99601,100,,,99730,230,,,99841,100,,,99845,100,,,99848,4,,,99859,4,,,99872,100,,,99900,100,,
2019-06-28 09:46:20.000000000,99508,185,99361,241,99561,241,99307,241,99601,100,,,99730,230,,,99841,100,,,99845,100,,,99848,4,,,99859,4,,,99872,100,,,99900,100,,
2019-06-28 09:46:30.000000000,99508,114,99361,170,99561,170,99307,170,99601,170,99306,70,99730,300,,,99841,100,,,99845,100,,,99848,4,,,99859,4,,,99872,100,,,99900,100,,
2019-06-28 09:46:40.000000000,99508,326,99361,382,99561,100,99307,100,99601,100,,,99730,230,,,99841,100,,,99845,100,,,99848,4,,,99859,4,,,99872,100,,,99900,100,,
2019-06-28 09:46:46.672483176,99508,326,99361,382,99561,100,99307,100,99601,100,98997,100,99730,230,,,99841,100,,,99845,100,,,99848,4,,,99859,4,,,99872,100,,,99900,100,,
2019-06-28 09:46:49.198540073,99465,100,99361,382,99508,326,99307,100,99561,100,98997,100,99601,100,,,99730,230,,,99841,100,,,99845,100,,,99848,4,,,99859,4,,,99872,100,,
2019-06-28 09:46:50.000000000,99465,241,99361,241,99508,185,99307,241,99561,100,98997,100,99601,100,,,99730,230,,,99841,100,,,99845,100,,,99848,4,,,99859,4,,,99872,100,,
2019-06-28 09:46:51.518619878,99465,241,99361,141,99508,185,99307,241,99561,100,98997,100,99601,100,,,99730,230,,,99841,100,,,99845,100,,,99848,4,,,99859,4,,,99872,100,,
2019-06-28 09:47:00.000000000,99465,156,99307,156,99508,100,98997,156,99561,156,98996,56,99601,156,,,99730,286,,,99841,100,,,99845,100,,,99848,4,,,99859,4,,,99872,100,,
2019-06-28 09:47:01.332873340,99465,156,99307,156,99508,100,98997,156,99561,156,98996,56,99601,156,98890,100,99730,286,,,99841,100,,,99845,100,,,99848,4,,,99859,4,,,99872,100,,
2019-06-28 09:47:10.000000000,99465,156,99307,156,99508,100,98997,156,99561,156,98890,156,99601,156,98889,56,99730,286,,,99841,100,,,99845,100,,,99848,4,,,99859,4,,,99872,100,,
2019-06-28 09:47:12.569278349,99465,56,99307,156,99508,100,98997,156,99561,156,98890,156,99601,156,98889,56,99730,286,,,99841,100,,,99845,100,,,99848,4,,,99859,4,,,99872,100,,
2019-06-28 09:47:19.567369699,99465,56,99307,56,99508,100,98997,156,99561,156,98890,156,99601,156,98889,56,99730,286,,,99841,100,,,99845,100,,,99848,4,,,99859,4,,,99872,100,,
2019-06-28 09:47:20.000000000,99508,100,98997,156,99561,156,98890,156,99601,156,98889,56,99730,286,,,99841,156,,,99845,100,,,99848,4,,,99859,4,,,99872,100,,,99900,100,,
2019-06-28 09:47:21.747475946,99508,100,99141,100,99561,156,98997,156,99601,156,98890,156,99730,286,98889,56,99841,156,,,99845,100,,,99848,4,,,99859,4,,,99872,100,,,99900,100,,
2019-06-28 09:47:30.000000000,99508,326,99141,382,99561,100,98997,100,99601,100,98890,100,99730,230,,,99841,100,,,99845,100,,,99848,4,,,99859,4,,,99872,100,,,99900,100,,
2019-06-28 09:47:40.000000000,99508,326,99141,382,99561,100,98997,100,99601,100,98890,100,99730,230,,,99841,100,,,99845,100,,,99848,4,,,99859,4,,,99872,100,,,99900,100,,
2019-06-28 09:47:46.367614385,99508,326,99141,282,99561,100,98997,100,99601,100,98890,100,99730,230,,,99841,100,,,99845,100,,,99848,4,,,99859,4,,,99872,100,,,99900,100,,
2019-06-28 09:47:50.000000000,99508,114,98997,170,99561,170,98890,170,99601,170,98889,70,99730,300,,,99841,100,,,99845,100,,,99848,4,,,99859,4,,,99872,100,,,99900,100,,
2019-06-28 09:47:57.068051451,99508,114,98997,170,99561,170,98890,170,99601,170,98889,70,99730,300,98745,100,99841,100,,,99845,100,,,99848,4,,,99859,4,,,99872,100,,,99900,100,,
2019-06-28 09:48:00.000000000,99508,140,98997,196,99561,193,98890,193,99601,193,98745,193,99730,230,,,99841,100,,,99845,100,,,99848,4,,,99859,4,,,99872,100,,,99900,100,,
2019-06-28 09:48:07.084088850,99508,140,98997,96,99561,193,98890,193,99601,193,98745,193,99730,230,,,99841,100,,,99845,100,,,99848,4,,,99859,4,,,99872,100,,,99900,100,,
2019-06-28 09:48:10.000000000,99508,100,98890,156,99561,156,98745,156,99601,156,98744,56,99730,286,,,99841,156,,,99845,100,,,99848,4,,,99859,4,,,99872,100,,,99900,100,,
2019-06-28 09:48:20.000000000,99508,100,98890,156,99561,156,98745,156,99601,156,98744,56,99730,286,,,99841,156,,,99845,100,,,99848,4,,,99859,4,,,99872,100,,,99900,100,,
2019-06-28 09:48:30.000000000,99508,185,98890,241,99561,241,98745,241,99601,100,,,99730,230,,,99841,100,,,99845,100,,,99848,4,,,99859,4,,,99872,100,,,99900,100,,
2019-06-28 09:48:30.304944213,99508,185,98890,241,99561,241,98858,100,99601,100,98745,241,99730,230,,,99841,100,,,99845,100,,,99848,4,,,99859,4,,,99872,100,,,99900,100,,
2019-06-28 09:48:39.991948449,99272,100,98890,241,99508,185,98858,100,99561,241,98745,241,99601,100,,,99730,230,,,99841,100,,,99845,100,,,99848,4,,,99859,4,,,99872,100,,
2019-06-28 09:48:40.000000000,99272,241,98890,241,99508,185,98858,241,99561,100,98745,100,99601,100,,,99730,230,,,99841,100,,,99845,100,,,99848,4,,,99859,4,,,99872,100,,
2019-06-28 09:48:50.000000000,99272,241,98890,241,99508,185,98858,241,99561,100,98745,100,99601,100,,,99730,230,,,99841,100,,,99845,100,,,99848,4,,,99859,4,,,99872,100,,
2019-06-28 09:49:00.000000000,99272,196,98890,196,99508,137,98858,193,99561,193,98745,193,99601,100,,,99730,230,,,99841,100,,,99845,100,,,99848,4,,,99859,4,,,99872,100,,
2019-06-28 09:49:10.000000000,99272,170,98890,170,99508,114,98858,170,99561,170,98745,170,99601,170,98744,70,99730,230,,,99841,100,,,99845,100,,,99848,4,,,99859,4,,,99872,100,,
2019-06-28 09:49:10.085069864,99141,100,98890,170,99272,170,98858,170,99508,114,98745,170,99561,170,98744,70,99601,170,,,99730,230,,,99841,100,,,99848,4,,,99859,4,,,99872,100,,
2019-06-28 09:49:20.000000000,99141,196,98890,196,99272,193,98858,193,99508,137,98745,193,99561,100,,,99601,100,,,99730,230,,,99841,100,,,99848,4,,,99859,4,,,99872,100,,
2019-06-28 09:49:30.000000000,99141,241,98890,241,99272,241,98858,241,99508,44,98745,100,99561,100,,,99601,100,,,99730,230,,,99841,100,,,99848,4,,,99859,4,,,99872,100,,
2019-06-28 09:49:40.000000000,99141,196,98890,196,99272,193,98858,193,99508,137,98745,193,99561,100,,,99601,100,,,99730,230,,,99841,100,,,99848,4,,,99859,4,,,99872,100,,
2019-06-28 09:49:50.000000000,99141,196,98890,196,99272,193,98858,193,99508,137,98745,193,99561,100,,,99601,100,,,99730,230,,,99841,100,,,99848,4,,,99859,4,,,99872,100,,
2019-06-28 09:50:00.000000000,99141,241,98890,241,99272,241,98858,241,99508,44,98745,100,99561,100,,,99601,100,,,99730,230,,,99841,100,,,99848,4,,,99859,4,,,99872,100,,
2019-06-28 09:50:00.237322902,99141,241,98890,141,99272,241,98858,241,99508,44,98745,100,99561,100,,,99601,100,,,99730,230,,,99841,100,,,99848,4,,,99859,4,,,99872,100,,
2019-06-28 09:50:06.668803467,98997,100,98890,141,99141,241,98858,241,99272,241,98745,100,99508,44,,,99561,100,,,99601,100,,,99730,230,,,99841,100,,,99848,4,,,99859,4,,
2019-06-28 09:50:10.000000000,98997,170,98858,170,99141,170,98745,170,99272,170,98744,70,99508,114,,,99561,100,,,99601,100,,,99730,230,,,99841,100,,,99848,4,,,99859,4,,
2019-06-28 09:50:10.927285723,98997,170,98858,170,99141,170,98745,170,99272,170,98744,70,99508,114,,,99561,100,,,99601,100,,,99730,230,,,99841,100,,,99848,4,,,99859,4,,
2019-06-28 09:50:20.000000000,98997,382,98858,382,99141,100,98745,100,99272,100,,,99508,44,,,99561,100,,,99601,100,,,99730,230,,,99841,100,,,99848,4,,,99859,4,,
2019-06-28 09:50:20.607130069,98997,382,98858,382,99141,100,98745,100,99272,100,98364,100,99508,44,,,99561,100,,,99601,100,,,99730,230,,,99841,100,,,99848,4,,,99859,4,,
2019-06-28 09:50:21.389465554,98997,382,98858,382,99141,100,98745,100,99272,100,98364,100,99508,44,98230,100,99561,100,,,99601,100,,,99730,230,,,99841,100,,,99848,4,,,99859,4,,
2019-06-28 09:50:30.000000000,98997,156,98858,156,99141,156,98745,156,99272,156,98364,156,99508,100,98230,156,99561,156,98229,56,99601,100,,,99730,230,,,99841,100,,,99848,4,,,99859,4,,
2019-06-28 09:50:32.127141634,98997,156,98858,56,99141,156,98745,156,99272,156,98364,156,99508,100,98230,156,99561,156,98229,56,99601,100,98111,100,99730,230,,,99841,100,,,99848,4,,,99859,4,,
2019-06-28 09:50:40.000000000,98997,382,98745,382,99141,100,98364,100,99272,100,98230,100,99508,44,98111,100,99561,100,,,99601,100,,,99730,230,,,99841,100,,,99848,4,,,99859,4,,
2019-06-28 09:50:42.859330717,98997,382,98745,382,99141,100,98364,100,99272,100,98230,100,99508,44,98111,100,99561,100,98072,100,99601,100,,,99730,230,,,99841,100,,,99848,4,,,99859,4,,
2019-06-28 09:50:43.201879959,98997,382,98745,382,99141,100,98364,100,99272,100,98230,100,99508,44,98111,100,99561,100,98072,100,99601,100,97969,100,99730,230,,,99841,100,,,99848,4,,,99859,4,,
2019-06-28 09:50:50.000000000,98997,156,98745,156,99141,156,98364,156,99272,156,98230,156,99508,100,98111,156,99561,156,98072,156,99601,100,97969,100,99730,230,,,99841,100,,,99848,4,,,99859,4,,
2019-06-28 09:50:51.415471513,98997,156,98745,156,99141,156,98364,156,99272,156,98230,156,99508,100,98187,100,99561,156,98111,156,99601,100,98072,156,99730,230,97969,100,99841,100,,,99848,4,,,99859,4,,
2019-06-28 09:51:00.000000000,98997,170,98745,170,99141,170,98364,170,99272,170,98230,170,99508,114,98187,170,99561,100,98111,100,99601,100,98072,100,99730,230,97969,100,99841,100,,,99848,4,,,99859,4,,
2019-06-28 09:51:00.699686585,98997,170,98745,170,99141,170,98364,170,99272,170,98230,170,99508,114,98187,170,99561,100,98111,100,99601,100,98072,100,99730,230,97969,100,99841,100,,,99848,4,,,99859,4,,
2019-06-28 09:51:07.370319633,98997,170,98745,170,99141,170,98364,170,99272,170,98244,100,99508,114,98230,170,99561,100,98187,170,99601,100,98111,100,99730,230,98072,100,99841,100,97969,100,99848,4,,,99859,4,,
2019-06-28 09:51:10.000000000,98997,156,98745,156,99141,156,98364,156,99272,156,98244,156,99508,100,98230,156,99561,156,98187,156,99601,100,98111,100,99730,230,98072,100,99841,100,97969,100,99848,4,,,99859,4,,
2019-06-28 09:51:19.817983498,98787,100,98745,156,98997,156,98364,56,99141,156,98244,156,99272,156,98230,156,99508,100,98187,156,99561,156,98111,100,99601,100,98072,100,99730,230,97969,100,99841,100,,,99848,4,,
2019-06-28 09:51:20.000000000,98787,241,98745,241,98997,241,98244,241,99141,100,98230,100,99272,100,98187,100,99508,44,98111,100,99561,100,98072,100,99601,100,97969,100,99730,230,,,99841,100,,,99848,4,,
2019-06-28 09:51:30.000000000,98787,241,98745,241,98997,241,98244,241,99141,100,98230,100,99272,100,98187,100,99508,44,98111,100,99561,100,98072,100,99601,100,97969,100,99730,230,,,99841,100,,,99848,4,,
2019-06-28 09:51:40.000000000,98787,156,98745,156,98997,156,98244,156,99141,156,98230,156,99272,156,98187,156,99508,100,98111,156,99561,100,98072,100,99601,100,97969,100,99730,230,,,99841,100,,,99848,4,,
2019-06-28 09:51:44.041748091,98787,156,98745,156,98997,156,98717,100,99141,156,98244,156,99272,156,98230,156,99508,100,98187,156,99561,100,98111,156,99601,100,98072,100,99730,230,97969,100,99841,100,,,99848,4,,
2019-06-28 09:51:50.000000000,98787,170,98745,170,98997,170,98717,170,99141,170,98244,170,99272,170,98230,170,99508,44,98187,100,99561,100,98111,100,99601,100,98072,100,99730,230,97969,100,99841,100,,,99848,4,,
2019-06-28 09:52:00.000000000,98787,382,98745,382,98997,100,98717,100,99141,100,98244,100,99272,100,98230,100,99508,44,98187,100,99561,100,98111,100,99601,100,98072,100,99730,230,97969,100,99841,100,,,99848,4,,
2019-06-28 09:52:03.315671593,98787,382,98745,382,98997,200,98717,100,99141,100,98244,100,99272,100,98230,100,99508,44,98187,100,99561,100,98111,100,99601,100,98072,100,99730,230,97969,100,99841,100,,,99848,4,,
2019-06-28 09:52:03.681996670,98787,282,98745,382,98997,200,98717,100,99141,100,98244,100,99272,100,98230,100,99508,44,98187,100,99561,100,98111,100,99601,100,97969,100,99730,230,,,99841,100,,,99848,4,,
2019-06-28 09:52:10.000000000,98997,296,98745,196,99141,193,98717,193,99272,193,98244,193,99508,44,98230,100,99561,100,98187,100,99601,100,98111,100,99730,230,97969,100,99841,100,,,99848,4,,,99859,4,,
2019-06-28 09:52:12.666632720,98997,296,98787,100,99141,193,98745,196,99272,193,98717,193,99508,44,98244,193,99561,100,98230,100,99601,100,98187,100,99730,230,98111,100,99841,100,97969,100,99848,4,,,99859,4,,
2019-06-28 09:52:20.000000000,98997,256,98787,156,99141,156,98745,156,99272,156,98717,156,99508,100,98244,156,99561,156,98230,156,99601,100,98187,100,99730,230,98111,100,99841,100,97969,100,99848,4,,,99859,4,,
2019-06-28 09:52:29.147383332,98997,256,98787,156,99141,156,98745,156,99272,156,98717,156,99508,100,98244,156,99561,156,98230,156,99601,100,98187,100,99730,230,98111,100,99841,100,97969,100,99848,4,,,99859,4,,
2019-06-28 09:52:30.000000000,98997,482,98787,382,99141,100,98745,100,99272,100,98717,100,99508,44,98244,100,99561,100,98230,100,99601,100,98187,100,99730,230,98111,100,99841,100,97969,100,99848,4,,,99859,4,,
2019-06-28 09:52:36.179329749,98997,482,98787,382,99272,100,98745,100,99508,44,98717,100,99561,100,98244,100,99601,100,98230,100,99730,230,98187,100,99841,100,98111,100,99848,4,97969,100,99859,4,,,99900,100,,
2019-06-28 09:52:40.000000000,98997,296,98787,196,99272,193,98745,193,99508,137,98717,193,99561,100,98244,100,99601,100,98230,100,99730,230,98187,100,99841,100,98111,100,99848,4,97969,100,99859,4,,,99900,100,,
2019-06-28 09:52:45.288721172,98997,296,98891,100,99272,193,98787,196,99508,137,98745,193,99561,100,98717,193,99601,100,98244,100,99730,230,98230,100,99841,100,98187,100,99848,4,98111,100,99859,4,97969,100,99900,100,,
2019-06-28 09:52:50.000000000,98997,482,98891,382,99272,100,98787,100,99508,44,98745,100,99561,100,98717,100,99601,100,98244,100,99730,230,98230,100,99841,100,98187,100,99848,4,98111,100,99859,4,97969,100,99900,100,,
2019-06-28 09:53:00.000000000,98997,341,98891,241,99272,241,98787,241,99508,44,98745,100,99561,100,98717,100,99601,100,98244,100,99730,230,98230,100,99841,100,98187,100,99848,4,98111,100,99859,4,97969,100,99900,100,,
2019-06-28 09:53:02.651896829,98997,341,98891,341,99272,241,98787,241,99508,44,98745,100,99561,100,98717,100,99601,100,98244,100,99730,230,98230,100,99841,100,98187,100,99848,4,98111,100,99859,4,97969,100,99900,100,,
2019-06-28 09:53:09.974418933,98997,341,98891,341,99272,241,98787,241,99508,44,98745,100,99561,100,98717,100,99730,230,98244,100,99841,100,98230,100,99848,4,98187,100,99859,4,98111,100,99900,100,97969,100,100003,100,,
2019-06-28 09:53:10.000000000,98997,341,98891,341,99272,241,98787,241,99508,44,98745,100,99561,100,98717,100,99730,230,98244,100,99841,100,98230,100,99848,4,98187,100,99859,4,98111,100,99900,100,97969,100,100003,100,,
2019-06-28 09:53:19.353687005,98997,241,98891,341,99272,241,98787,241,99508,44,98745,100,99561,100,98717,100,99730,230,98244,100,99841,100,98230,100,99848,4,98187,100,99900,100,98111,100,100003,100,97969,100,100028,100,,
2019-06-28 09:53:19.847915153,98997,141,98891,341,99272,241,98787,241,99508,44,98745,100,99561,100,98717,100,99730,230,98244,100,99841,100,98230,100,99848,4,98187,100,99900,100,98111,100,100003,100,97969,100,100049,100,,
2019-06-28 09:53:20.000000000,99272,170,98891,270,99508,114,98787,170,99561,170,98745,170,99730,300,98717,170,99841,100,98244,100,99848,4,98230,100,99900,100,98187,100,100003,100,98111,100,100049,100,97969,100,100079,100,,
2019-06-28 09:53:30.000000000,99272,382,98891,482,99508,44,98787,100,99561,100,98745,100,99730,230,98717,100,99841,100,98244,100,99848,4,98230,100,99900,100,98187,100,100003,100,98111,100,100049,100,97969,100,100079,100,,
2019-06-28 09:53:40.000000000,99272,241,98891,341,99508,185,98787,241,99561,100,98745,100,99730,230,98717,100,99841,100,98244,100,99848,4,98230,100,99900,100,98187,100,100003,100,98111,100,100049,100,97969,100,100079,100,,
2019-06-28 09:53:47.319699578,99272,241,98891,341,99508,185,98787,241,99561,100,98745,100,99730,230,98717,100,99841,100,98244,100,99848,4,98230,100,99900,100,98187,100,100003,100,98111,100,100049,100,97969,100,100079,100,,
2019-06-28 09:53:49.859345810,99272,241,98891,341,99508,185,98787,241,99561,100,98745,100,99730,230,98717,100,99841,100,98244,100,99848,4,98230,100,100003,100,98187,100,100049,100,98111,100,100062,100,97969,100,100079,100,,
2019-06-28 09:53:50.000000000,99272,196,98891,296,99508,137,98787,193,99561,193,98745,193,99730,230,98717,100,99841,100,98244,100,99848,4,98230,100,100003,100,98187,100,100049,100,98111,100,100062,100,97969,100,100079,100,,
2019-06-28 09:54:00.000000000,99272,156,98891,256,99508,100,98787,156,99561,156,98745,156,99730,286,98717,156,99841,156,98244,156,99848,4,98230,100,100003,100,98187,100,100049,100,98111,100,100062,100,97969,100,100079,100,,
2019-06-28 09:54:06.944624837,99272,156,98891,256,99508,100,98787,156,99561,156,98745,156,99730,286,98717,156,99841,156,98244,156,99848,4,98230,100,99924,100,98187,100,100003,100,98111,100,100049,100,97969,100,100062,100,,
2019-06-28 09:54:10.000000000,99272,170,98891,270,99508,114,98787,170,99561,170,98745,170,99730,300,98717,170,99841,100,98244,100,99848,4,98230,100,99924,100,98187,100,100003,100,98111,100,100049,100,97969,100,100062,100,,
2019-06-28 09:54:20.000000000,99272,170,98891,270,99508,114,98787,170,99561,170,98745,170,99730,300,98717,170,99841,100,98244,100,99848,4,98230,100,99924,100,98187,100,100003,100,98111,100,100049,100,97969,100,100062,100,,
2019-06-28 09:54:26.163896891,99508,114,99272,30,99561,170,98891,270,99730,300,98787,170,99841,100,98745,170,99848,4,98717,170,99924,100,98244,100,100003,100,98230,100,100049,100,98187,100,100062,100,98111,100,100079,100,97969,100
2019-06-28 09:54:30.000000000,99508,100,99272,86,99561,156,98891,256,99730,286,98787,156,99841,156,98745,156,99848,60,98717,156,99924,100,98244,100,100003,100,98230,100,100049,100,98187,100,100062,100,98111,100,100079,100,97969,100
2019-06-28 09:54:37.329152887,99508,100,99272,86,99561,156,98891,256,99730,286,98787,156,99841,156,98745,156,99848,60,98717,156,99862,100,98244,100,99924,100,98230,100,100003,100,98187,100,100049,100,98111,100,100062,100,97969,100
2019-06-28 09:54:40.000000000,99508,140,99272,126,99561,193,98891,293,99730,323,98787,193,99841,100,98745,100,99848,4,98717,100,99862,100,98244,100,99924,100,98230,100,100003,100,98187,100,100049,100,98111,100,100062,100,97969,100
2019-06-28 09:54:50.000000000,99508,114,99272,100,99561,170,98891,270,99730,300,98787,170,99841,170,98745,170,99848,4,98717,100,99862,100,98244,100,99924,100,98230,100,100003,100,98187,100,100049,100,98111,100,100062,100,97969,100
2019-06-28 09:54:52.299892513,99508,114,99272,100,99561,170,98891,270,99730,300,98787,170,99841,170,98745,170,99862,100,98717,100,99924,100,98244,100,100003,100,98230,100,100049,100,98187,100,100062,100,98111,100,100079,100,97969,100
2019-06-28 09:54:59.640535193,99508,114,99272,100,99561,170,98891,270,99730,300,98787,170,99841,170,98745,170,99862,100,98717,100,99924,100,98244,100,100003,100,98230,100,100049,100,98187,100,100062,100,98111,100,100079,100,97969,100
2019-06-28 09:55:00.000000000,99508,100,99272,86,99561,156,98891,256,99730,286,98787,156,99841,156,98745,156,99862,156,98717,156,99924,100,98244,100,100003,100,98230,100,100049,100,98187,100,100062,100,98111,100,100079,100,97969,100
2019-06-28 09:55:10.000000000,99508,114,99272,100,99561,170,98891,270,99730,300,98787,170,99841,170,98745,170,99862,100,98717,100,99924,100,98244,100,100003,100,98230,100,100049,100,98187,100,100062,100,98111,100,100079,100,97969,100
2019-06-28 09:55:11.259824166,99508,114,99272,100,99561,170,98997,100,99730,300,98891,270,99841,170,98787,170,99862,100,98745,170,99924,100,98717,100,100003,100,98244,100,100049,100,98230,100,100062,100,98187,100,100079,100,98111,100
2019-06-28 09:55:20.000000000,99508,326,99272,312,99561,100,98997,100,99730,230,98891,200,99841,100,98787,100,99862,100,98745,100,99924,100,98717,100,100003,100,98244,100,100049,100,98230,100,100062,100,98187,100,100079,100,98111,100
2019-06-28 09:55:30.000000000,99508,114,99272,100,99561,170,98997,170,99730,300,98891,270,99841,170,98787,170,99862,100,98745,100,99924,100,98717,100,100003,100,98244,100,100049,100,98230,100,100062,100,98187,100,100079,100,98111,100
2019-06-28 09:55:40.000000000,99508,114,99272,100,99561,170,98997,170,99730,300,98891,270,99841,170,98787,170,99862,100,98745,100,99924,100,98717,100,100003,100,98244,100,100049,100,98230,100,100062,100,98187,100,100079,100,98111,100
2019-06-28 09:55:50.000000000,99508,140,99272,126,99561,193,98997,193,99730,323,98891,293,99841,100,98787,100,99862,100,98745,100,99924,100,98717,100,100003,100,98244,100,100049,100,98230,100,100062,100,98187,100,100079,100,98111,100
2019-06-28 09:55:52.505325918,99508,40,99272,126,99561,193,98997,193,99730,323,98891,293,99841,100,98787,100,99862,100,98745,100,99924,100,98717,100,100003,100,98244,100,100049,100,98230,100,100062,100,98187,100,100079,100,98111,100
2019-06-28 09:55:59.061186819,99561,193,99508,60,99730,323,99272,126,99841,100,98997,193,99862,100,98891,293,99924,100,98787,100,100003,100,98745,100,100049,100,98717,100,100062,100,98244,100,100079,100,98230,100,100113,100,98187,100
2019-06-28 09:56:00.000000000,99561,170,99508,130,99730,300,99272,100,99841,170,98997,170,99862,170,98891,270,99924,100,98787,100,100003,100,98745,100,100049,100,98717,100,100062,100,98244,100,100079,100,98230,100,100113,100,98187,100
2019-06-28 09:56:02.448390533,99561,170,99508,130,99730,300,99272,100,99841,170,98997,170,99862,170,98891,270,99924,100,98787,100,100003,100,98745,100,100049,100,98717,100,100062,100,98244,100,100079,100,98230,100,100113,100,98111,100
2019-06-28 09:56:10.000000000,99561,156,99508,116,99730,286,99272,86,99841,156,98997,156,99862,156,98891,256,99924,156,98787,156,100003,100,98745,100,100049,100,98717,100,100062,100,98244,100,100079,100,98230,100,100113,100,98111,100
2019-06-28 09:56:20.000000000,99561,196,99508,156,99730,323,99272,123,99841,193,98997,193,99862,100,98891,200,99924,100,98787,100,100003,100,98745,100,100049,100,98717,100,100062,100,98244,100,100079,100,98230,100,100113,100,98111,100
2019-06-28 09:56:30.000000000,99561,170,99508,130,99730,300,99272,100,99841,170,98997,170,99862,170,98891,270,99924,100,98787,100,100003,100,98745,100,100049,100,98717,100,100062,100,98244,100,100079,100,98230,100,100113,100,98111,100
2019-06-28 09:56:40.000000000,99561,382,99508,342,99730,230,99272,30,99841,100,98997,100,99862,100,98891,200,99924,100,98787,100,100003,100,98745,100,100049,100,98717,100,100062,100,98244,100,100079,100,98230,100,100113,100,98111,100
2019-06-28 09:56:50.000000000,99561,170,99508,130,99730,300,99272,100,99841,170,98997,170,99862,170,98891,270,99924,100,98787,100,100003,100,98745,100,100049,100,98717,100,100062,100,98244,100,100079,100,98230,100,100113,100,98111,100
2019-06-28 09:57:00.000000000,99561,156,99508,116,99730,286,99272,86,99841,156,98997,156,99862,156,98891,256,99924,156,98787,156,100003,100,98745,100,100049,100,98717,100,100062,100,98244,100,100079,100,98230,100,100113,100,98111,100
2019-06-28 09:57:03.846625468,99561,56,99508,116,99730,286,99272,86,99841,156,98997,156,99862,156,98891,256,99924,156,98787,156,100003,100,98745,100,100049,100,98717,100,100062,100,98244,100,100079,100,98230,100,100113,100,98111,100
2019-06-28 09:57:04.343905419,99730,286,99561,44,99841,156,99508,116,99862,156,99272,86,99924,56,98997,156,100003,100,98891,256,100049,100,98787,156,100062,100,98745,100,100079,100,98717,100,100113,100,98244,100,100115,100,98230,100
2019-06-28 09:57:10.000000000,99730,512,99561,326,99841,100,99508,60,99862,100,99272,30,100003,100,98997,100,100049,100,98891,200,100062,100,98787,100,100079,100,98745,100,100113,100,98717,100,100115,100,98244,100,100118,100,98230,100
2019-06-28 09:57:18.766479773,99730,412,99561,326,99841,100,99508,60,99862,100,99272,30,100003,100,98997,100,100049,100,98891,200,100062,100,98787,100,100079,100,98745,100,100113,100,98717,100,100115,100,98244,100,100118,100,98230,100
2019-06-28 09:57:20.000000000,99730,200,99561,114,99841,170,99508,130,99862,170,99272,100,100003,170,98997,170,100049,100,98891,200,100062,100,98787,100,100079,100,98745,100,100113,100,98717,100,100115,100,98244,100,100118,100,98230,100
2019-06-28 09:57:21.040310981,99730,100,99561,114,99841,170,99508,130,99862,70,99272,100,100003,170,98997,170,100049,100,98891,200,100062,100,98787,100,100079,100,98745,100,100113,100,98717,100,100115,100,98244,100,100118,100,98230,100
2019-06-28 09:57:30.000000000,99730,126,99561,140,99841,193,99508,153,100003,193,99272,123,100049,100,98997,100,100062,100,98891,200,100079,100,98787,100,100113,100,98745,100,100115,100,98717,100,100118,100,98244,100,100164,100,98230,100
2019-06-28 09:57:35.362384023,99730,126,99561,140,99841,193,99508,153,100003,193,99272,123,100049,100,98997,100,100062,100,98891,200,100079,100,98787,100,100113,100,98745,100,100115,100,98717,100,100118,100,98244,100,100164,100,98230,100
2019-06-28 09:57:40.000000000,99730,312,99561,326,99841,100,99508,60,100003,100,99272,30,100049,100,98997,100,100062,100,98891,200,100079,100,98787,100,100113,100,98745,100,100115,100,98717,100,100118,100,98244,100,100164,100,98230,100
2019-06-28 09:57:45.105611861,99730,212,99561,326,99841,100,99508,60,100003,100,99272,30,100049,100,98997,100,100062,100,98891,200,100079,100,98787,100,100113,100,98745,100,100115,100,98717,100,100118,100,98244,100,100164,100,98230,100
2019-06-28 09:57:46.881080632,99730,112,99561,326,99841,100,99508,60,100049,100,99272,30,100062,100,98997,100,100079,100,98891,200,100113,100,98787,100,100115,100,98745,100,100118,100,98717,100,100164,100,98244,100,100310,100,98230,100
2019-06-28 09:57:50.000000000,99841,196,99561,140,100049,193,99508,153,100062,193,99272,123,100079,100,98997,100,100113,100,98891,200,100115,100,98787,100,100118,100,98745,100,100164,100,98717,100,100310,100,98244,100,100631,100,98230,100
2019-06-28 09:58:00.000000000,99841,382,99561,326,100049,100,99508,60,100062,100,99272,30,100079,100,98997,100,100113,100,98891,200,100115,100,98787,100,100118,100,98745,100,100164,100,98717,100,100310,100,98244,100,100631,100,98230,100
2019-06-28 09:58:02.115272180,99841,382,99730,100,100049,100,99561,326,100062,100,99508,60,100079,100,99272,30,100113,100,98997,100,100115,100,98891,200,100118,100,98787,100,100164,100,98745,100,100310,100,98717,100,100631,100,98244,100
2019-06-28 09:58:10.000000000,99841,170,99730,170,100049,170,99561,114,100062,170,99508,130,100079,170,99272,100,100113,100,98997,100,100115,100,98891,200,100118,100,98787,100,100164,100,98745,100,100310,100,98717,100,100631,100,98244,100
2019-06-28 09:58:20.000000000,99841,196,99730,196,100049,193,99561,137,100062,193,99508,153,100079,100,99272,30,100113,100,98997,100,100115,100,98891,200,100118,100,98787,100,100164,100,98745,100,100310,100,98717,100,100631,100,98244,100
2019-06-28 09:58:20.807097242,99841,96,99730,196,100049,193,99561,137,100062,93,99508,153,100079,100,99272,30,100113,100,98997,100,100115,100,98891,200,100118,100,98787,100,100164,100,98745,100,100310,100,98717,100,100631,100,98244,100
2019-06-28 09:58:30.000000000,100049,382,99730,382,100079,100,99561,44,100113,100,99508,60,100115,100,99272,30,100118,100,98997,100,100164,100,98891,200,100310,100,98787,100,100631,100,98745,100,,,98717,100,,,98244,100
2019-06-28 09:58:40.000000000,100049,382,99730,382,100079,100,99561,44,100113,100,99508,60,100115,100,99272,30,100118,100,98997,100,100164,100,98891,200,100310,100,98787,100,100631,100,98745,100,,,98717,100,,,98244,100
2019-06-28 09:58:50.000000000,100049,241,99730,241,100079,241,99561,185,100113,100,99508,60,100115,100,99272,30,100118,100,98997,100,100164,100,98891,200,100310,100,98787,100,100631,100,98745,100,,,98717,100,,,98244,100
2019-06-28 09:59:00.000000000,100049,382,99730,382,100079,100,99561,44,100113,100,99508,60,100115,100,99272,30,100118,100,98997,100,100164,100,98891,200,100310,100,98787,100,100631,100,98745,100,,,98717,100,,,98244,100
2019-06-28 09:59:10.000000000,100049,196,99730,196,100079,193,99561,137,100113,193,99508,153,100115,100,99272,30,100118,100,98997,100,100164,100,98891,200,100310,100,98787,100,100631,100,98745,100,,,98717,100,,,98244,100
2019-06-28 09:59:12.186188304,100049,196,99730,96,100079,193,99561,137,100113,193,99508,153,100115,100,99272,30,100118,100,98997,100,100164,100,98891,200,100310,100,98787,100,100631,100,98745,100,,,98717,100,,,98244,100
2019-06-28 09:59:20.000000000,100049,156,99561,100,100079,156,99508,116,100113,156,99272,86,100115,156,98997,156,100118,156,98891,256,100164,100,98787,100,100310,100,98745,100,100631,100,98717,100,,,98244,100,,,98230,100
2019-06-28 09:59:30.000000000,100049,156,99561,100,100079,156,99508,116,100113,156,99272,86,100115,156,98997,156,100118,156,98891,256,100164,100,98787,100,100310,100,98745,100,100631,100,98717,100,,,98244,100,,,98230,100
2019-06-28 09:59:33.379317113,100049,156,99508,116,100079,156,99272,86,100113,156,98997,156,100115,156,98891,256,100118,156,98787,100,100164,100,98745,100,100310,100,98244,100,100631,100,98230,100,,,98111,100,,,97969,100
2019-06-28 09:59:40.000000000,100049,196,99508,156,100079,193,99272,123,100113,193,98997,193,100115,100,98891,200,100118,100,98787,100,100164,100,98745,100,100310,100,98244,100,100631,100,98230,100,,,98111,100,,,97969,100
2019-06-28 09:59:50.000000000,100049,170,99508,130,100079,170,99272,100,100113,170,98997,170,100115,170,98891,270,100118,100,98787,100,100164,100,98745,100,100310,100,98244,100,100631,100,98230,100,,,98111,100,,,97969,100
2019-06-28 09:59:58.969538853,99665,100,99508,130,100049,170,99272,100,100079,170,98997,170,100113,170,98891,270,100115,170,98787,100,100118,100,98745,100,100164,100,98244,100,100310,100,98230,100,100631,100,98111,100,,,97969,100
2019-06-28 10:00:00.000000000,99665,382,99508,342,100049,100,99272,30,100079,100,98997,100,100113,100,98891,200,100115,100,98787,100,100118,100,98745,100,100164,100,98244,100,100310,100,98230,100,100631,100,98111,100,,,97969,100
2019-06-28 10:00:10.000000000,99665,156,99508,116,100049,156,99272,86,100079,156,98997,156,100113,156,98891,256,100115,156,98787,156,100118,100,98745,100,100164,100,98244,100,100310,100,98230,100,100631,100,98111,100,,,97969,100
2019-06-28 10:00:16.339679732,99665,156,99567,100,100049,156,99508,116,100079,156,99272,86,100113,156,98997,156,100115,156,98891,256,100118,100,98787,156,100164,100,98745,100,100310,100,98244,100,100631,100,98230,100,,,98111,100
2019-06-28 10:00:20.000000000,99665,156,99567,156,100049,156,99508,116,100079,156,99272,86,100113,156,98997,156,100115,156,98891,256,100118,100,98787,100,100164,100,98745,100,100310,100,98244,100,100631,100,98230,100,,,98111,100
2019-06-28 10:00:30.000000000,99665,196,99567,196,100049,193,99508,153,100079,193,99272,123,100113,100,98997,100,100115,100,98891,200,100118,100,98787,100,100164,100,98745,100,100310,100,98244,100,100631,100,98230,100,,,98111,100
2019-06-28 10:00:40.000000000,99665,382,99567,382,100049,100,99508,60,100079,100,99272,30,100113,100,98997,100,100115,100,98891,200,100118,100,98787,100,100164,100,98745,100,100310,100,98244,100,100631,100,98230,100,,,98111,100
2019-06-28 10:00:50.000000000,99665,196,99567,196,100049,193,99508,153,100079,193,99272,123,100113,100,98997,100,100115,100,98891,200,100118,100,98787,100,100164,100,98745,100,100310,100,98244,100,100631,100,98230,100,,,98111,100
2019-06-28 10:01:00.000000000,99665,170,99567,170,100049,170,99508,130,100079,170,99272,100,100113,170,98997,170,100115,100,98891,200,100118,100,98787,100,100164,100,98745,100,100310,100,98244,100,100631,100,98230,100,,,98111,100
2019-06-28 10:01:04.005193587,99623,100,99567,170,99665,170,99508,130,100049,170,99272,100,100079,170,98997,170,100113,70,98891,200,100115,100,98787,100,100118,100,98745,100,100164,100,98244,100,100310,100,98230,100,100631,100,98111,100
2019-06-28 10:01:10.000000000,99623,382,99567,382,99665,100,99508,60,100049,100,99272,30,100079,100,98997,100,100115,100,98891,200,100118,100,98787,100,100164,100,98745,100,100310,100,98244,100,100631,100,98230,100,,,98111,100
2019-06-28 10:01:20.000000000,99623,170,99567,170,99665,170,99508,130,100049,170,99272,100,100079,170,98997,170,100115,100,98891,200,100118,100,98787,100,100164,100,98745,100,100310,100,98244,100,100631,100,98230,100,,,98111,100
2019-06-28 10:01:30.000000000,99623,156,99567,156,99665,156,99508,116,100049,156,99272,86,100079,156,98997,156,100115,156,98891,256,100118,100,98787,100,100164,100,98745,100,100310,100,98244,100,100631,100,98230,100,,,98111,100
2019-06-28 10:01:40.000000000,99623,241,99567,241,99665,241,99508,201,100049,100,99272,30,100079,100,98997,100,100115,100,98891,200,100118,100,98787,100,100164,100,98745,100,100310,100,98244,100,100631,100,98230,100,,,98111,100
2019-06-28 10:01:47.321226852,99623,141,99567,241,99665,241,99508,201,100049,100,99272,30,100079,100,98997,100,100115,100,98891,200,100118,100,98787,100,100164,100,98745,100,100310,100,98244,100,100631,100,98230,100,,,98111,100
2019-06-28 10:01:50.000000000,99665,382,99567,382,100049,100,99508,60,100079,100,99272,30,100115,100,98997,100,100118,100,98891,200,100164,100,98787,100,100310,100,98745,100,100631,100,98244,100,,,98230,100,,,98111,100
2019-06-28 10:02:00.000000000,99665,156,99567,156,100049,156,99508,116,100079,156,99272,86,100115,156,98997,156,100118,156,98891,256,100164,100,98787,100,100310,100,98745,100,100631,100,98244,100,,,98230,100,,,98111,100
2019-06-28 10:02:10.000000000,99665,196,99567,196,100049,193,99508,153,100079,193,99272,123,100115,100,98997,100,100118,100,98891,200,100164,100,98787,100,100310,100,98745,100,100631,100,98244,100,,,98230,100,,,98111,100
2019-06-28 10:02:11.291361926,99665,96,99567,196,100049,193,99508,153,100079,193,99272,123,100115,100,98997,100,100118,100,98891,200,100164,100,98787,100,100310,100,98745,100,100631,100,98244,100,,,98230,100,,,98111,100
2019-06-28 10:02:20.000000000,100049,170,99567,170,100079,170,99508,130,100115,170,99272,100,100118,170,98997,170,100164,100,98891,200,100310,100,98787,100,100631,100,98745,100,,,98244,100,,,98230,100,,,98111,100
2019-06-28 10:02:30.000000000,100049,156,99567,156,100079,156,99508,116,100115,156,99272,86,100118,156,98997,156,100164,156,98891,256,100310,100,98787,100,100631,100,98745,100,,,98244,100,,,98230,100,,,98111,100
2019-06-28 10:02:40.000000000,100049,196,99567,196,100079,193,99508,153,100115,193,99272,123,100118,100,98997,100,100164,100,98891,200,100310,100,98787,100,100631,100,98745,100,,,98244,100,,,98230,100,,,98111,100
2019-06-28 10:02:44.194082900,100049,196,99623,100,100079,193,99567,196,100115,193,99508,153,100118,100,99272,123,100164,100,98997,100,100310,100,98891,200,100631,100,98787,100,,,98745,100,,,98244,100,,,98230,100
2019-06-28 10:02:49.387604697,100049,196,100024,100,100079,193,99623,100,100115,193,99567,196,100118,100,99508,153,100164,100,99272,123,100310,100,98997,100,100631,100,98891,200,,,98787,100,,,98745,100,,,98244,100
2019-06-28 10:02:50.000000000,100049,170,100024,170,100079,170,99623,170,100115,170,99567,170,100118,170,99508,130,100164,100,99272,30,100310,100,98997,100,100631,100,98891,200,,,98787,100,,,98745,100,,,98244,100
2019-06-28 10:03:00.000000000,100049,170,100024,170,100079,170,99623,170,100115,170,99567,170,100118,170,99508,130,100164,100,99272,30,100310,100,98997,100,100631,100,98891,200,,,98787,100,,,98745,100,,,98244,100
2019-06-28 10:03:04.817236943,100049,170,100024,170,100079,170,99623,270,100115,170,99567,170,100118,170,99508,130,100164,100,99272,30,100310,100,98997,100,100631,100,98891,200,,,98787,100,,,98745,100,,,98244,100
2019-06-28 10:03:10.000000000,100049,156,100024,156,100079,156,99623,256,100115,156,99567,156,100118,156,99508,116,100164,156,99272,86,100310,100,98997,100,100631,100,98891,200,,,98787,100,,,98745,100,,,98244,100
2019-06-28 10:03:18.293575432,100049,156,100024,156,100079,156,99623,256,100115,156,99567,156,100118,156,99508,116,100164,156,99272,86,100310,100,98997,100,100635,100,98891,200,,,98787,100,,,98745,100,,,98244,100
2019-06-28 10:03:20.000000000,100049,241,100024,241,100079,241,99623,341,100115,100,99567,100,100118,100,99508,60,100164,100,99272,30,100310,100,98997,100,100635,100,98891,200,,,98787,100,,,98745,100,,,98244,100
2019-06-28 10:03:30.000000000,100049,382,100024,382,100079,100,99623,200,100115,100,99567,100,100118,100,99508,60,100164,100,99272,30,100310,100,98997,100,100635,100,98891,200,,,98787,100,,,98745,100,,,98244,100
2019-06-28 10:03:31.185464940,100049,382,100024,382,100079,100,99623,200,100115,100,99567,100,100118,100,99508,60,100164,100,99272,30,100310,100,98997,100,100635,100,98891,200,100663,100,98787,100,,,98745,100,,,98230,100
2019-06-28 10:03:34.877015943,100049,282,100024,382,100079,100,99623,200,100118,100,99567,100,100164,100,99508,60,100310,100,99272,30,100635,100,98997,100,100663,100,98891,200,,,98787,100,,,98745,100,,,98230,100
2019-06-28 10:03:39.184553238,100049,282,100024,382,100079,100,99623,200,100118,100,99567,100,100164,100,99508,60,100310,100,99272,30,100635,100,98997,100,100663,100,98891,200,100790,100,98787,100,,,98745,100,,,98111,100
2019-06-28 10:03:40.000000000,100079,196,100024,196,100118,193,99623,293,100164,193,99567,193,100310,100,99508,60,100635,100,99272,30,100663,100,98997,100,100790,100,98891,200,,,98787,100,,,98745,100,,,98111,100
2019-06-28 10:03:44.141231913,100079,96,100024,196,100118,193,99623,293,100164,193,99567,193,100310,100,99508,60,100635,100,99272,30,100663,100,98997,100,100790,100,98891,200,,,98787,100,,,98745,100,,,98111,100
2019-06-28 10:03:48.683846714,100079,96,100024,196,100118,193,99623,193,100164,193,99567,193,100310,100,99508,60,100635,100,99272,30,100663,100,98997,100,100790,100,98891,200,,,98787,100,,,98745,100,,,98111,100
2019-06-28 10:03:50.000000000,100118,241,100024,241,100164,241,99623,241,100310,100,99567,100,100635,100,99508,60,100663,100,99272,30,100790,100,98997,100,,,98891,200,,,98787,100,,,98745,100,,,98111,100
2019-06-28 10:04:00.000000000,100118,170,100024,170,100164,170,99623,170,100310,170,99567,170,100635,170,99508,130,100663,100,99272,30,100790,100,98997,100,,,98891,200,,,98787,100,,,98745,100,,,98111,100
2019-06-28 10:04:09.376846399,100118,170,100024,170,100164,170,99623,170,100310,170,99567,170,100561,100,99508,130,100635,170,99272,30,100663,100,98997,100,100790,100,98891,200,,,98787,100,,,98745,100,,,98111,100
2019-06-28 10:04:10.000000000,100118,170,100024,170,100164,170,99623,170,100310,170,99567,170,100561,170,99508,130,100635,100,99272,30,100663,100,98997,100,100790,100,98891,200,,,98787,100,,,98745,100,,,98111,100
2019-06-28 10:04:20.000000000,100118,196,100024,196,100164,193,99623,193,100310,193,99567,193,100561,100,99508,60,100635,100,99272,30,100663,100,98997,100,100790,100,98891,200,,,98787,100,,,98745,100,,,98111,100
2019-06-28 10:04:25.193357164,100118,196,100024,196,100164,193,99623,193,100310,193,99567,193,100561,100,99508,60,100635,100,99272,30,100652,100,98997,100,100663,100,98891,200,100790,100,98787,100,,,98745,100,,,98111,100
2019-06-28 10:04:30.000000000,100118,156,100024,156,100164,156,99623,156,100310,156,99567,156,100561,156,99508,116,100635,156,99272,86,100652,100,98997,100,100663,100,98891,200,100790,100,98787,100,,,98745,100,,,98111,100
2019-06-28 10:04:40.000000000,100118,170,100024,170,100164,170,99623,170,100310,170,99567,170,100561,170,99508,130,100635,100,99272,30,100652,100,98997,100,100663,100,98891,200,100790,100,98787,100,,,98745,100,,,98111,100
2019-06-28 10:04:50.000000000,100118,156,100024,156,100164,156,99623,156,100310,156,99567,156,100561,156,99508,116,100635,156,99272,86,100652,100,98997,100,100663,100,98891,200,100790,100,98787,100,,,98745,100,,,98111,100
2019-06-28 10:04:57.290773718,100118,156,100078,100,100164,156,100024,156,100310,156,99623,156,100561,156,99567,156,100635,156,99508,116,100652,100,99272,86,100663,100,98997,100,100790,100,98891,200,,,98787,100,,,98745,100
2019-06-28 10:05:00.000000000,100118,196,100078,196,100164,193,100024,193,100310,193,99623,193,100561,100,99567,100,100635,100,99508,60,100652,100,99272,30,100663,100,98997,100,100790,100,98891,200,,,98787,100,,,98745,100
2019-06-28 10:05:05.675947459,100118,196,100078,196,100164,193,100049,100,100310,193,100024,193,100561,100,99623,193,100635,100,99567,100,100652,100,99508,60,100663,100,99272,30,100790,100,98997,100,,,98891,200,,,98787,100
2019-06-28 10:05:10.000000000,100118,382,100078,382,100164,100,100049,100,100310,100,100024,100,100561,100,99623,100,100635,100,99567,100,100652,100,99508,60,100663,100,99272,30,100790,100,98997,100,,,98891,200,,,98787,100
2019-06-28 10:05:20.000000000,100118,196,100078,196,100164,193,100049,193,100310,193,100024,193,100561,100,99623,100,100635,100,99567,100,100652,100,99508,60,100663,100,99272,30,100790,100,98997,100,,,98891,200,,,98787,100
2019-06-28 10:05:30.000000000,100118,382,100078,382,100164,100,100049,100,100310,100,100024,100,100561,100,99623,100,100635,100,99567,100,100652,100,99508,60,100663,100,99272,30,100790,100,98997,100,,,98891,200,,,98787,100
2019-06-28 10:05:39.761788960,100118,282,100078,382,100164,100,100049,100,100310,100,100024,100,100561,100,99623,100,100635,100,99567,100,100652,100,99508,60,100663,100,99272,30,100790,100,98997,100,,,98891,200,,,98787,100
2019-06-28 10:05:40.000000000,100164,241,100078,241,100310,241,100049,241,100561,100,100024,100,100635,100,99623,100,100652,100,99567,100,100663,100,99508,60,100790,100,99272,30,,,98997,100,,,98891,200,,,98787,100
2019-06-28 10:05:48.112528646,100164,141,100078,241,100310,241,100049,241,100561,100,100024,100,100635,100,99623,100,100652,100,99567,100,100663,100,99508,60,100790,100,99272,30,,,98997,100,,,98891,200,,,98787,100
2019-06-28 10:05:50.000000000,100310,241,100078,241,100561,241,100049,241,100635,100,100024,100,100652,100,99623,100,100663,100,99567,100,100790,100,99508,60,,,99272,30,,,98997,100,,,98891,200,,,98787,100
2019-06-28 10:06:00.000000000,100310,196,100078,196,100561,193,100049,193,100635,193,100024,193,100652,100,99623,100,100663,100,99567,100,100790,100,99508,60,,,99272,30,,,98997,100,,,98891,200,,,98787,100
2019-06-28 10:06:05.651452761,100310,96,100078,196,100561,193,100049,193,100635,193,100024,193,100652,100,99623,100,100663,100,99567,100,100790,100,99508,60,,,99272,30,,,98997,100,,,98891,200,,,98787,100
2019-06-28 10:06:08.536800295,100310,96,100078,196,100561,193,100049,193,100635,193,100024,193,100652,100,99623,100,100663,100,99567,100,100790,100,99508,60,101108,100,99272,30,,,98997,100,,,98891,200,,,98787,100
2019-06-28 10:06:10.000000000,100561,170,100078,170,100635,170,100049,170,100652,170,100024,170,100663,170,99623,170,100790,100,99567,100,101108,100,99508,60,,,99272,30,,,98997,100,,,98891,200,,,98787,100
2019-06-28 10:06:20.000000000,100561,170,100078,170,100635,170,100049,170,100652,170,100024,170,100663,170,99623,170,100790,100,99567,100,101108,100,99508,60,,,99272,30,,,98997,100,,,98891,200,,,98787,100
2019-06-28 10:06:30.000000000,100561,241,100078,241,100635,241,100049,241,100652,100,100024,100,100663,100,99623,100,100790,100,99567,100,101108,100,99508,60,,,99272,30,,,98997,100,,,98891,200,,,98787,100
2019-06-28 10:06:32.494879868,100561,141,100078,241,100635,241,100049,241,100652,100,100024,100,100663,100,99623,100,100790,100,99567,100,101108,100,99508,60,,,99272,30,,,98997,100,,,98891,200,,,98787,100
2019-06-28 10:06:34.887929717,100561,141,100401,100,100635,241,100078,241,100652,100,100049,241,100663,100,100024,100,100790,100,99623,100,101108,100,99567,100,,,99508,60,,,99272,30,,,98997,100,,,98891,200
2019-06-28 10:06:40.000000000,100635,382,100401,382,100652,100,100078,100,100663,100,100049,100,100790,100,100024,100,101108,100,99623,100,,,99567,100,,,99508,60,,,99272,30,,,98997,100,,,98891,200
2019-06-28 10:06:50.000000000,100635,382,100401,382,100652,100,100078,100,100663,100,100049,100,100790,100,100024,100,101108,100,99623,100,,,99567,100,,,99508,60,,,99272,30,,,98997,100,,,98891,200
2019-06-28 10:06:56.382064131,100628,100,100401,282,100635,382,100078,100,100652,100,100049,100,100663,100,100024,100,100790,100,99623,100,101108,100,99567,100,,,99508,60,,,99272,30,,,98997,100,,,98891,200
2019-06-28 10:07:00.000000000,100628,170,100078,170,100635,170,100049,170,100652,170,100024,170,100663,170,99623,170,100790,100,99567,100,101108,100,99508,60,,,99272,30,,,98997,100,,,98891,200,,,98787,100
2019-06-28 10:07:10.000000000,100628,156,100078,156,100635,156,100049,156,100652,156,100024,156,100663,156,99623,156,100790,156,99567,156,101108,100,99508,60,,,99272,30,,,98997,100,,,98891,200,,,98787,100
2019-06-28 10:07:20.000000000,100628,170,100078,170,100635,170,100049,170,100652,170,100024,170,100663,170,99623,170,100790,100,99567,100,101108,100,99508,60,,,99272,30,,,98997,100,,,98891,200,,,98787,100
2019-06-28 10:07:25.387586657,100628,170,100171,100,100635,170,100078,170,100652,170,100049,170,100663,170,100024,170,100790,100,99623,170,101108,100,99567,100,,,99508,60,,,99272,30,,,98997,100,,,98891,200
2019-06-28 10:07:30.000000000,100628,382,100171,382,100635,100,100078,100,100652,100,100049,100,100663,100,100024,100,100790,100,99623,100,101108,100,99567,100,,,99508,60,,,99272,30,,,98997,100,,,98891,200
2019-06-28 10:07:40.000000000,100628,170,100171,170,100635,170,100078,170,100652,170,100049,170,100663,170,100024,170,100790,100,99623,100,101108,100,99567,100,,,99508,60,,,99272,30,,,98997,100,,,98891,200
2019-06-28 10:07:50.000000000,100628,382,100171,382,100635,100,100078,100,100652,100,100049,100,100663,100,100024,100,100790,100,99623,100,101108,100,99567,100,,,99508,60,,,99272,30,,,98997,100,,,98891,200
2019-06-28 10:08:00.000000000,100628,241,100171,241,100635,241,100078,241,100652,100,100049,100,100663,100,100024,100,100790,100,99623,100,101108,100,99567,100,,,99508,60,,,99272,30,,,98997,100,,,98891,200
2019-06-28 10:08:04.020911671,100628,141,100171,141,100635,241,100078,241,100652,100,100049,100,100663,100,100024,100,100790,100,99623,100,101108,100,99567,100,,,99508,60,,,99272,30,,,98997,100,,,98891,200
2019-06-28 10:08:10.000000000,100635,156,100078,156,100652,156,100049,156,100663,156,100024,156,100790,156,99623,156,101108,156,99567,156,,,99508,60,,,99272,30,,,98997,100,,,98891,200,,,98787,100
2019-06-28 10:08:19.594142724,100560,100,100078,156,100635,156,100049,156,100652,156,100024,156,100663,156,99623,156,100790,156,99567,156,101108,156,99508,60,,,99272,30,,,98997,100,,,98891,200,,,98787,100
2019-06-28 10:08:20.000000000,100560,170,100078,170,100635,170,100049,170,100652,170,100024,170,100663,170,99623,170,100790,100,99567,100,101108,100,99508,60,,,99272,30,,,98997,100,,,98891,200,,,98787,100
2019-06-28 10:08:30.000000000,100560,382,100078,382,100635,100,100049,100,100652,100,100024,100,100663,100,99623,100,100790,100,99567,100,101108,100,99508,60,,,99272,30,,,98997,100,,,98891,200,,,98787,100
2019-06-28 10:08:40.000000000,100560,241,100078,241,100635,241,100049,241,100652,100,100024,100,100663,100,99623,100,100790,100,99567,100,101108,100,99508,60,,,99272,30,,,98997,100,,,98891,200,,,98787,100
2019-06-28 10:08:50.000000000,100560,241,100078,241,100635,241,100049,241,100652,100,100024,100,100663,100,99623,100,100790,100,99567,100,101108,100,99508,60,,,99272,30,,,98997,100,,,98891,200,,,98787,100
2019-06-28 10:09:00.000000000,100560,170,100078,170,100635,170,100049,170,100652,170,100024,170,100663,170,99623,170,100790,100,99567,100,101108,100,99508,60,,,99272,30,,,98997,100,,,98891,200,,,98787,100
2019-06-28 10:09:10.000000000,100560,382,100078,382,100635,100,100049,100,100652,100,100024,100,100663,100,99623,100,100790,100,99567,100,101108,100,99508,60,,,99272,30,,,98997,100,,,98891,200,,,98787,100
2019-06-28 10:09:17.089138487,100560,382,100078,182,100635,100,100049,100,100652,100,100024,100,100663,100,99623,100,100790,100,99567,100,101108,100,99508,60,,,99272,30,,,98997,100,,,98891,200,,,98787,100
2019-06-28 10:09:20.000000000,100560,241,100049,241,100635,241,100024,241,100652,100,99623,100,100663,100,99567,100,100790,100,99508,60,101108,100,99272,30,,,98997,100,,,98891,200,,,98787,100,,,98745,100
2019-06-28 10:09:30.000000000,100560,382,100049,382,100635,100,100024,100,100652,100,99623,100,100663,100,99567,100,100790,100,99508,60,101108,100,99272,30,,,98997,100,,,98891,200,,,98787,100,,,98745,100
2019-06-28 10:09:40.000000000,100560,156,100049,156,100635,156,100024,156,100652,156,99623,156,100663,156,99567,156,100790,156,99508,116,101108,100,99272,30,,,98997,100,,,98891,200,,,98787,100,,,98745,100
2019-06-28 10:09:50.000000000,100560,170,100049,170,100635,170,100024,170,100652,170,99623,170,100663,170,99567,170,100790,100,99508,60,101108,100,99272,30,,,98997,100,,,98891,200,,,98787,100,,,98745,100
2019-06-28 10:09:53.493162908,100560,170,100049,170,100635,170,100024,170,100652,170,99939,100,100663,170,99623,170,100790,100,99567,170,101108,100,99508,60,,,99272,30,,,98997,100,,,98891,200,,,98787,100
2019-06-28 10:09:58.956955111,100560,170,100049,170,100635,170,100024,170,100652,170,99939,100,100663,170,99623,170,100790,100,99567,170,101108,100,99508,60,,,99272,30,,,98997,100,,,98891,100,,,98787,100
2019-06-28 10:10:00.000000000,100560,382,100049,382,100635,100,100024,100,100652,100,99939,100,100663,100,99623,100,100790,100,99567,100,101108,100,99508,60,,,99272,30,,,98997,100,,,98891,100,,,98787,100
2019-06-28 10:10:10.000000000,100560,196,100049,196,100635,193,100024,193,100652,193,99939,193,100663,100,99623,100,100790,100,99567,100,101108,100,99508,60,,,99272,30,,,98997,100,,,98891,100,,,98787,100
2019-06-28 10:10:16.269696379,100234,100,100049,196,100560,196,100024,193,100635,193,99939,193,100652,193,99623,100,100663,100,99567,100,100790,100,99508,60,101108,100,99272,30,,,98997,100,,,98891,100,,,98787,100
2019-06-28 10:10:20.000000000,100234,241,100049,241,100560,241,100024,241,100635,100,99939,100,100652,100,99623,100,100663,100,99567,100,100790,100,99508,60,101108,100,99272,30,,,98997,100,,,98891,100,,,98787,100
2019-06-28 10:10:30.000000000,100234,156,100049,156,100560,156,100024,156,100635,156,99939,156,100652,156,99623,156,100663,156,99567,156,100790,100,99508,60,101108,100,99272,30,,,98997,100,,,98891,100,,,98787,100
2019-06-28 10:10:40.000000000,100234,156,100049,156,100560,156,100024,156,100635,156,99939,156,100652,156,99623,156,100663,156,99567,156,100790,100,99508,60,101108,100,99272,30,,,98997,100,,,98891,100,,,98787,100
2019-06-28 10:10:50.000000000,100234,241,100049,241,100560,241,100024,241,100635,100,99939,100,100652,100,99623,100,100663,100,99567,100,100790,100,99508,60,101108,100,99272,30,,,98997,100,,,98891,100,,,98787,100
