,ask_price_1,ask_size_1,bid_price_1,bid_size_1,ask_price_2,ask_size_2,bid_price_2,bid_size_2,ask_price_3,ask_size_3,bid_price_3,bid_size_3,ask_price_4,ask_size_4,bid_price_4,bid_size_4,ask_price_5,ask_size_5,bid_price_5,bid_size_5,ask_price_6,ask_size_6,bid_price_6,bid_size_6,ask_price_7,ask_size_7,bid_price_7,bid_size_7,ask_price_8,ask_size_8,bid_price_8,bid_size_8,ask_price_9,ask_size_9,bid_price_9,bid_size_9,ask_price_10,ask_size_10,bid_price_10,bid_size_10
2019-06-28 09:30:00.000000002,,,99887,100,,,,,,,,,,,,,,,,,,,,,,,,,,,,,,,,,,,,
2019-06-28 09:30:00.000000003,100089,100,99977,100,,,99887,100,,,,,,,,,,,,,,,,,,,,,,,,,,,,,,,,
2019-06-28 09:30:00.000000007,100089,100,99997,100,,,99977,100,,,99887,100,,,,,,,,,,,,,,,,,,,,,,,,,,,,
2019-06-28 09:30:00.000000008,100089,100,99997,100,,,99977,100,,,99908,100,,,99887,100,,,,,,,,,,,,,,,,,,,,,,,,
2019-06-28 09:30:00.000000010,100089,100,100075,100,,,99997,100,,,99977,100,,,99908,100,,,99887,100,,,,,,,,,,,,,,,,,,,,
2019-06-28 09:30:00.000000011,100089,100,99997,100,,,99977,100,,,99908,100,,,99905,100,,,99887,100,,,,,,,,,,,,,,,,,,,,
2019-06-28 09:30:00.000000017,100089,100,99997,100,,,99977,100,,,99947,100,,,99908,100,,,99905,100,,,99887,100,,,99830,100,,,,,,,,,,,,
2019-06-28 09:30:00.000000018,100072,100,100041,100,100089,100,99997,100,,,99977,100,,,99947,100,,,99908,100,,,99905,100,,,99887,100,,,99830,100,,,,,,,,
2019-06-28 09:30:00.000000019,100072,100,100041,100,100089,100,99997,100,100229,100,99977,100,,,99947,100,,,99908,100,,,99905,100,,,99887,100,,,99830,100,,,,,,,,
2019-06-28 09:30:00.000000023,100072,100,100041,100,100089,100,99997,100,100229,100,99977,100,,,99947,100,,,99908,100,,,99905,100,,,99887,100,,,99862,100,,,99830,100,,,,
2019-06-28 09:30:00.000000024,100072,100,99997,100,100089,100,99977,100,100229,100,99947,100,,,99908,100,,,99905,100,,,99887,100,,,99862,100,,,99830,100,,,,,,,,
2019-06-28 09:30:00.000000025,100072,100,99997,100,100089,100,99977,100,100229,100,99955,100,,,99947,100,,,99908,100,,,99905,100,,,99887,100,,,99862,100,,,99830,100,,,,
2019-06-28 09:30:00.000000029,100072,100,99977,100,100089,100,99955,100,100229,100,99947,100,,,99908,100,,,99905,100,,,99887,100,,,99862,100,,,99830,100,,,,,,,,
2019-06-28 09:30:00.000000031,100072,100,99986,100,100089,100,99977,100,100229,100,99957,100,,,99955,100,,,99947,100,,,99908,100,,,99905,100,,,99887,100,,,99862,100,,,99830,100
2019-06-28 09:30:00.000000033,100072,100,99986,100,100089,100,99977,100,100229,100,99957,100,,,99955,100,,,99952,100,,,99947,100,,,99908,100,,,99905,100,,,99887,100,,,99862,100
2019-06-28 09:30:00.000000034,99995,100,99986,100,100008,100,99977,100,100072,100,99957,100,100089,100,99955,100,100229,100,99952,100,,,99947,100,,,99908,100,,,99905,100,,,99887,100,,,99862,100
2019-06-28 09:30:00.000000035,99995,100,99986,100,100008,100,99977,100,100072,100,99957,100,100089,100,99955,100,100106,100,99952,100,100229,100,99947,100,,,99929,100,,,99908,100,,,99905,100,,,99887,100
2019-06-28 09:30:00.000000038,99995,100,99986,100,100008,100,99977,100,100064,100,99957,100,100072,100,99955,100,100089,100,99952,100,100106,100,99947,100,100229,100,99929,100,,,99908,100,,,99905,100,,,99887,100
2019-06-28 09:30:00.000000042,99995,100,99986,100,100008,100,99977,100,100064,100,99957,100,100072,100,99955,100,100089,100,99952,100,100106,100,99947,100,100229,100,99929,100,,,99908,100,,,99905,100,,,99900,100
2019-06-28 09:30:00.000000043,99995,100,99977,100,100008,100,99957,100,100064,100,99955,100,100072,100,99952,100,100089,100,99947,100,100106,100,99929,100,100229,100,99908,100,,,99905,100,,,99900,100,,,99887,100
2019-06-28 09:30:00.000000045,99995,100,99977,100,100008,100,99957,100,100064,100,99955,100,100072,100,99952,100,100089,100,99947,100,100106,100,99929,100,100229,100,99918,100,,,99908,100,,,99905,100,,,99900,100
2019-06-28 09:30:00.000000049,99995,100,99977,100,100008,100,99957,100,100064,100,99955,100,100072,100,99952,100,100089,100,99947,100,100106,100,99929,100,100229,100,99918,100,,,99908,100,,,99907,100,,,99905,100
2019-06-28 09:30:00.000000050,99995,100,99977,100,100008,100,99957,100,100055,100,99955,100,100064,100,99952,100,100072,100,99947,100,100089,100,99929,100,100106,100,99918,100,100229,100,99908,100,,,99907,100,,,99905,100
2019-06-28 09:30:00.000000052,99995,100,99986,100,100008,100,99977,100,100055,100,99957,100,100064,100,99955,100,100072,100,99952,100,100089,100,99947,100,100106,100,99929,100,100229,100,99918,100,,,99908,100,,,99907,100
2019-06-28 09:30:00.000000055,99995,100,99986,100,100008,100,99977,100,100055,100,99972,100,100064,100,99957,100,100072,100,99955,100,100089,100,99952,100,100106,100,99947,100,100229,100,99929,100,,,99918,100,,,99908,100
2019-06-28 09:30:00.000000057,99995,100,99986,100,100008,100,99977,100,100055,100,99972,100,100064,100,99959,100,100072,100,99957,100,100089,100,99955,100,100106,100,99952,100,100229,100,99947,100,,,99929,100,,,99918,100
2019-06-28 09:30:00.000000058,99995,100,99986,100,100008,100,99977,100,100055,100,99972,100,100063,100,99959,100,100064,100,99957,100,100072,100,99955,100,100089,100,99952,100,100106,100,99947,100,100229,100,99929,100,,,99918,100
2019-06-28 09:30:00.000000059,99995,100,99986,100,100008,100,99977,100,100055,100,99972,100,100063,100,99959,100,100064,100,99957,100,100072,100,99955,100,100089,100,99952,100,100097,100,99947,100,100106,100,99929,100,100229,100,99918,100
2019-06-28 09:30:00.000000062,99995,100,99986,100,100008,100,99977,100,100055,100,99972,100,100063,100,99959,100,100064,100,99957,100,100072,100,99955,100,100089,100,99952,100,100097,100,99947,100,100106,100,99929,100,100229,100,99918,100
2019-06-28 09:30:00.000000066,99995,100,99986,200,100008,100,99977,100,100055,100,99972,100,100063,100,99964,100,100064,100,99959,100,100072,100,99957,100,100089,100,99955,100,100097,100,99952,100,100106,100,99947,100,100229,100,99929,100
2019-06-28 09:30:00.000000070,99995,100,99986,200,100008,100,99977,100,100055,100,99972,100,100063,100,99964,100,100064,100,99959,100,100072,100,99957,100,100089,100,99955,100,100097,100,99952,100,100106,100,99947,100,100229,100,99929,100
2019-06-28 09:30:00.000000071,99995,100,99987,100,100008,100,99986,100,100055,100,99977,100,100063,100,99972,100,100064,100,99964,100,100072,100,99959,100,100089,100,99957,100,100097,100,99955,100,100106,100,99952,100,100229,100,99947,100
2019-06-28 09:30:00.000000072,99995,100,99987,100,100008,100,99986,100,100055,100,99983,100,100063,100,99977,100,100064,100,99972,100,100072,100,99964,100,100089,100,99959,100,100097,100,99957,100,100106,100,99955,100,100229,100,99952,100
2019-06-28 09:30:00.000000073,99995,100,99987,100,100008,100,99986,100,100055,100,99984,100,100063,100,99983,100,100064,100,99977,100,100072,100,99972,100,100089,100,99964,100,100097,100,99959,100,100106,100,99957,100,100229,100,99955,100
2019-06-28 09:30:00.000000074,99995,100,99986,100,100008,100,99984,100,100055,100,99983,100,100063,100,99977,100,100064,100,99972,100,100072,100,99964,100,100077,100,99959,100,100089,100,99957,100,100097,100,99955,100,100106,100,99952,100
2019-06-28 09:30:00.000000075,99987,100,99984,100,99995,100,99983,100,100008,100,99977,100,100055,100,99972,100,100063,100,99964,100,100064,100,99959,100,100072,100,99957,100,100077,100,99955,100,100089,100,99952,100,100097,100,99947,100
2019-06-28 09:30:00.000000076,99987,100,99984,100,99995,100,99983,100,100008,100,99977,100,100055,100,99972,100,100063,100,99964,100,100064,100,99959,100,100072,100,99957,100,100077,100,99955,100,100089,100,99952,100,100097,100,99947,100
2019-06-28 09:30:00.000000078,99987,100,99984,100,99995,100,99983,100,100008,100,99977,100,100055,100,99972,100,100063,100,99964,100,100064,100,99959,100,100072,100,99957,100,100077,100,99955,100,100089,100,99952,100,100097,100,99947,100
2019-06-28 09:30:00.000000080,99987,100,99984,200,99995,100,99983,100,100008,100,99977,100,100055,100,99972,100,100063,100,99964,100,100064,100,99959,100,100072,100,99957,100,100077,100,99955,100,100089,100,99952,100,100097,100,99947,100
2019-06-28 09:30:00.000000081,99987,100,99986,100,99995,100,99984,200,100008,100,99983,100,100055,100,99977,100,100063,100,99972,100,100064,100,99964,100,100072,100,99959,100,100077,100,99957,100,100089,100,99955,100,100097,100,99952,100
2019-06-28 09:30:00.000000084,99987,100,99984,200,99995,100,99983,100,100008,100,99977,100,100055,100,99972,100,100063,100,99964,100,100064,100,99959,100,100072,100,99957,100,100077,100,99955,100,100089,100,99952,100,100097,100,99947,100
2019-06-28 09:30:00.000000088,99987,100,99986,100,99995,100,99984,200,100008,100,99983,100,100055,100,99977,100,100063,100,99972,100,100064,100,99964,100,100072,100,99959,100,100077,100,99957,100,100089,100,99955,100,100097,100,99952,100
2019-06-28 09:30:00.000000089,99987,100,99986,100,99995,100,99984,200,100008,100,99983,100,100055,100,99981,100,100063,100,99977,100,100064,100,99972,100,100072,100,99964,100,100077,100,99959,100,100089,100,99957,100,100097,100,99955,100
2019-06-28 09:30:00.000000090,99987,100,99986,100,99995,100,99984,200,100008,100,99983,100,100055,100,99981,100,100063,100,99977,100,100064,100,99972,100,100072,100,99964,100,100077,100,99959,100,100089,100,99957,100,100097,100,99955,100
2019-06-28 09:30:00.000000091,99987,100,99986,100,99995,100,99984,200,100008,100,99983,100,100055,100,99981,100,100063,100,99977,100,100064,100,99972,100,100072,100,99964,100,100077,100,99959,100,100089,100,99957,100,100097,100,99955,100
2019-06-28 09:30:00.000000094,99987,100,99986,100,99995,100,99984,200,100008,100,99983,100,100055,100,99981,100,100063,100,99977,100,100064,100,99972,100,100072,100,99964,100,100077,100,99959,100,100089,100,99957,100,100097,100,99955,100
2019-06-28 09:30:00.000000097,99987,100,99986,100,99995,100,99984,200,100006,100,99983,100,100008,100,99981,100,100055,100,99977,100,100063,100,99972,100,100064,100,99964,100,100072,100,99959,100,100077,100,99957,100,100089,100,99955,100
2019-06-28 09:30:00.000000098,99987,100,99984,200,99995,100,99983,100,100006,100,99981,100,100008,100,99977,100,100055,100,99972,100,100063,100,99964,100,100064,100,99959,100,100072,100,99957,100,100077,100,99955,100,100089,100,99952,100
2019-06-28 09:30:02.723282704,99995,100,99984,200,100006,100,99983,100,100008,100,99977,100,100055,100,99972,100,100063,100,99964,100,100064,100,99959,100,100072,100,99957,100,100077,100,99955,100,100089,100,99952,100,100097,100,99948,100
2019-06-28 09:30:04.827766024,99995,100,99986,100,100006,100,99984,200,100008,100,99983,100,100055,100,99977,100,100063,100,99972,100,100064,100,99964,100,100072,100,99959,100,100077,100,99957,100,100089,100,99955,100,100097,100,99952,100
2019-06-28 09:30:10.000000000,99995,200,99986,200,100006,200,99984,300,100008,200,99983,200,100055,200,99977,200,100063,100,99972,100,100064,100,99964,100,100072,100,99959,100,100077,100,99957,100,100089,100,99955,100,100097,100,99952,100
2019-06-28 09:30:13.343996175,99995,200,99986,200,100006,200,99984,300,100008,200,99983,200,100055,200,99977,200,100063,100,99972,100,100064,100,99964,100,100072,100,99959,100,100077,100,99957,100,100089,100,99955,100,100097,100,99952,100
2019-06-28 09:30:14.289668431,99995,200,99986,200,100006,200,99984,300,100008,200,99983,200,100055,200,99977,200,100063,100,99972,100,100064,100,99964,100,100072,100,99959,100,100077,100,99957,100,100089,100,99955,100,100097,100,99952,100
2019-06-28 09:30:20.000000000,99995,200,99986,200,100006,200,99984,300,100008,200,99983,200,100055,200,99977,200,100063,100,99972,100,100064,100,99964,100,100072,100,99959,100,100077,100,99957,100,100089,100,99955,100,100097,100,99952,100
2019-06-28 09:30:24.886966868,99995,200,99986,200,100006,200,99984,300,100008,200,99983,100,100055,200,99977,200,100063,100,99972,100,100064,100,99964,100,100072,100,99959,100,100077,100,99957,100,100089,100,99955,100,100097,100,99952,100
2019-06-28 09:30:28.974480742,99995,200,99986,200,100006,200,99984,300,100008,200,99983,100,100055,200,99977,200,100063,100,99972,100,100064,100,99964,100,100072,100,99959,100,100077,100,99957,100,100089,100,99955,100,100097,100,99952,100
2019-06-28 09:30:30.000000000,99995,200,99986,200,100006,200,99984,300,100008,200,99977,200,100055,200,99972,200,100063,100,99964,100,100064,100,99959,100,100072,100,99957,100,100077,100,99955,100,100089,100,99952,100,100097,100,99948,100
2019-06-28 09:30:40.000000000,99995,237,99986,237,100006,233,99984,333,100008,233,99977,233,100055,100,99972,100,100063,100,99964,100,100064,100,99959,100,100072,100,99957,100,100077,100,99955,100,100089,100,99952,100,100097,100,99948,100
2019-06-28 09:30:50.000000000,99995,502,99986,502,100006,100,99984,200,100008,100,99977,100,100055,100,99972,100,100063,100,99964,100,100064,100,99959,100,100072,100,99957,100,100077,100,99955,100,100089,100,99952,100,100097,100,99948,100
2019-06-28 09:30:50.449044448,99995,502,99986,502,100006,100,99984,200,100008,100,99977,100,100055,100,99972,100,100063,100,99964,100,100064,100,99959,100,100072,100,99957,100,100077,100,99955,100,100089,100,99952,100,100097,100,99948,100
2019-06-28 09:30:52.065926670,99995,502,99986,502,100006,100,99984,200,100008,100,99977,100,100055,100,99972,100,100063,100,99964,100,100064,100,99959,100,100072,100,99957,100,100077,100,99955,100,100089,100,99952,100,100097,100,99947,100
2019-06-28 09:31:00.000000000,99995,301,99986,301,100006,301,99984,401,100008,100,99977,100,100055,100,99972,100,100063,100,99964,100,100064,100,99959,100,100072,100,99957,100,100077,100,99955,100,100089,100,99952,100,100097,100,99947,100
2019-06-28 09:31:08.684719432,99995,301,99986,301,100006,301,99984,401,100008,100,99977,100,100044,100,99972,100,100055,100,99964,100,100063,100,99959,100,100064,100,99957,100,100072,100,99955,100,100077,100,99952,100,100089,100,99947,100
2019-06-28 09:31:10.000000000,99995,301,99986,301,100006,301,99984,401,100008,100,99977,100,100044,100,99972,100,100055,100,99964,100,100063,100,99959,100,100064,100,99957,100,100072,100,99955,100,100077,100,99952,100,100089,100,99947,100
2019-06-28 09:31:20.000000000,99995,502,99986,502,100006,100,99984,200,100008,100,99977,100,100044,100,99972,100,100055,100,99964,100,100063,100,99959,100,100064,100,99957,100,100072,100,99955,100,100077,100,99952,100,100089,100,99947,100
2019-06-28 09:31:30.000000000,99995,502,99986,502,100006,100,99984,200,100008,100,99977,100,100044,100,99972,100,100055,100,99964,100,100063,100,99959,100,100064,100,99957,100,100072,100,99955,100,100077,100,99952,100,100089,100,99947,100
2019-06-28 09:31:40.000000000,99995,502,99986,502,100006,100,99984,200,100008,100,99977,100,100044,100,99972,100,100055,100,99964,100,100063,100,99959,100,100064,100,99957,100,100072,100,99955,100,100077,100,99952,100,100089,100,99947,100
2019-06-28 09:31:43.530061070,99995,502,99986,402,100006,100,99984,200,100008,100,99977,100,100044,100,99972,100,100055,100,99964,100,100063,100,99959,100,100064,100,99957,100,100072,100,99955,100,100077,100,99952,100,100089,100,99947,100
2019-06-28 09:31:50.000000000,99995,301,99984,401,100006,301,99977,301,100008,100,99972,100,100044,100,99964,100,100055,100,99959,100,100063,100,99957,100,100064,100,99955,100,100072,100,99952,100,100077,100,99947,100,100089,100,99929,100
2019-06-28 09:32:00.000000000,99995,237,99984,337,100006,233,99977,233,100008,233,99972,233,100044,100,99964,100,100055,100,99959,100,100063,100,99957,100,100064,100,99955,100,100072,100,99952,100,100077,100,99947,100,100089,100,99929,100
2019-06-28 09:32:00.774235268,99987,100,99984,337,99995,237,99977,233,100006,233,99972,233,100008,233,99964,100,100044,100,99959,100,100055,100,99957,100,100063,100,99955,100,100064,100,99952,100,100072,100,99947,100,100077,100,99929,100
2019-06-28 09:32:10.000000000,99987,180,99984,280,99995,180,99977,180,100006,180,99972,180,100008,180,99964,180,100044,180,99959,180,100055,100,99957,100,100063,100,99955,100,100064,100,99952,100,100072,100,99947,100,100077,100,99929,100
2019-06-28 09:32:11.975183232,99987,280,99984,280,99995,180,99977,180,100006,180,99972,180,100008,180,99964,180,100044,180,99959,180,100055,100,99957,100,100063,100,99955,100,100064,100,99952,100,100072,100,99947,100,100077,100,99929,100
2019-06-28 09:32:19.190239852,99987,380,99984,280,99995,180,99977,180,100006,180,99972,180,100008,180,99964,180,100044,180,99959,180,100055,100,99957,100,100063,100,99955,100,100064,100,99952,100,100072,100,99947,100,100077,100,99929,100
2019-06-28 09:32:20.000000000,99987,400,99984,300,99995,200,99977,200,100006,200,99972,200,100008,200,99964,200,100044,100,99959,100,100055,100,99957,100,100063,100,99955,100,100064,100,99952,100,100072,100,99947,100,100077,100,99929,100
2019-06-28 09:32:30.000000000,99987,702,99984,602,99995,100,99977,100,100006,100,99972,100,100008,100,99964,100,100044,100,99959,100,100055,100,99957,100,100063,100,99955,100,100064,100,99952,100,100072,100,99947,100,100077,100,99929,100
2019-06-28 09:32:30.258216899,99987,702,99984,502,99995,100,99977,100,100006,100,99972,100,100008,100,99964,100,100044,100,99959,100,100055,100,99957,100,100063,100,99955,100,100064,100,99952,100,100072,100,99947,100,100077,100,99929,100
2019-06-28 09:32:34.517688753,99987,702,99984,502,99995,100,99977,100,100006,100,99972,100,100008,100,99964,100,100044,100,99959,100,100055,100,99957,100,100063,100,99955,100,100064,100,99952,100,100072,100,99947,100,100077,100,99929,100
2019-06-28 09:32:39.312044218,99987,702,99984,502,99995,100,99977,100,100006,100,99972,100,100008,100,99964,100,100044,100,99959,100,100055,100,99957,100,100063,100,99955,100,100064,100,99952,100,100072,100,99947,100,100077,100,99929,100
2019-06-28 09:32:40.000000000,99987,437,99984,237,99995,233,99977,233,100006,233,99972,233,100008,100,99964,100,100044,100,99959,100,100055,100,99957,100,100063,100,99955,100,100064,100,99952,100,100072,100,99947,100,100077,100,99929,100
2019-06-28 09:32:41.526344778,99987,437,99984,137,99995,233,99977,233,100006,133,99972,233,100008,100,99964,100,100044,100,99959,100,100055,100,99957,100,100063,100,99955,100,100064,100,99952,100,100072,100,99947,100,100077,100,99929,100
2019-06-28 09:32:47.204234347,99987,437,99984,37,99995,233,99977,233,100006,133,99972,233,100008,100,99964,100,100044,100,99959,100,100055,100,99957,100,100063,100,99955,100,100064,100,99952,100,100072,100,99947,100,100077,100,99929,100
2019-06-28 09:32:50.000000000,99987,501,99977,301,99995,301,99972,301,100008,100,99964,100,100044,100,99959,100,100055,100,99957,100,100063,100,99955,100,100064,100,99952,100,100072,100,99947,100,100077,100,99929,100,100089,100,99928,100
2019-06-28 09:33:00.000000000,99987,702,99977,502,99995,100,99972,100,100008,100,99964,100,100044,100,99959,100,100055,100,99957,100,100063,100,99955,100,100064,100,99952,100,100072,100,99947,100,100077,100,99929,100,100089,100,99928,100
2019-06-28 09:33:10.000000000,99987,437,99977,237,99995,233,99972,233,100008,233,99964,233,100044,100,99959,100,100055,100,99957,100,100063,100,99955,100,100064,100,99952,100,100072,100,99947,100,100077,100,99929,100,100089,100,99928,100
2019-06-28 09:33:20.000000000,99987,400,99977,200,99995,200,99972,200,100008,200,99964,200,100044,200,99959,200,100055,100,99957,100,100063,100,99955,100,100064,100,99952,100,100072,100,99947,100,100077,100,99929,100,100089,100,99928,100
2019-06-28 09:33:30.000000000,99987,380,99977,180,99995,180,99972,180,100008,180,99964,180,100044,180,99959,180,100055,180,99957,180,100063,100,99955,100,100064,100,99952,100,100072,100,99947,100,100077,100,99929,100,100089,100,99928,100
2019-06-28 09:33:40.000000000,99987,400,99977,200,99995,200,99972,200,100008,200,99964,200,100044,200,99959,200,100055,100,99957,100,100063,100,99955,100,100064,100,99952,100,100072,100,99947,100,100077,100,99929,100,100089,100,99928,100
2019-06-28 09:33:48.948766598,99987,300,99977,200,99995,200,99972,200,100008,200,99964,200,100044,200,99959,200,100055,100,99957,100,100063,100,99955,100,100064,100,99952,100,100072,100,99947,100,100077,100,99929,100,100089,100,99928,100
2019-06-28 09:33:50.000000000,99987,280,99977,180,99995,180,99972,180,100008,180,99964,180,100044,180,99959,180,100055,180,99957,180,100063,100,99955,100,100064,100,99952,100,100072,100,99947,100,100077,100,99929,100,100089,100,99928,100
2019-06-28 09:34:00.000000000,99987,401,99977,301,99995,301,99972,301,100008,100,99964,100,100044,100,99959,100,100055,100,99957,100,100063,100,99955,100,100064,100,99952,100,100072,100,99947,100,100077,100,99929,100,100089,100,99928,100
2019-06-28 09:34:10.000000000,99987,337,99977,237,99995,233,99972,233,100008,233,99964,233,100044,100,99959,100,100055,100,99957,100,100063,100,99955,100,100064,100,99952,100,100072,100,99947,100,100077,100,99929,100,100089,100,99928,100
2019-06-28 09:34:20.000000000,99987,280,99977,180,99995,180,99972,180,100008,180,99964,180,100044,180,99959,180,100055,180,99957,180,100063,100,99955,100,100064,100,99952,100,100072,100,99947,100,100077,100,99929,100,100089,100,99928,100
2019-06-28 09:34:30.000000000,99987,602,99977,502,99995,100,99972,100,100008,100,99964,100,100044,100,99959,100,100055,100,99957,100,100063,100,99955,100,100064,100,99952,100,100072,100,99947,100,100077,100,99929,100,100089,100,99928,100
2019-06-28 09:34:40.000000000,99987,300,99977,200,99995,200,99972,200,100008,200,99964,200,100044,200,99959,200,100055,100,99957,100,100063,100,99955,100,100064,100,99952,100,100072,100,99947,100,100077,100,99929,100,100089,100,99928,100
2019-06-28 09:34:50.000000000,99987,401,99977,301,99995,301,99972,301,100008,100,99964,100,100044,100,99959,100,100055,100,99957,100,100063,100,99955,100,100064,100,99952,100,100072,100,99947,100,100077,100,99929,100,100089,100,99928,100
2019-06-28 09:35:00.000000000,99987,280,99977,180,99995,180,99972,180,100008,180,99964,180,100044,180,99959,180,100055,180,99957,180,100063,100,99955,100,100064,100,99952,100,100072,100,99947,100,100077,100,99929,100,100089,100,99928,100
2019-06-28 09:35:02.267939146,99987,180,99977,180,99995,180,99972,180,100008,180,99964,180,100044,180,99959,180,100055,180,99957,180,100063,100,99955,100,100064,100,99952,100,100072,100,99947,100,100077,100,99929,100,100089,100,99928,100
2019-06-28 09:35:07.585415739,99987,180,99977,180,99995,180,99972,180,100008,180,99964,180,100044,180,99959,180,100055,180,99957,180,100063,100,99955,100,100064,100,99952,100,100072,100,99947,100,100077,100,99929,100,100089,100,99928,100
2019-06-28 09:35:10.000000000,99987,502,99977,502,99995,100,99972,100,100008,100,99964,100,100044,100,99959,100,100055,100,99957,100,100063,100,99955,100,100064,100,99952,100,100072,100,99947,100,100077,100,99929,100,100089,100,99928,100
2019-06-28 09:35:20.000000000,99987,180,99977,180,99995,180,99972,180,100008,180,99964,180,100044,180,99959,180,100055,180,99957,180,100063,100,99955,100,100064,100,99952,100,100072,100,99947,100,100077,100,99929,100,100089,100,99928,100
2019-06-28 09:35:30.000000000,99987,502,99977,502,99995,100,99972,100,100008,100,99964,100,100044,100,99959,100,100055,100,99957,100,100063,100,99955,100,100064,100,99952,100,100072,100,99947,100,100077,100,99929,100,100089,100,99928,100
2019-06-28 09:35:30.375539955,99987,402,99977,502,99995,100,99972,100,100008,100,99964,100,100044,100,99959,100,100055,100,99957,100,100063,100,99955,100,100064,100,99952,100,100072,100,99947,100,100077,100,99929,100,100089,100,99928,100
2019-06-28 09:35:40.000000000,99995,301,99977,301,100008,301,99972,301,100044,100,99964,100,100055,100,99959,100,100063,100,99957,100,100064,100,99955,100,100072,100,99952,100,100077,100,99947,100,100089,100,99929,100,100097,100,99928,100
2019-06-28 09:35:41.978560764,99995,201,99977,301,100008,301,99972,301,100044,100,99964,100,100055,100,99959,100,100063,100,99957,100,100064,100,99955,100,100072,100,99952,100,100077,100,99947,100,100089,100,99929,100,100097,100,99928,100
2019-06-28 09:35:48.741968589,99995,201,99977,301,100008,301,99972,301,100044,100,99964,100,100055,100,99959,100,100063,100,99957,100,100064,100,99955,100,100072,100,99952,100,100077,100,99947,100,100089,100,99929,100,100097,100,99928,100
2019-06-28 09:35:50.000000000,100008,237,99977,237,100044,233,99972,233,100055,233,99964,233,100063,100,99959,100,100064,100,99957,100,100072,100,99955,100,100077,100,99952,100,100089,100,99947,100,100097,100,99929,100,100125,100,99928,100
2019-06-28 09:36:00.000000000,100008,180,99977,180,100044,180,99972,180,100055,180,99964,180,100063,180,99959,180,100064,180,99957,180,100072,100,99955,100,100077,100,99952,100,100089,100,99947,100,100097,100,99929,100,100125,100,99928,100
2019-06-28 09:36:03.094778530,100008,180,99977,180,100044,180,99972,180,100055,180,99964,180,100063,180,99959,180,100064,180,99957,180,100072,100,99955,100,100077,100,99952,100,100089,100,99947,100,100097,100,99929,100,100125,100,99928,100
2019-06-28 09:36:10.000000000,100008,200,99977,200,100044,200,99972,200,100055,200,99964,200,100063,200,99959,200,100064,100,99957,100,100072,100,99955,100,100077,100,99952,100,100089,100,99947,100,100097,100,99929,100,100125,100,99928,100
2019-06-28 09:36:20.000000000,100008,200,99977,200,100044,200,99972,200,100055,200,99964,200,100063,200,99959,200,100064,100,99957,100,100072,100,99955,100,100077,100,99952,100,100089,100,99947,100,100097,100,99929,100,100125,100,99928,100
2019-06-28 09:36:30.000000000,100008,301,99977,301,100044,301,99972,301,100055,100,99964,100,100063,100,99959,100,100064,100,99957,100,100072,100,99955,100,100077,100,99952,100,100089,100,99947,100,100097,100,99929,100,100125,100,99928,100
2019-06-28 09:36:35.564180113,100008,301,99977,301,100044,301,99972,301,100055,100,99959,100,100063,100,99957,100,100064,100,99955,100,100072,100,99952,100,100077,100,99947,100,100089,100,99929,100,100097,100,99928,100,100125,100,99907,100
2019-06-28 09:36:36.967114825,100008,201,99977,301,100044,301,99972,301,100055,100,99959,100,100063,100,99957,100,100064,100,99955,100,100072,100,99952,100,100077,100,99947,100,100089,100,99929,100,100097,100,99928,100,100125,100,99905,100
2019-06-28 09:36:37.395959812,100008,101,99977,301,100044,301,99972,301,100055,100,99959,100,100063,100,99957,100,100064,100,99955,100,100072,100,99952,100,100077,100,99947,100,100089,100,99929,100,100097,100,99928,100,100125,100,99905,100
2019-06-28 09:36:38.765722731,100008,1,99977,301,100044,301,99972,301,100055,100,99959,100,100063,100,99957,100,100064,100,99955,100,100072,100,99952,100,100077,100,99947,100,100089,100,99929,100,100097,100,99928,100,100125,100,99905,100
2019-06-28 09:36:40.000000000,100044,301,99977,301,100055,301,99972,301,100063,100,99959,100,100064,100,99957,100,100072,100,99955,100,100077,100,99952,100,100089,100,99947,100,100097,100,99929,100,100125,100,99928,100,100163,100,99905,100
2019-06-28 09:36:50.000000000,100044,502,99977,502,100055,100,99972,100,100063,100,99959,100,100064,100,99957,100,100072,100,99955,100,100077,100,99952,100,100089,100,99947,100,100097,100,99929,100,100125,100,99928,100,100163,100,99905,100
2019-06-28 09:37:00.000000000,100044,301,99977,301,100055,301,99972,301,100063,100,99959,100,100064,100,99957,100,100072,100,99955,100,100077,100,99952,100,100089,100,99947,100,100097,100,99929,100,100125,100,99928,100,100163,100,99905,100
2019-06-28 09:37:06.568088523,100044,301,100008,100,100055,301,99977,301,100063,100,99972,301,100064,100,99959,100,100072,100,99957,100,100077,100,99955,100,100089,100,99952,100,100097,100,99947,100,100125,100,99929,100,100163,100,99928,100
2019-06-28 09:37:10.000000000,100044,502,100008,502,100055,100,99977,100,100063,100,99972,100,100064,100,99959,100,100072,100,99957,100,100077,100,99955,100,100089,100,99952,100,100097,100,99947,100,100125,100,99929,100,100163,100,99928,100
2019-06-28 09:37:10.674737623,100044,502,100008,502,100055,100,99977,100,100063,100,99972,100,100064,100,99959,100,100072,100,99957,100,100077,100,99955,100,100089,100,99952,100,100097,100,99947,100,100125,100,99929,100,100163,100,99928,100
2019-06-28 09:37:17.693543150,100044,502,100008,502,100055,100,99977,100,100063,100,99972,100,100064,100,99959,100,100072,100,99957,100,100077,100,99955,100,100089,100,99952,100,100097,100,99947,100,100125,100,99929,100,100163,100,99928,100
2019-06-28 09:37:20.000000000,100044,200,100008,200,100055,200,99977,200,100063,200,99972,200,100064,200,99959,200,100072,100,99957,100,100077,100,99955,100,100089,100,99952,100,100097,100,99947,100,100125,100,99929,100,100163,100,99928,100
2019-06-28 09:37:30.000000000,100044,200,100008,200,100055,200,99977,200,100063,200,99972,200,100064,200,99959,200,100072,100,99957,100,100077,100,99955,100,100089,100,99952,100,100097,100,99947,100,100125,100,99929,100,100163,100,99928,100
2019-06-28 09:37:40.000000000,100044,237,100008,237,100055,233,99977,233,100063,233,99972,233,100064,100,99959,100,100072,100,99957,100,100077,100,99955,100,100089,100,99952,100,100097,100,99947,100,100125,100,99929,100,100163,100,99928,100
2019-06-28 09:37:50.000000000,100044,301,100008,301,100055,301,99977,301,100063,100,99972,100,100064,100,99959,100,100072,100,99957,100,100077,100,99955,100,100089,100,99952,100,100097,100,99947,100,100125,100,99929,100,100163,100,99928,100
2019-06-28 09:37:57.701465713,100044,301,100008,301,100050,100,99977,301,100055,301,99972,100,100063,100,99959,100,100064,100,99957,100,100072,100,99955,100,100077,100,99952,100,100089,100,99947,100,100097,100,99929,100,100125,100,99928,100
2019-06-28 09:38:00.000000000,100044,180,100008,180,100050,180,99977,180,100055,180,99972,180,100063,180,99959,180,100064,180,99957,180,100072,100,99955,100,100077,100,99952,100,100089,100,99947,100,100097,100,99929,100,100125,100,99928,100
2019-06-28 09:38:08.601482596,100044,180,100008,280,100050,180,99977,180,100055,180,99972,180,100063,180,99959,180,100064,180,99957,180,100072,100,99955,100,100077,100,99952,100,100089,100,99947,100,100097,100,99929,100,100125,100,99928,100
2019-06-28 09:38:10.000000000,100044,237,100008,337,100050,233,99977,233,100055,233,99972,233,100063,100,99959,100,100064,100,99957,100,100072,100,99955,100,100077,100,99952,100,100089,100,99947,100,100097,100,99929,100,100125,100,99928,100
2019-06-28 09:38:20.000000000,100044,237,100008,337,100050,233,99977,233,100055,233,99972,233,100063,100,99959,100,100064,100,99957,100,100072,100,99955,100,100077,100,99952,100,100089,100,99947,100,100097,100,99929,100,100125,100,99928,100
2019-06-28 09:38:22.398554886,100044,137,100008,337,100050,233,99977,233,100055,233,99972,233,100063,100,99959,100,100064,100,99957,100,100072,100,99955,100,100077,100,99952,100,100089,100,99947,100,100097,100,99929,100,100125,100,99928,100
2019-06-28 09:38:23.359043966,100044,137,100008,337,100050,233,99977,233,100055,233,99972,233,100064,100,99959,100,100072,100,99957,100,100077,100,99955,100,100089,100,99952,100,100097,100,99947,100,100125,100,99929,100,100163,100,99928,100
2019-06-28 09:38:30.000000000,100050,180,100008,280,100055,180,99977,180,100064,180,99972,180,100072,180,99959,180,100077,180,99957,180,100089,100,99955,100,100097,100,99952,100,100125,100,99947,100,100163,100,99929,100,100164,100,99928,100
2019-06-28 09:38:40.000000000,100050,301,100008,401,100055,301,99977,301,100064,100,99972,100,100072,100,99959,100,100077,100,99957,100,100089,100,99955,100,100097,100,99952,100,100125,100,99947,100,100163,100,99929,100,100164,100,99928,100
2019-06-28 09:38:49.028656012,100050,301,100008,401,100055,301,99977,301,100064,100,99972,100,100072,100,99959,100,100077,100,99957,100,100089,100,99955,100,100097,100,99952,100,100125,100,99947,100,100163,100,99929,100,100164,100,99928,100
2019-06-28 09:38:50.000000000,100050,200,100008,300,100055,200,99977,200,100064,200,99972,200,100072,200,99959,200,100077,100,99957,100,100089,100,99955,100,100097,100,99952,100,100125,100,99947,100,100163,100,99929,100,100164,100,99928,100
2019-06-28 09:38:53.845576403,100050,200,100008,300,100055,200,99977,200,100064,200,99972,200,100072,200,99959,200,100077,100,99957,100,100089,100,99955,100,100097,100,99952,100,100125,100,99947,100,100163,100,99929,100,100164,100,99928,100
2019-06-28 09:38:56.219151514,100050,200,100009,100,100055,200,100008,300,100064,200,99977,200,100072,200,99972,200,100077,100,99959,200,100089,100,99957,100,100097,100,99955,100,100125,100,99952,100,100163,100,99947,100,100164,100,99929,100
2019-06-28 09:39:00.000000000,100050,237,100009,237,100055,233,100008,333,100064,233,99977,233,100072,100,99972,100,100077,100,99959,100,100089,100,99957,100,100097,100,99955,100,100125,100,99952,100,100163,100,99947,100,100164,100,99929,100
2019-06-28 09:39:10.000000000,100050,237,100009,237,100055,233,100008,333,100064,233,99977,233,100072,100,99972,100,100077,100,99959,100,100089,100,99957,100,100097,100,99955,100,100125,100,99952,100,100163,100,99947,100,100164,100,99929,100
2019-06-28 09:39:20.000000000,100050,180,100009,180,100055,180,100008,280,100064,180,99977,180,100072,180,99972,180,100077,180,99959,180,100089,100,99957,100,100097,100,99955,100,100125,100,99952,100,100163,100,99947,100,100164,100,99929,100
2019-06-28 09:39:22.307154693,100050,80,100009,180,100055,180,100008,280,100064,180,99977,180,100072,180,99972,180,100077,180,99959,180,100089,100,99957,100,100097,100,99955,100,100125,100,99952,100,100163,100,99947,100,100164,100,99929,100
2019-06-28 09:39:30.000000000,100055,237,100009,237,100064,233,100008,333,100072,233,99977,233,100077,100,99972,100,100089,100,99959,100,100097,100,99957,100,100125,100,99955,100,100163,100,99952,100,100164,100,99947,100,100173,100,99929,100
2019-06-28 09:39:34.502173341,100055,137,100009,237,100064,233,100008,333,100072,233,99977,233,100077,100,99972,100,100089,100,99959,100,100097,100,99957,100,100125,100,99955,100,100163,100,99952,100,100164,100,99947,100,100173,100,99929,100
2019-06-28 09:39:40.000000000,100064,237,100009,237,100072,233,100008,333,100077,233,99977,233,100089,100,99972,100,100097,100,99959,100,100125,100,99957,100,100163,100,99955,100,100164,100,99952,100,100173,100,99947,100,100185,100,99929,100
2019-06-28 09:39:48.559865345,100064,237,100009,237,100072,233,100008,333,100077,233,99977,233,100089,100,99972,100,100097,100,99959,100,100125,100,99957,100,100163,100,99955,100,100164,100,99952,100,100173,100,99947,100,100195,100,99929,100
2019-06-28 09:39:49.916461912,100064,237,100009,237,100072,233,100008,333,100077,233,99977,233,100089,100,99972,100,100097,100,99959,100,100125,100,99957,100,100163,100,99955,100,100164,100,99952,100,100173,100,99947,100,100195,100,99929,100
2019-06-28 09:39:50.000000000,100064,237,100009,237,100072,233,100008,333,100077,233,99977,233,100089,100,99972,100,100097,100,99959,100,100125,100,99957,100,100163,100,99955,100,100164,100,99952,100,100173,100,99947,100,100195,100,99929,100
2019-06-28 09:39:55.370497832,100064,237,100009,237,100072,233,100008,333,100077,233,99977,233,100089,100,99972,100,100097,100,99959,100,100125,100,99957,100,100163,100,99955,100,100164,100,99952,100,100195,100,99947,100,100625,100,99929,100
2019-06-28 09:40:00.000000000,100064,502,100009,502,100072,100,100008,200,100077,100,99977,100,100089,100,99972,100,100097,100,99959,100,100125,100,99957,100,100163,100,99955,100,100164,100,99952,100,100195,100,99947,100,100625,100,99929,100
2019-06-28 09:40:10.000000000,100064,502,100009,502,100072,100,100008,200,100077,100,99977,100,100089,100,99972,100,100097,100,99959,100,100125,100,99957,100,100163,100,99955,100,100164,100,99952,100,100195,100,99947,100,100625,100,99929,100
2019-06-28 09:40:16.147329853,100064,402,100009,502,100072,100,100008,200,100077,100,99977,100,100089,100,99972,100,100097,100,99959,100,100125,100,99957,100,100163,100,99955,100,100164,100,99952,100,100195,100,99947,100,100625,100,99929,100
2019-06-28 09:40:20.000000000,100072,502,100009,502,100077,100,100008,200,100089,100,99977,100,100097,100,99972,100,100125,100,99959,100,100163,100,99957,100,100164,100,99955,100,100195,100,99952,100,100625,100,99947,100,100688,100,99929,100
2019-06-28 09:40:30.000000000,100072,180,100009,180,100077,180,100008,280,100089,180,99977,180,100097,180,99972,180,100125,180,99959,180,100163,100,99957,100,100164,100,99955,100,100195,100,99952,100,100625,100,99947,100,100688,100,99929,100
2019-06-28 09:40:34.232797473,100072,80,100009,180,100077,180,100008,280,100089,180,99977,180,100097,180,99972,180,100125,180,99959,180,100163,100,99957,100,100164,100,99955,100,100195,100,99952,100,100439,100,99947,100,100625,100,99929,100
2019-06-28 09:40:40.000000000,100077,301,100009,301,100089,301,100008,401,100097,100,99977,100,100125,100,99972,100,100163,100,99959,100,100164,100,99957,100,100195,100,99955,100,100439,100,99952,100,100625,100,99947,100,100688,100,99929,100
2019-06-28 09:40:50.000000000,100077,301,100009,301,100089,301,100008,401,100097,100,99977,100,100125,100,99972,100,100163,100,99959,100,100164,100,99957,100,100195,100,99955,100,100439,100,99952,100,100625,100,99947,100,100688,100,99929,100
2019-06-28 09:40:52.034316385,100077,301,100009,301,100089,301,100008,401,100097,100,99977,100,100125,100,99972,100,100163,100,99959,100,100164,100,99957,100,100195,100,99955,100,100351,100,99952,100,100439,100,99947,100,100625,100,99929,100
2019-06-28 09:40:54.236450857,100077,301,100009,301,100089,301,100008,401,100097,100,99977,100,100125,100,99972,100,100140,100,99959,100,100163,100,99957,100,100164,100,99955,100,100195,100,99952,100,100351,100,99947,100,100439,100,99929,100
2019-06-28 09:40:54.556847450,100077,301,100009,301,100088,100,100008,401,100089,301,99977,100,100097,100,99972,100,100125,100,99959,100,100140,100,99957,100,100163,100,99955,100,100164,100,99952,100,100195,100,99947,100,100351,100,99929,100
2019-06-28 09:40:59.516761917,100077,301,100009,301,100088,100,100008,401,100089,301,99977,100,100097,100,99972,100,100125,100,99959,100,100140,100,99957,100,100163,100,99952,100,100164,100,99947,100,100195,100,99929,100,100201,100,99887,100
2019-06-28 09:41:00.000000000,100077,200,100009,200,100088,200,100008,300,100089,200,99977,200,100097,200,99972,200,100125,100,99959,100,100140,100,99957,100,100163,100,99952,100,100164,100,99947,100,100195,100,99929,100,100201,100,99887,100
2019-06-28 09:41:10.000000000,100077,301,100009,301,100088,301,100008,401,100089,100,99977,100,100097,100,99972,100,100125,100,99959,100,100140,100,99957,100,100163,100,99952,100,100164,100,99947,100,100195,100,99929,100,100201,100,99887,100
2019-06-28 09:41:16.096010898,100077,201,100009,301,100088,301,100008,401,100089,100,99977,100,100097,100,99972,100,100125,100,99959,100,100140,100,99957,100,100163,100,99952,100,100164,100,99947,100,100195,100,99929,100,100201,100,99887,100
2019-06-28 09:41:20.000000000,100088,180,100009,180,100089,180,100008,280,100097,180,99977,180,100125,180,99972,180,100140,180,99959,180,100163,100,99957,100,100164,100,99952,100,100195,100,99947,100,100201,100,99929,100,100351,100,99887,100
2019-06-28 09:41:24.289242458,100088,180,100064,100,100089,180,100009,180,100097,180,100008,180,100125,180,99977,180,100140,180,99972,180,100163,100,99959,180,100164,100,99957,100,100195,100,99952,100,100201,100,99947,100,100351,100,99929,100
2019-06-28 09:41:27.310660757,100088,180,100064,100,100089,180,100009,180,100097,180,100008,180,100125,180,99977,180,100140,180,99972,180,100163,100,99959,180,100164,100,99957,100,100179,100,99952,100,100195,100,99947,100,100201,100,99929,100
2019-06-28 09:41:27.743041907,100088,180,100064,100,100089,180,100009,180,100097,180,100008,180,100125,180,99977,180,100140,180,99972,180,100163,100,99959,180,100164,100,99957,100,100179,100,99952,100,100195,100,99947,100,100201,100,99929,100
2019-06-28 09:41:30.000000000,100088,200,100064,200,100089,200,100009,200,100097,200,100008,200,100125,200,99977,200,100140,100,99972,100,100163,100,99959,100,100164,100,99957,100,100179,100,99952,100,100195,100,99947,100,100201,100,99929,100
2019-06-28 09:41:31.883984537,100088,200,100064,300,100089,200,100009,200,100097,200,100008,200,100125,200,99977,200,100140,100,99972,100,100163,100,99959,100,100164,100,99957,100,100179,100,99952,100,100195,100,99947,100,100201,100,99929,100
2019-06-28 09:41:39.531136919,100088,200,100064,400,100089,200,100009,200,100097,200,100008,200,100125,200,99977,200,100140,100,99972,100,100163,100,99959,100,100164,100,99957,100,100179,100,99952,100,100195,100,99929,100,100201,100,99887,100
2019-06-28 09:41:40.000000000,100088,200,100064,400,100089,200,100009,200,100097,200,100008,200,100125,200,99977,200,100140,100,99972,100,100163,100,99959,100,100164,100,99957,100,100179,100,99952,100,100195,100,99929,100,100201,100,99887,100
2019-06-28 09:41:50.000000000,100088,237,100064,437,100089,233,100009,233,100097,233,100008,233,100125,100,99977,100,100140,100,99972,100,100163,100,99959,100,100164,100,99957,100,100179,100,99952,100,100195,100,99929,100,100201,100,99887,100
2019-06-28 09:42:00.000000000,100088,200,100064,400,100089,200,100009,200,100097,200,100008,200,100125,200,99977,200,100140,100,99972,100,100163,100,99959,100,100164,100,99957,100,100179,100,99952,100,100195,100,99929,100,100201,100,99887,100
2019-06-28 09:42:03.850095039,100088,100,100064,400,100089,200,100009,200,100097,100,100008,200,100125,200,99977,200,100140,100,99972,100,100163,100,99959,100,100164,100,99957,100,100179,100,99952,100,100195,100,99929,100,100201,100,99887,100
2019-06-28 09:42:10.000000000,100089,502,100064,702,100125,100,100009,100,100140,100,100008,100,100163,100,99977,100,100164,100,99972,100,100179,100,99959,100,100195,100,99957,100,100201,100,99952,100,100351,100,99929,100,100439,100,99887,100
2019-06-28 09:42:20.000000000,100089,237,100064,437,100125,233,100009,233,100140,233,100008,233,100163,100,99977,100,100164,100,99972,100,100179,100,99959,100,100195,100,99957,100,100201,100,99952,100,100351,100,99929,100,100439,100,99887,100
2019-06-28 09:42:20.528632369,100089,237,100064,437,100125,233,100009,233,100140,233,100008,233,100163,100,99977,100,100164,100,99972,100,100179,100,99959,100,100195,100,99957,100,100201,100,99952,100,100351,100,99929,100,100439,100,99874,100
2019-06-28 09:42:30.000000000,100089,180,100064,380,100125,180,100009,180,100140,180,100008,180,100163,180,99977,180,100164,180,99972,180,100179,100,99959,100,100195,100,99957,100,100201,100,99952,100,100351,100,99929,100,100439,100,99874,100
2019-06-28 09:42:31.542463105,100089,80,100064,380,100125,180,100009,180,100140,180,100008,180,100163,180,99977,180,100164,180,99972,180,100179,100,99959,100,100195,100,99957,100,100201,100,99952,100,100351,100,99929,100,100439,100,99874,100
2019-06-28 09:42:40.000000000,100125,502,100064,702,100140,100,100009,100,100163,100,100008,100,100164,100,99977,100,100179,100,99972,100,100195,100,99959,100,100201,100,99957,100,100351,100,99952,100,100439,100,99929,100,100558,100,99874,100
2019-06-28 09:42:50.000000000,100125,237,100064,437,100140,233,100009,233,100163,233,100008,233,100164,100,99977,100,100179,100,99972,100,100195,100,99959,100,100201,100,99957,100,100351,100,99952,100,100439,100,99929,100,100558,100,99874,100
2019-06-28 09:43:00.000000000,100125,180,100064,380,100140,180,100009,180,100163,180,100008,180,100164,180,99977,180,100179,180,99972,180,100195,100,99959,100,100201,100,99957,100,100351,100,99952,100,100439,100,99929,100,100558,100,99874,100
2019-06-28 09:43:01.500426073,100125,80,100064,380,100140,180,100009,180,100163,180,100008,180,100164,180,99977,180,100179,180,99972,180,100195,100,99959,100,100201,100,99957,100,100351,100,99952,100,100439,100,99929,100,100558,100,99874,100
2019-06-28 09:43:06.297099601,100125,80,100089,100,100140,180,100064,380,100163,180,100009,180,100164,180,100008,80,100179,180,99977,180,100195,100,99972,180,100201,100,99959,100,100351,100,99957,100,100439,100,99952,100,100558,100,99929,100
2019-06-28 09:43:10.000000000,100140,200,100089,200,100163,200,100064,400,100164,200,100009,200,100179,200,99977,200,100195,100,99972,100,100201,100,99959,100,100351,100,99957,100,100439,100,99952,100,100558,100,99929,100,100625,100,99874,100
2019-06-28 09:43:20.000000000,100140,301,100089,301,100163,301,100064,501,100164,100,100009,100,100179,100,99977,100,100195,100,99972,100,100201,100,99959,100,100351,100,99957,100,100439,100,99952,100,100558,100,99929,100,100625,100,99874,100
2019-06-28 09:43:21.198428094,100140,301,100089,401,100163,301,100064,501,100164,100,100009,100,100179,100,99977,100,100195,100,99972,100,100201,100,99959,100,100351,100,99957,100,100439,100,99952,100,100558,100,99929,100,100625,100,99874,100
2019-06-28 09:43:30.000000000,100140,237,100089,337,100163,233,100064,433,100164,233,100009,233,100179,100,99977,100,100195,100,99972,100,100201,100,99959,100,100351,100,99957,100,100439,100,99952,100,100558,100,99929,100,100625,100,99874,100
2019-06-28 09:43:32.056441362,100140,237,100089,337,100163,233,100064,433,100164,233,100009,233,100179,100,99977,100,100195,100,99972,100,100201,100,99959,100,100351,100,99957,100,100359,100,99952,100,100439,100,99929,100,100558,100,99874,100
2019-06-28 09:43:40.000000000,100140,301,100089,401,100163,301,100064,501,100164,100,100009,100,100179,100,99977,100,100195,100,99972,100,100201,100,99959,100,100351,100,99957,100,100359,100,99952,100,100439,100,99929,100,100558,100,99874,100
2019-06-28 09:43:50.000000000,100140,502,100089,602,100163,100,100064,300,100164,100,100009,100,100179,100,99977,100,100195,100,99972,100,100201,100,99959,100,100351,100,99957,100,100359,100,99952,100,100439,100,99929,100,100558,100,99874,100
2019-06-28 09:43:52.851762264,100140,502,100110,100,100163,100,100089,602,100164,100,100064,300,100179,100,100009,100,100195,100,99977,100,100201,100,99972,100,100351,100,99959,100,100359,100,99957,100,100439,100,99952,100,100558,100,99929,100
2019-06-28 09:43:54.629906244,100140,502,100110,100,100163,100,100089,602,100179,100,100064,300,100195,100,100009,100,100201,100,99977,100,100351,100,99972,100,100359,100,99959,100,100439,100,99957,100,100471,100,99952,100,100558,100,99929,100
2019-06-28 09:44:00.000000000,100140,301,100110,301,100163,301,100089,401,100179,100,100064,300,100195,100,100009,100,100201,100,99977,100,100351,100,99972,100,100359,100,99959,100,100439,100,99957,100,100471,100,99952,100,100558,100,99929,100
2019-06-28 09:44:10.000000000,100140,200,100110,200,100163,200,100089,300,100179,200,100064,400,100195,200,100009,200,100201,100,99977,100,100351,100,99972,100,100359,100,99959,100,100439,100,99957,100,100471,100,99952,100,100558,100,99929,100
2019-06-28 09:44:20.000000000,100140,301,100110,301,100163,301,100089,401,100179,100,100064,300,100195,100,100009,100,100201,100,99977,100,100351,100,99972,100,100359,100,99959,100,100439,100,99957,100,100471,100,99952,100,100558,100,99929,100
2019-06-28 09:44:30.000000000,100140,502,100110,502,100163,100,100089,200,100179,100,100064,300,100195,100,100009,100,100201,100,99977,100,100351,100,99972,100,100359,100,99959,100,100439,100,99957,100,100471,100,99952,100,100558,100,99929,100
2019-06-28 09:44:40.000000000,100140,237,100110,237,100163,233,100089,333,100179,233,100064,433,100195,100,100009,100,100201,100,99977,100,100351,100,99972,100,100359,100,99959,100,100439,100,99957,100,100471,100,99952,100,100558,100,99929,100
2019-06-28 09:44:44.144849106,100140,237,100110,237,100163,233,100089,333,100179,233,100064,433,100195,100,100009,100,100201,100,99977,100,100351,100,99972,100,100359,100,99959,100,100439,100,99957,100,100454,100,99952,100,100471,100,99929,100
2019-06-28 09:44:50.000000000,100140,502,100110,502,100163,100,100089,200,100179,100,100064,300,100195,100,100009,100,100201,100,99977,100,100351,100,99972,100,100359,100,99959,100,100439,100,99957,100,100454,100,99952,100,100471,100,99929,100
2019-06-28 09:45:00.000000000,100140,301,100110,301,100163,301,100089,401,100179,100,100064,300,100195,100,100009,100,100201,100,99977,100,100351,100,99972,100,100359,100,99959,100,100439,100,99957,100,100454,100,99952,100,100471,100,99929,100
2019-06-28 09:45:10.000000000,100140,502,100110,502,100163,100,100089,200,100179,100,100064,300,100195,100,100009,100,100201,100,99977,100,100351,100,99972,100,100359,100,99959,100,100439,100,99957,100,100454,100,99952,100,100471,100,99929,100
2019-06-28 09:45:20.000000000,100140,180,100110,180,100163,180,100089,280,100179,180,100064,380,100195,180,100009,180,100201,180,99977,180,100351,100,99972,100,100359,100,99959,100,100439,100,99957,100,100454,100,99952,100,100471,100,99929,100
2019-06-28 09:45:28.565054826,100140,180,100110,180,100163,180,100089,380,100179,180,100064,380,100195,180,100009,180,100201,180,99977,180,100351,100,99972,100,100359,100,99959,100,100439,100,99957,100,100454,100,99952,100,100471,100,99929,100
2019-06-28 09:45:30.000000000,100140,200,100110,200,100163,200,100089,400,100179,200,100064,400,100195,200,100009,200,100201,100,99977,100,100351,100,99972,100,100359,100,99959,100,100439,100,99957,100,100454,100,99952,100,100471,100,99929,100
2019-06-28 09:45:40.000000000,100140,301,100110,301,100163,301,100089,501,100179,100,100064,300,100195,100,100009,100,100201,100,99977,100,100351,100,99972,100,100359,100,99959,100,100439,100,99957,100,100454,100,99952,100,100471,100,99929,100
2019-06-28 09:45:41.799111608,100140,301,100110,301,100163,301,100089,501,100179,100,100064,300,100195,100,100009,100,100201,100,99977,100,100351,100,99972,100,100359,100,99957,100,100439,100,99952,100,100454,100,99929,100,100471,100,99868,100
2019-06-28 09:45:50.000000000,100140,237,100110,237,100163,233,100089,433,100179,233,100064,433,100195,100,100009,100,100201,100,99977,100,100351,100,99972,100,100359,100,99957,100,100439,100,99952,100,100454,100,99929,100,100471,100,99868,100
2019-06-28 09:45:52.710772433,100140,237,100110,237,100163,233,100089,433,100179,233,100064,433,100195,100,100009,100,100201,100,99977,100,100351,100,99972,100,100359,100,99957,100,100439,100,99952,100,100454,100,99929,100,100471,100,99868,100
2019-06-28 09:46:00.000000000,100140,237,100110,237,100163,233,100089,433,100179,233,100064,433,100195,100,100009,100,100201,100,99977,100,100351,100,99972,100,100359,100,99957,100,100439,100,99952,100,100454,100,99929,100,100471,100,99868,100
2019-06-28 09:46:10.000000000,100140,237,100110,237,100163,233,100089,433,100179,233,100064,433,100195,100,100009,100,100201,100,99977,100,100351,100,99972,100,100359,100,99957,100,100439,100,99952,100,100454,100,99929,100,100471,100,99868,100
2019-06-28 09:46:16.857482947,100140,237,100110,137,100163,233,100089,433,100179,233,100064,433,100195,100,100009,100,100201,100,99977,100,100351,100,99972,100,100359,100,99957,100,100439,100,99952,100,100454,100,99929,100,100471,100,99868,100
2019-06-28 09:46:20.000000000,100140,301,100089,501,100163,301,100064,501,100179,100,100009,100,100195,100,99977,100,100201,100,99972,100,100351,100,99957,100,100359,100,99952,100,100439,100,99929,100,100454,100,99868,100,100471,100,,
2019-06-28 09:46:30.000000000,100140,180,100089,380,100163,180,100064,380,100179,180,100009,180,100195,180,99977,180,100201,180,99972,180,100351,100,99957,100,100359,100,99952,100,100439,100,99929,100,100454,100,99868,100,100471,100,,
2019-06-28 09:46:32.195606238,100140,80,100089,380,100163,180,100064,380,100179,180,100009,180,100195,180,99977,180,100201,180,99972,80,100351,100,99957,100,100359,100,99952,100,100439,100,99929,100,100454,100,99868,100,100471,100,,
2019-06-28 09:46:40.000000000,100163,502,100089,702,100179,100,100064,300,100195,100,100009,100,100201,100,99977,100,100351,100,99957,100,100359,100,99952,100,100439,100,99929,100,100454,100,99868,100,100471,100,,,100558,100,,
2019-06-28 09:46:43.738074322,100163,402,100089,702,100179,100,100064,300,100195,100,100009,100,100201,100,99977,100,100351,100,99957,100,100359,100,99952,100,100439,100,99929,100,100471,100,99868,100,100558,100,,,100625,100,,
2019-06-28 09:46:50.000000000,100179,200,100089,400,100195,200,100064,400,100201,200,100009,200,100351,200,99977,200,100359,100,99957,100,100439,100,99952,100,100471,100,99929,100,100558,100,99868,100,100625,100,,,100649,100,,
2019-06-28 09:47:00.000000000,100179,237,100089,437,100195,233,100064,433,100201,233,100009,233,100351,100,99977,100,100359,100,99957,100,100439,100,99952,100,100471,100,99929,100,100558,100,99868,100,100625,100,,,100649,100,,
2019-06-28 09:47:10.000000000,100179,180,100089,380,100195,180,100064,380,100201,180,100009,180,100351,180,99977,180,100359,180,99957,180,100439,100,99952,100,100471,100,99929,100,100558,100,99868,100,100625,100,,,100649,100,,
2019-06-28 09:47:13.555193880,100179,180,100089,380,100195,180,100064,380,100201,180,100056,100,100351,180,100009,180,100359,180,99977,180,100439,100,99957,180,100471,100,99952,100,100558,100,99929,100,100625,100,99868,100,100649,100,,
2019-06-28 09:47:15.671922404,100179,180,100089,380,100195,180,100064,380,100201,180,100009,180,100231,100,99977,180,100351,180,99957,180,100359,180,99952,100,100439,100,99929,100,100471,100,99868,100,100558,100,,,100625,100,,
2019-06-28 09:47:20.000000000,100179,237,100089,437,100195,233,100064,433,100201,233,100009,233,100231,100,99977,100,100351,100,99957,100,100359,100,99952,100,100439,100,99929,100,100471,100,99868,100,100558,100,,,100625,100,,
2019-06-28 09:47:30.000000000,100179,237,100089,437,100195,233,100064,433,100201,233,100009,233,100231,100,99977,100,100351,100,99957,100,100359,100,99952,100,100439,100,99929,100,100471,100,99868,100,100558,100,,,100625,100,,
2019-06-28 09:47:40.000000000,100179,502,100089,702,100195,100,100064,300,100201,100,100009,100,100231,100,99977,100,100351,100,99957,100,100359,100,99952,100,100439,100,99929,100,100471,100,99868,100,100558,100,,,100625,100,,
2019-06-28 09:47:40.525113722,100179,502,100089,602,100195,100,100064,300,100201,100,100009,100,100231,100,99977,100,100351,100,99957,100,100359,100,99952,100,100439,100,99929,100,100471,100,99868,100,100558,100,,,100625,100,,
2019-06-28 09:47:47.125992345,100143,100,100089,602,100179,502,100064,300,100195,100,100009,100,100201,100,99977,100,100231,100,99957,100,100351,100,99952,100,100359,100,99929,100,100439,100,99868,100,100471,100,,,100558,100,,
2019-06-28 09:47:50.000000000,100143,301,100089,401,100179,301,100064,501,100195,100,100009,100,100201,100,99977,100,100231,100,99957,100,100351,100,99952,100,100359,100,99929,100,100439,100,99868,100,100471,100,,,100558,100,,
2019-06-28 09:47:54.275309583,100143,301,100089,401,100167,100,100064,501,100179,301,100009,100,100195,100,99977,100,100201,100,99957,100,100231,100,99952,100,100351,100,99929,100,100359,100,99868,100,100439,100,,,100471,100,,
2019-06-28 09:47:58.447107800,100143,301,100089,401,100167,100,100064,501,100179,301,100009,100,100195,100,99977,100,100201,100,99957,100,100231,100,99952,100,100351,100,99929,100,100359,100,99869,100,100439,100,99868,100,100471,100,,
2019-06-28 09:48:00.000000000,100143,180,100089,280,100167,180,100064,380,100179,180,100009,180,100195,180,99977,180,100201,180,99957,180,100231,100,99952,100,100351,100,99929,100,100359,100,99869,100,100439,100,99868,100,100471,100,,
2019-06-28 09:48:00.476430184,100143,180,100089,280,100167,180,100064,380,100179,180,100009,180,100195,180,99977,180,100201,180,99957,180,100231,100,99952,100,100351,100,99929,100,100359,100,99869,100,100439,100,99868,100,100471,100,99859,100
2019-06-28 09:48:10.000000000,100143,180,100089,280,100167,180,100064,380,100179,180,100009,180,100195,180,99977,180,100201,180,99957,180,100231,100,99952,100,100351,100,99929,100,100359,100,99869,100,100439,100,99868,100,100471,100,99859,100
2019-06-28 09:48:20.000000000,100143,502,100089,602,100167,100,100064,300,100179,100,100009,100,100195,100,99977,100,100201,100,99957,100,100231,100,99952,100,100351,100,99929,100,100359,100,99869,100,100439,100,99868,100,100471,100,99859,100
2019-06-28 09:48:24.302693413,100143,502,100089,602,100167,100,100064,300,100179,100,100009,100,100195,100,99977,100,100201,100,99957,100,100231,100,99952,100,100351,100,99929,100,100359,100,99911,100,100439,100,99869,100,100471,100,99868,100
2019-06-28 09:48:30.000000000,100143,180,100089,280,100167,180,100064,380,100179,180,100009,180,100195,180,99977,180,100201,180,99957,180,100231,100,99952,100,100351,100,99929,100,100359,100,99911,100,100439,100,99869,100,100471,100,99868,100
2019-06-28 09:48:40.000000000,100143,200,100089,300,100167,200,100064,400,100179,200,100009,200,100195,200,99977,200,100201,100,99957,100,100231,100,99952,100,100351,100,99929,100,100359,100,99911,100,100439,100,99869,100,100471,100,99868,100
2019-06-28 09:48:50.000000000,100143,237,100089,337,100167,233,100064,433,100179,233,100009,233,100195,100,99977,100,100201,100,99957,100,100231,100,99952,100,100351,100,99929,100,100359,100,99911,100,100439,100,99869,100,100471,100,99868,100
2019-06-28 09:48:55.101977000,100143,237,100089,337,100162,100,100064,433,100167,233,100009,233,100179,233,99977,100,100195,100,99957,100,100201,100,99952,100,100231,100,99929,100,100351,100,99911,100,100359,100,99869,100,100439,100,99868,100
2019-06-28 09:49:00.000000000,100143,502,100089,602,100162,100,100064,300,100167,100,100009,100,100179,100,99977,100,100195,100,99957,100,100201,100,99952,100,100231,100,99929,100,100351,100,99911,100,100359,100,99869,100,100439,100,99868,100
2019-06-28 09:49:10.000000000,100143,200,100089,300,100162,200,100064,400,100167,200,100009,200,100179,200,99977,200,100195,100,99957,100,100201,100,99952,100,100231,100,99929,100,100351,100,99911,100,100359,100,99869,100,100439,100,99868,100
2019-06-28 09:49:20.000000000,100143,180,100089,280,100162,180,100064,380,100167,180,100009,180,100179,180,99977,180,100195,180,99957,180,100201,100,99952,100,100231,100,99929,100,100351,100,99911,100,100359,100,99869,100,100439,100,99868,100
2019-06-28 09:49:30.000000000,100143,301,100089,401,100162,301,100064,501,100167,100,100009,100,100179,100,99977,100,100195,100,99957,100,100201,100,99952,100,100231,100,99929,100,100351,100,99911,100,100359,100,99869,100,100439,100,99868,100
2019-06-28 09:49:35.345594961,100143,301,100089,401,100162,301,100064,501,100167,100,100009,100,100179,100,99977,100,100195,100,99957,100,100201,100,99952,100,100231,100,99929,100,100351,100,99911,100,100359,100,99869,100,100439,100,99868,100
2019-06-28 09:49:37.226122873,100143,301,100089,401,100162,301,100064,501,100167,100,99977,100,100179,100,99957,100,100195,100,99952,100,100201,100,99929,100,100231,100,99911,100,100351,100,99869,100,100359,100,99868,100,100439,100,99859,100
2019-06-28 09:49:40.000000000,100143,301,100089,401,100162,301,100064,501,100167,100,99977,100,100179,100,99957,100,100195,100,99952,100,100201,100,99929,100,100231,100,99911,100,100351,100,99869,100,100359,100,99868,100,100439,100,99859,100
2019-06-28 09:49:50.000000000,100143,502,100089,602,100162,100,100064,300,100167,100,99977,100,100179,100,99957,100,100195,100,99952,100,100201,100,99929,100,100231,100,99911,100,100351,100,99869,100,100359,100,99868,100,100439,100,99859,100
2019-06-28 09:50:00.000000000,100143,502,100089,602,100162,100,100064,300,100167,100,99977,100,100179,100,99957,100,100195,100,99952,100,100201,100,99929,100,100231,100,99911,100,100351,100,99869,100,100359,100,99868,100,100439,100,99859,100
2019-06-28 09:50:10.000000000,100143,502,100089,602,100162,100,100064,300,100167,100,99977,100,100179,100,99957,100,100195,100,99952,100,100201,100,99929,100,100231,100,99911,100,100351,100,99869,100,100359,100,99868,100,100439,100,99859,100
2019-06-28 09:50:15.189024758,100143,502,100089,602,100162,100,100064,300,100167,100,99977,100,100179,100,99957,100,100195,100,99952,100,100201,100,99929,100,100231,100,99911,100,100351,100,99869,100,100359,100,99868,100,100439,100,99859,100
2019-06-28 09:50:20.000000000,100143,200,100089,300,100162,200,100064,400,100167,200,99977,200,100179,200,99957,200,100195,100,99952,100,100201,100,99929,100,100231,100,99911,100,100351,100,99869,100,100359,100,99868,100,100439,100,99859,100
2019-06-28 09:50:22.131716624,100143,200,100089,300,100162,200,100064,400,100167,200,99977,200,100179,200,99957,200,100195,100,99952,100,100201,100,99929,100,100231,100,99911,100,100351,100,99869,100,100359,100,99859,100,100439,100,99382,100
2019-06-28 09:50:30.000000000,100143,200,100089,300,100162,200,100064,400,100167,200,99977,200,100179,200,99957,200,100195,100,99952,100,100201,100,99929,100,100231,100,99911,100,100351,100,99869,100,100359,100,99859,100,100439,100,99382,100
2019-06-28 09:50:40.000000000,100143,180,100089,280,100162,180,100064,380,100167,180,99977,180,100179,180,99957,180,100195,180,99952,180,100201,100,99929,100,100231,100,99911,100,100351,100,99869,100,100359,100,99859,100,100439,100,99382,100
2019-06-28 09:50:50.000000000,100143,237,100089,337,100162,233,100064,433,100167,233,99977,233,100179,100,99957,100,100195,100,99952,100,100201,100,99929,100,100231,100,99911,100,100351,100,99869,100,100359,100,99859,100,100439,100,99382,100
2019-06-28 09:51:00.000000000,100143,301,100089,401,100162,301,100064,501,100167,100,99977,100,100179,100,99957,100,100195,100,99952,100,100201,100,99929,100,100231,100,99911,100,100351,100,99869,100,100359,100,99859,100,100439,100,99382,100
2019-06-28 09:51:01.878826822,100143,301,100089,401,100162,401,100064,501,100167,100,99977,100,100179,100,99957,100,100195,100,99952,100,100201,100,99929,100,100231,100,99911,100,100351,100,99869,100,100359,100,99859,100,100439,100,99382,100
2019-06-28 09:51:03.890929813,100143,301,100089,401,100162,401,100064,501,100167,100,99977,100,100179,100,99957,100,100195,100,99952,100,100201,100,99929,100,100231,100,99911,100,100351,100,99869,100,100359,100,99859,100,100439,100,99382,100
2019-06-28 09:51:10.000000000,100143,301,100089,401,100162,401,100064,501,100167,100,99977,100,100179,100,99957,100,100195,100,99952,100,100201,100,99929,100,100231,100,99911,100,100351,100,99869,100,100359,100,99859,100,100439,100,99382,100
2019-06-28 09:51:20.000000000,100143,200,100089,300,100162,300,100064,400,100167,200,99977,200,100179,200,99957,200,100195,100,99952,100,100201,100,99929,100,100231,100,99911,100,100351,100,99869,100,100359,100,99859,100,100439,100,99382,100
2019-06-28 09:51:26.428977409,100143,200,100089,200,100162,300,100064,400,100167,200,99977,200,100179,200,99957,200,100195,100,99952,100,100201,100,99929,100,100231,100,99911,100,100351,100,99869,100,100359,100,99859,100,100439,100,99382,100
2019-06-28 09:51:30.000000000,100143,237,100089,237,100162,333,100064,433,100167,233,99977,233,100179,100,99957,100,100195,100,99952,100,100201,100,99929,100,100231,100,99911,100,100351,100,99869,100,100359,100,99859,100,100439,100,99382,100
2019-06-28 09:51:40.000000000,100143,200,100089,200,100162,300,100064,400,100167,200,99977,200,100179,200,99957,200,100195,100,99952,100,100201,100,99929,100,100231,100,99911,100,100351,100,99869,100,100359,100,99859,100,100439,100,99382,100
2019-06-28 09:51:49.947773573,100143,200,100089,200,100162,300,100064,400,100167,200,99977,200,100179,200,99957,200,100195,100,99952,100,100201,100,99929,100,100231,100,99911,100,100351,100,99869,100,100359,100,99859,100,100439,100,99382,100
2019-06-28 09:51:50.000000000,100143,200,100089,200,100162,300,100064,400,100167,200,99977,200,100179,200,99957,200,100195,100,99952,100,100201,100,99929,100,100231,100,99911,100,100351,100,99869,100,100359,100,99859,100,100439,100,99382,100
2019-06-28 09:52:00.000000000,100143,502,100089,502,100162,200,100064,300,100167,100,99977,100,100179,100,99957,100,100195,100,99952,100,100201,100,99929,100,100231,100,99911,100,100351,100,99869,100,100359,100,99859,100,100439,100,99382,100
2019-06-28 09:52:10.000000000,100143,237,100089,237,100162,333,100064,433,100167,233,99977,233,100179,100,99957,100,100195,100,99952,100,100201,100,99929,100,100231,100,99911,100,100351,100,99869,100,100359,100,99859,100,100439,100,99382,100
2019-06-28 09:52:20.000000000,100143,502,100089,502,100162,200,100064,300,100167,100,99977,100,100179,100,99957,100,100195,100,99952,100,100201,100,99929,100,100231,100,99911,100,100351,100,99869,100,100359,100,99859,100,100439,100,99382,100
2019-06-28 09:52:30.000000000,100143,502,100089,502,100162,200,100064,300,100167,100,99977,100,100179,100,99957,100,100195,100,99952,100,100201,100,99929,100,100231,100,99911,100,100351,100,99869,100,100359,100,99859,100,100439,100,99382,100
2019-06-28 09:52:40.000000000,100143,502,100089,502,100162,200,100064,300,100167,100,99977,100,100179,100,99957,100,100195,100,99952,100,100201,100,99929,100,100231,100,99911,100,100351,100,99869,100,100359,100,99859,100,100439,100,99382,100
2019-06-28 09:52:44.715948239,100143,502,100089,402,100162,200,100064,300,100167,100,99977,100,100179,100,99957,100,100195,100,99952,100,100201,100,99929,100,100231,100,99911,100,100351,100,99869,100,100359,100,99859,100,100439,100,99382,100
2019-06-28 09:52:50.000000000,100143,180,100064,380,100162,280,99977,180,100167,180,99957,180,100179,180,99952,180,100195,180,99929,180,100201,100,99911,100,100231,100,99869,100,100351,100,99859,100,100359,100,99382,100,100439,100,99364,100
2019-06-28 09:52:50.204203349,100143,180,100064,280,100162,280,99977,180,100167,180,99957,180,100179,180,99952,180,100195,180,99929,180,100201,100,99869,100,100231,100,99859,100,100351,100,99382,100,100359,100,99364,100,100439,100,99071,100
2019-06-28 09:53:00.000000000,100143,301,100064,401,100162,401,99977,301,100167,100,99957,100,100179,100,99952,100,100195,100,99929,100,100201,100,99869,100,100231,100,99859,100,100351,100,99382,100,100359,100,99364,100,100439,100,99071,100
2019-06-28 09:53:10.000000000,100143,502,100064,602,100162,200,99977,100,100167,100,99957,100,100179,100,99952,100,100195,100,99929,100,100201,100,99869,100,100231,100,99859,100,100351,100,99382,100,100359,100,99364,100,100439,100,99071,100
2019-06-28 09:53:20.000000000,100143,200,100064,300,100162,300,99977,200,100167,200,99957,200,100179,200,99952,200,100195,100,99929,100,100201,100,99869,100,100231,100,99859,100,100351,100,99382,100,100359,100,99364,100,100439,100,99071,100
2019-06-28 09:53:20.559314530,100143,200,100064,200,100162,300,99977,200,100167,200,99957,200,100179,200,99952,200,100195,100,99929,100,100201,100,99869,100,100231,100,99859,100,100351,100,99382,100,100359,100,99364,100,100439,100,99071,100
2019-06-28 09:53:30.000000000,100143,301,100064,301,100162,401,99977,301,100167,100,99957,100,100179,100,99952,100,100195,100,99929,100,100201,100,99869,100,100231,100,99859,100,100351,100,99382,100,100359,100,99364,100,100439,100,99071,100
2019-06-28 09:53:40.000000000,100143,502,100064,502,100162,200,99977,100,100167,100,99957,100,100179,100,99952,100,100195,100,99929,100,100201,100,99869,100,100231,100,99859,100,100351,100,99382,100,100359,100,99364,100,100439,100,99071,100
2019-06-28 09:53:50.000000000,100143,502,100064,502,100162,200,99977,100,100167,100,99957,100,100179,100,99952,100,100195,100,99929,100,100201,100,99869,100,100231,100,99859,100,100351,100,99382,100,100359,100,99364,100,100439,100,99071,100
2019-06-28 09:53:57.826257003,100143,502,100064,502,100162,200,99977,100,100167,100,99957,100,100179,100,99952,100,100195,100,99929,100,100201,100,99869,100,100231,100,99859,100,100351,100,99382,100,100359,100,99364,100,100439,100,99071,100
2019-06-28 09:54:00.000000000,100143,301,100064,301,100162,401,99977,301,100167,100,99957,100,100179,100,99952,100,100195,100,99929,100,100201,100,99869,100,100231,100,99859,100,100351,100,99382,100,100359,100,99364,100,100439,100,99071,100
2019-06-28 09:54:01.068103546,100089,100,100064,301,100143,301,99977,301,100162,401,99957,100,100167,100,99952,100,100179,100,99929,100,100195,100,99869,100,100201,100,99859,100,100231,100,99382,100,100351,100,99364,100,100359,100,99071,100
2019-06-28 09:54:02.830420974,100089,100,100064,301,100143,301,99977,301,100162,401,99957,100,100167,100,99952,100,100179,100,99929,100,100195,100,99869,100,100201,100,99859,100,100231,100,99382,100,100351,100,99364,100,100359,100,99071,100
2019-06-28 09:54:10.000000000,100089,200,100064,200,100143,200,99977,200,100162,300,99957,200,100167,200,99952,200,100179,100,99929,100,100195,100,99869,100,100201,100,99859,100,100231,100,99382,100,100351,100,99364,100,100359,100,99071,100
2019-06-28 09:54:20.000000000,100089,301,100064,301,100143,301,99977,301,100162,200,99957,100,100167,100,99952,100,100179,100,99929,100,100195,100,99869,100,100201,100,99859,100,100231,100,99382,100,100351,100,99364,100,100359,100,99071,100
2019-06-28 09:54:20.440629471,100089,301,100064,201,100143,301,99977,301,100162,200,99957,100,100167,100,99952,100,100179,100,99929,100,100195,100,99869,100,100201,100,99859,100,100231,100,99382,100,100351,100,99364,100,100359,100,99071,100
2019-06-28 09:54:30.000000000,100089,502,99977,502,100143,100,99957,100,100162,200,99952,100,100167,100,99929,100,100179,100,99869,100,100195,100,99859,100,100201,100,99382,100,100231,100,99364,100,100351,100,99071,100,100359,100,98912,100
2019-06-28 09:54:40.000000000,100089,200,99977,200,100143,200,99957,200,100162,300,99952,200,100167,200,99929,200,100179,100,99869,100,100195,100,99859,100,100201,100,99382,100,100231,100,99364,100,100351,100,99071,100,100359,100,98912,100
2019-06-28 09:54:50.000000000,100089,180,99977,180,100143,180,99957,180,100162,280,99952,180,100167,180,99929,180,100179,180,99869,180,100195,100,99859,100,100201,100,99382,100,100231,100,99364,100,100351,100,99071,100,100359,100,98912,100
2019-06-28 09:55:00.000000000,100089,301,99977,301,100143,301,99957,301,100162,200,99952,100,100167,100,99929,100,100179,100,99869,100,100195,100,99859,100,100201,100,99382,100,100231,100,99364,100,100351,100,99071,100,100359,100,98912,100
2019-06-28 09:55:03.893743999,100064,100,99977,301,100089,301,99957,301,100143,301,99952,100,100162,200,99929,100,100167,100,99869,100,100179,100,99859,100,100195,100,99382,100,100201,100,99364,100,100231,100,99071,100,100351,100,98912,100
2019-06-28 09:55:10.000000000,100064,180,99977,180,100089,180,99957,180,100143,180,99952,180,100162,280,99929,180,100167,180,99869,180,100179,100,99859,100,100195,100,99382,100,100201,100,99364,100,100231,100,99071,100,100351,100,98912,100
2019-06-28 09:55:20.000000000,100064,237,99977,237,100089,233,99957,233,100143,233,99952,233,100162,200,99929,100,100167,100,99869,100,100179,100,99859,100,100195,100,99382,100,100201,100,99364,100,100231,100,99071,100,100351,100,98912,100
2019-06-28 09:55:20.980697254,100064,237,99977,237,100089,233,99957,233,100143,233,99952,233,100162,200,99929,100,100167,100,99869,100,100179,100,99859,100,100195,100,99834,100,100201,100,99382,100,100231,100,99364,100,100351,100,98912,100
2019-06-28 09:55:21.742321098,100064,237,99977,137,100089,233,99957,233,100143,233,99952,233,100162,200,99929,100,100179,100,99869,100,100195,100,99859,100,100201,100,99834,100,100231,100,99382,100,100351,100,99364,100,100359,100,98912,100
2019-06-28 09:55:30.000000000,100064,180,99957,180,100089,180,99952,180,100143,180,99929,180,100162,280,99869,180,100179,180,99859,180,100195,100,99834,100,100201,100,99382,100,100231,100,99364,100,100351,100,98912,100,100359,100,98849,100
2019-06-28 09:55:33.173604152,100064,180,99957,180,100089,180,99952,180,100143,180,99929,80,100162,280,99869,180,100179,180,99859,180,100195,100,99834,100,100201,100,99546,100,100231,100,99382,100,100351,100,99364,100,100359,100,98912,100
2019-06-28 09:55:40.000000000,100064,237,99957,237,100089,233,99952,233,100143,233,99869,233,100162,200,99859,100,100179,100,99834,100,100195,100,99546,100,100201,100,99382,100,100231,100,99364,100,100351,100,98912,100,100359,100,98849,100
2019-06-28 09:55:50.000000000,100064,200,99957,200,100089,200,99952,200,100143,200,99869,200,100162,300,99859,200,100179,100,99834,100,100195,100,99546,100,100201,100,99382,100,100231,100,99364,100,100351,100,98912,100,100359,100,98849,100
2019-06-28 09:56:00.000000000,100064,237,99957,237,100089,233,99952,233,100143,233,99869,233,100162,200,99859,100,100179,100,99834,100,100195,100,99546,100,100201,100,99382,100,100231,100,99364,100,100351,100,98912,100,100359,100,98849,100
2019-06-28 09:56:03.029129911,100064,237,99957,237,100089,133,99952,233,100143,233,99869,233,100162,200,99859,100,100179,100,99834,100,100195,100,99546,100,100201,100,99382,100,100231,100,99364,100,100351,100,98912,100,100359,100,98849,100
2019-06-28 09:56:10.000000000,100064,502,99957,502,100143,100,99952,100,100162,200,99869,100,100179,100,99859,100,100195,100,99834,100,100201,100,99546,100,100231,100,99382,100,100351,100,99364,100,100359,100,98912,100,100439,100,98849,100
2019-06-28 09:56:12.450829806,100064,502,99957,402,100143,100,99952,100,100162,200,99869,100,100179,100,99859,100,100195,100,99834,100,100201,100,99546,100,100231,100,99382,100,100351,100,99364,100,100359,100,98912,100,100439,100,98849,100
2019-06-28 09:56:20.000000000,100064,200,99952,200,100143,200,99869,200,100162,300,99859,200,100179,200,99834,200,100195,100,99546,100,100201,100,99382,100,100231,100,99364,100,100351,100,98912,100,100359,100,98849,100,100439,100,98689,100
2019-06-28 09:56:20.985991999,100064,200,99952,100,100143,200,99869,200,100162,300,99859,200,100179,200,99834,200,100195,100,99546,100,100201,100,99364,100,100231,100,98912,100,100351,100,98849,100,100359,100,98689,100,100439,100,,
2019-06-28 09:56:30.000000000,100064,200,99869,200,100143,200,99859,200,100162,300,99834,200,100179,200,99546,200,100195,100,99364,100,100201,100,98912,100,100231,100,98849,100,100351,100,98689,100,100359,100,,,100439,100,,
2019-06-28 09:56:40.000000000,100064,180,99869,180,100143,180,99859,180,100162,280,99834,180,100179,180,99546,180,100195,180,99364,180,100201,100,98912,100,100231,100,98849,100,100351,100,98689,100,100359,100,,,100439,100,,
2019-06-28 09:56:47.852562949,100064,180,99869,180,100143,180,99859,180,100162,280,99834,180,100179,180,99546,180,100195,180,99364,180,100201,100,99061,100,100231,100,98912,100,100351,100,98849,100,100359,100,98689,100,100439,100,,
2019-06-28 09:56:50.000000000,100064,180,99869,180,100143,180,99859,180,100162,280,99834,180,100179,180,99546,180,100195,180,99364,180,100201,100,99061,100,100231,100,98912,100,100351,100,98849,100,100359,100,98689,100,100439,100,,
2019-06-28 09:57:00.000000000,100064,200,99869,200,100143,200,99859,200,100162,300,99834,200,100179,200,99546,200,100195,100,99364,100,100201,100,99061,100,100231,100,98912,100,100351,100,98849,100,100359,100,98689,100,100439,100,,
2019-06-28 09:57:04.448898022,100064,200,99869,100,100143,200,99859,200,100162,300,99834,200,100179,200,99546,200,100195,100,99364,100,100201,100,99061,100,100231,100,98912,100,100351,100,98849,100,100359,100,98689,100,100439,100,,
2019-06-28 09:57:04.639386130,100064,200,99859,200,100143,200,99834,200,100162,300,99546,200,100179,200,99364,100,100195,100,99061,100,100201,100,98912,100,100231,100,98849,100,100351,100,,,100359,100,,,100439,100,,
2019-06-28 09:57:08.094764131,100064,200,99859,200,100143,200,99834,200,100162,300,99546,200,100179,200,99364,100,100195,100,99273,100,100201,100,99061,100,100231,100,98912,100,100351,100,98849,100,100359,100,,,100439,100,,
2019-06-28 09:57:10.000000000,100064,180,99859,180,100143,180,99834,180,100162,280,99546,180,100179,180,99364,180,100195,180,99273,180,100201,100,99061,100,100231,100,98912,100,100351,100,98849,100,100359,100,,,100439,100,,
2019-06-28 09:57:20.000000000,100064,502,99859,502,100143,100,99834,100,100162,200,99546,100,100179,100,99364,100,100195,100,99273,100,100201,100,99061,100,100231,100,98912,100,100351,100,98849,100,100359,100,,,100439,100,,
2019-06-28 09:57:28.030471991,100064,502,99859,502,100143,100,99834,100,100162,200,99546,100,100179,100,99364,100,100195,100,99326,100,100201,100,99273,100,100231,100,99061,100,100351,100,98912,100,100359,100,98849,100,100439,100,,
2019-06-28 09:57:30.000000000,100064,237,99859,237,100143,233,99834,233,100162,333,99546,233,100179,100,99364,100,100195,100,99326,100,100201,100,99273,100,100231,100,99061,100,100351,100,98912,100,100359,100,98849,100,100439,100,,
2019-06-28 09:57:40.000000000,100064,502,99859,502,100143,100,99834,100,100162,200,99546,100,100179,100,99364,100,100195,100,99326,100,100201,100,99273,100,100231,100,99061,100,100351,100,98912,100,100359,100,98849,100,100439,100,,
2019-06-28 09:57:50.000000000,100064,180,99859,180,100143,180,99834,180,100162,280,99546,180,100179,180,99364,180,100195,180,99326,180,100201,100,99273,100,100231,100,99061,100,100351,100,98912,100,100359,100,98849,100,100439,100,,
2019-06-28 09:57:57.871021145,100064,180,99859,80,100143,180,99834,180,100162,280,99546,180,100179,180,99364,180,100195,180,99326,180,100201,100,99273,100,100231,100,99061,100,100351,100,98912,100,100359,100,98849,100,100439,100,,
2019-06-28 09:58:00.000000000,100064,237,99834,237,100143,233,99546,233,100162,333,99364,233,100179,100,99326,100,100195,100,99273,100,100201,100,99061,100,100231,100,98912,100,100351,100,98849,100,100359,100,,,100439,100,,
2019-06-28 09:58:10.000000000,100064,200,99834,200,100143,200,99546,200,100162,300,99364,200,100179,200,99326,200,100195,100,99273,100,100201,100,99061,100,100231,100,98912,100,100351,100,98849,100,100359,100,,,100439,100,,
2019-06-28 09:58:12.646639726,99869,100,99834,200,100064,100,99546,200,100143,200,99364,200,100162,300,99326,200,100179,200,99273,100,100195,100,99061,100,100201,100,98912,100,100231,100,98849,100,100351,100,,,100359,100,,
2019-06-28 09:58:15.652868129,99869,100,99834,200,100064,100,99668,100,100143,200,99546,200,100162,300,99364,200,100179,200,99326,200,100195,100,99273,100,100201,100,99061,100,100231,100,98912,100,100351,100,98849,100,100359,100,,
2019-06-28 09:58:20.000000000,99869,237,99834,237,100143,233,99668,233,100162,333,99546,233,100179,100,99364,100,100195,100,99326,100,100201,100,99273,100,100231,100,99061,100,100351,100,98912,100,100359,100,98849,100,100439,100,,
2019-06-28 09:58:30.000000000,99869,502,99834,502,100143,100,99668,100,100162,200,99546,100,100179,100,99364,100,100195,100,99326,100,100201,100,99273,100,100231,100,99061,100,100351,100,98912,100,100359,100,98849,100,100439,100,,
2019-06-28 09:58:31.969175439,99869,502,99834,502,100143,100,99732,100,100162,200,99668,100,100179,100,99546,100,100195,100,99364,100,100201,100,99326,100,100231,100,99273,100,100351,100,99061,100,100359,100,98912,100,100439,100,98849,100
2019-06-28 09:58:40.000000000,99869,180,99834,180,100143,180,99732,180,100162,280,99668,180,100179,180,99546,180,100195,180,99364,180,100201,100,99326,100,100231,100,99273,100,100351,100,99061,100,100359,100,98912,100,100439,100,98849,100
2019-06-28 09:58:40.200078980,99869,180,99834,180,100143,180,99732,180,100162,280,99668,180,100179,180,99585,100,100195,180,99546,80,100201,100,99364,180,100231,100,99326,100,100351,100,99273,100,100359,100,99061,100,100439,100,98912,100
2019-06-28 09:58:50.000000000,99869,502,99834,502,100143,100,99732,100,100162,200,99668,100,100179,100,99585,100,100195,100,99364,100,100201,100,99326,100,100231,100,99273,100,100351,100,99061,100,100359,100,98912,100,100439,100,98849,100
2019-06-28 09:58:54.049028633,99869,602,99834,502,100143,100,99732,100,100162,200,99668,100,100179,100,99585,100,100195,100,99364,100,100201,100,99326,100,100231,100,99273,100,100351,100,99061,100,100359,100,98912,100,100439,100,98849,100
2019-06-28 09:59:00.000000000,99869,300,99834,200,100143,200,99732,200,100162,300,99668,200,100179,200,99585,200,100195,100,99364,100,100201,100,99326,100,100231,100,99273,100,100351,100,99061,100,100359,100,98912,100,100439,100,98849,100
2019-06-28 09:59:10.000000000,99869,337,99834,237,100143,233,99732,233,100162,333,99668,233,100179,100,99585,100,100195,100,99364,100,100201,100,99326,100,100231,100,99273,100,100351,100,99061,100,100359,100,98912,100,100439,100,98849,100
2019-06-28 09:59:18.270090928,99869,437,99834,237,100143,233,99732,233,100162,333,99668,233,100179,100,99585,100,100195,100,99364,100,100201,100,99326,100,100231,100,99273,100,100351,100,99061,100,100359,100,98912,100,100439,100,98849,100
2019-06-28 09:59:20.000000000,99869,702,99834,502,100143,100,99732,100,100162,200,99668,100,100179,100,99585,100,100195,100,99364,100,100201,100,99326,100,100231,100,99273,100,100351,100,99061,100,100359,100,98912,100,100439,100,98849,100
2019-06-28 09:59:20.385791965,99869,702,99834,502,100143,100,99732,100,100162,200,99668,100,100179,100,99585,100,100195,100,99364,100,100201,100,99326,100,100231,100,99273,100,100351,100,99061,100,100359,100,98912,100,100439,100,98849,100
2019-06-28 09:59:21.812588000,99869,802,99834,502,100143,100,99732,100,100162,200,99668,100,100179,100,99585,100,100195,100,99364,100,100201,100,99326,100,100231,100,99273,100,100351,100,99061,100,100359,100,98912,100,100439,100,98849,100
2019-06-28 09:59:30.000000000,99869,601,99834,301,100143,301,99732,301,100162,200,99668,100,100179,100,99585,100,100195,100,99364,100,100201,100,99326,100,100231,100,99273,100,100351,100,99061,100,100359,100,98912,100,100439,100,98849,100
2019-06-28 09:59:40.000000000,99869,500,99834,200,100143,200,99732,200,100162,300,99668,200,100179,200,99585,200,100195,100,99364,100,100201,100,99326,100,100231,100,99273,100,100351,100,99061,100,100359,100,98912,100,100439,100,98849,100
2019-06-28 09:59:43.876219450,99869,600,99834,200,100143,200,99732,200,100162,300,99668,200,100179,200,99585,200,100195,100,99364,100,100201,100,99326,100,100231,100,99273,100,100351,100,99061,100,100359,100,98912,100,100439,100,98849,100
2019-06-28 09:59:50.000000000,99869,902,99834,502,100143,100,99732,100,100162,200,99668,100,100179,100,99585,100,100195,100,99364,100,100201,100,99326,100,100231,100,99273,100,100351,100,99061,100,100359,100,98912,100,100439,100,98849,100
2019-06-28 10:00:00.000000000,99869,902,99834,502,100143,100,99732,100,100162,200,99668,100,100179,100,99585,100,100195,100,99364,100,100201,100,99326,100,100231,100,99273,100,100351,100,99061,100,100359,100,98912,100,100439,100,98849,100
2019-06-28 10:00:10.000000000,99869,637,99834,237,100143,233,99732,233,100162,333,99668,233,100179,100,99585,100,100195,100,99364,100,100201,100,99326,100,100231,100,99273,100,100351,100,99061,100,100359,100,98912,100,100439,100,98849,100
2019-06-28 10:00:20.000000000,99869,600,99834,200,100143,200,99732,200,100162,300,99668,200,100179,200,99585,200,100195,100,99364,100,100201,100,99326,100,100231,100,99273,100,100351,100,99061,100,100359,100,98912,100,100439,100,98849,100
2019-06-28 10:00:30.000000000,99869,902,99834,502,100143,100,99732,100,100162,200,99668,100,100179,100,99585,100,100195,100,99364,100,100201,100,99326,100,100231,100,99273,100,100351,100,99061,100,100359,100,98912,100,100439,100,98849,100
2019-06-28 10:00:40.000000000,99869,600,99834,200,100143,200,99732,200,100162,300,99668,200,100179,200,99585,200,100195,100,99364,100,100201,100,99326,100,100231,100,99273,100,100351,100,99061,100,100359,100,98912,100,100439,100,98849,100
2019-06-28 10:00:40.101559586,99869,700,99834,200,100143,200,99732,200,100162,200,99668,200,100179,200,99585,200,100195,100,99364,100,100201,100,99326,100,100231,100,99273,100,100351,100,99061,100,100359,100,98912,100,100439,100,98849,100
2019-06-28 10:00:50.000000000,99869,737,99834,237,100143,233,99732,233,100162,233,99668,233,100179,100,99585,100,100195,100,99364,100,100201,100,99326,100,100231,100,99273,100,100351,100,99061,100,100359,100,98912,100,100439,100,98849,100
2019-06-28 10:00:50.538100777,99869,737,99834,137,100143,233,99732,233,100162,233,99668,233,100179,100,99585,100,100195,100,99364,100,100201,100,99326,100,100231,100,99061,100,100351,100,98912,100,100359,100,98849,100,100439,100,,
2019-06-28 10:00:55.539291286,99859,100,99834,137,99869,737,99732,233,100143,233,99668,233,100162,233,99585,100,100179,100,99364,100,100195,100,99326,100,100201,100,99061,100,100231,100,98912,100,100351,100,98849,100,100359,100,,
2019-06-28 10:01:00.000000000,99859,502,99732,502,99869,600,99668,100,100143,100,99585,100,100162,100,99364,100,100179,100,99326,100,100195,100,99061,100,100201,100,98912,100,100231,100,98849,100,100351,100,,,100359,100,,
2019-06-28 10:01:09.811877727,99859,502,99732,402,99869,600,99668,100,100143,100,99585,100,100162,100,99364,100,100179,100,99326,100,100195,100,99061,100,100201,100,98849,100,100231,100,,,100351,100,,,100359,100,,
2019-06-28 10:01:10.000000000,99859,237,99668,237,99869,733,99585,233,100143,233,99364,233,100162,100,99326,100,100179,100,99061,100,100195,100,98849,100,100201,100,,,100231,100,,,100351,100,,,100359,100,,
2019-06-28 10:01:20.000000000,99859,180,99668,180,99869,680,99585,180,100143,180,99364,180,100162,180,99326,180,100179,180,99061,180,100195,100,98849,100,100201,100,,,100231,100,,,100351,100,,,100359,100,,
2019-06-28 10:01:30.000000000,99859,237,99668,237,99869,733,99585,233,100143,233,99364,233,100162,100,99326,100,100179,100,99061,100,100195,100,98849,100,100201,100,,,100231,100,,,100351,100,,,100359,100,,
2019-06-28 10:01:40.000000000,99859,502,99668,502,99869,600,99585,100,100143,100,99364,100,100162,100,99326,100,100179,100,99061,100,100195,100,98849,100,100201,100,,,100231,100,,,100351,100,,,100359,100,,
2019-06-28 10:01:49.422510514,99859,502,99677,100,99869,600,99668,502,100143,100,99585,100,100162,100,99364,100,100179,100,99326,100,100195,100,99061,100,100201,100,98849,100,100231,100,,,100351,100,,,100359,100,,
2019-06-28 10:01:50.000000000,99859,180,99677,180,99869,680,99668,180,100143,180,99585,180,100162,180,99364,180,100179,180,99326,180,100195,100,99061,100,100201,100,98849,100,100231,100,,,100351,100,,,100359,100,,
2019-06-28 10:01:51.725334577,99834,100,99677,180,99859,180,99668,180,99869,680,99585,180,100143,180,99364,180,100162,180,99326,180,100179,180,99061,100,100195,100,98849,100,100201,100,,,100231,100,,,100351,100,,
2019-06-28 10:01:51.959218766,99834,200,99677,180,99859,180,99668,180,99869,680,99585,180,100143,180,99364,180,100162,180,99326,180,100179,180,99061,100,100195,100,98849,100,100201,100,,,100231,100,,,100351,100,,
2019-06-28 10:02:00.000000000,99834,602,99677,502,99859,100,99668,100,99869,600,99585,100,100143,100,99364,100,100162,100,99326,100,100179,100,99061,100,100195,100,98849,100,100201,100,,,100231,100,,,100351,100,,
2019-06-28 10:02:02.576342097,99834,602,99677,502,99859,100,99668,100,99869,600,99585,100,100143,100,99467,100,100162,100,99364,100,100179,100,99326,100,100195,100,99061,100,100201,100,98849,100,100231,100,,,100351,100,,
2019-06-28 10:02:07.609071633,99834,602,99677,502,99859,100,99668,100,99869,600,99631,100,100143,100,99585,100,100162,100,99467,100,100179,100,99364,100,100195,100,99326,100,100201,100,99061,100,100231,100,98849,100,100351,100,,
2019-06-28 10:02:10.000000000,99834,280,99677,180,99859,180,99668,180,99869,680,99631,180,100143,180,99585,180,100162,180,99467,180,100179,100,99364,100,100195,100,99326,100,100201,100,99061,100,100231,100,98849,100,100351,100,,
2019-06-28 10:02:15.301121963,99834,280,99677,180,99859,180,99668,180,99869,680,99631,180,100143,180,99585,180,100162,180,99467,180,100179,100,99364,100,100195,100,99362,100,100201,100,99326,100,100231,100,99061,100,100351,100,98849,100
2019-06-28 10:02:19.698448270,99834,280,99677,180,99859,180,99668,180,99869,680,99631,180,100143,180,99585,180,100162,180,99572,100,100179,100,99467,180,100195,100,99364,100,100201,100,99362,100,100231,100,99326,100,100351,100,99061,100
2019-06-28 10:02:20.000000000,99834,401,99677,301,99859,301,99668,301,99869,600,99631,100,100143,100,99585,100,100162,100,99572,100,100179,100,99467,100,100195,100,99364,100,100201,100,99362,100,100231,100,99326,100,100351,100,99061,100
2019-06-28 10:02:22.777711144,99834,401,99677,301,99859,301,99668,301,99869,600,99631,100,100143,100,99585,100,100162,100,99572,100,100179,100,99467,100,100195,100,99364,100,100231,100,99362,100,100351,100,99334,100,100359,100,99326,100
2019-06-28 10:02:30.000000000,99834,401,99677,301,99859,301,99668,301,99869,600,99631,100,100143,100,99585,100,100162,100,99572,100,100179,100,99467,100,100195,100,99364,100,100231,100,99362,100,100351,100,99334,100,100359,100,99326,100
2019-06-28 10:02:40.000000000,99834,602,99677,502,99859,100,99668,100,99869,600,99631,100,100143,100,99585,100,100162,100,99572,100,100179,100,99467,100,100195,100,99364,100,100231,100,99362,100,100351,100,99334,100,100359,100,99326,100
2019-06-28 10:02:50.000000000,99834,602,99677,502,99859,100,99668,100,99869,600,99631,100,100143,100,99585,100,100162,100,99572,100,100179,100,99467,100,100195,100,99364,100,100231,100,99362,100,100351,100,99334,100,100359,100,99326,100
2019-06-28 10:03:00.000000000,99834,300,99677,200,99859,200,99668,200,99869,700,99631,200,100143,200,99585,200,100162,100,99572,100,100179,100,99467,100,100195,100,99364,100,100231,100,99362,100,100351,100,99334,100,100359,100,99326,100
2019-06-28 10:03:10.000000000,99834,337,99677,237,99859,233,99668,233,99869,733,99631,233,100143,100,99585,100,100162,100,99572,100,100179,100,99467,100,100195,100,99364,100,100231,100,99362,100,100351,100,99334,100,100359,100,99326,100
2019-06-28 10:03:20.000000000,99834,602,99677,502,99859,100,99668,100,99869,600,99631,100,100143,100,99585,100,100162,100,99572,100,100179,100,99467,100,100195,100,99364,100,100231,100,99362,100,100351,100,99334,100,100359,100,99326,100
2019-06-28 10:03:24.450890270,99834,602,99677,402,99859,100,99668,100,99869,600,99631,100,100143,100,99585,100,100162,100,99572,100,100179,100,99467,100,100195,100,99364,100,100231,100,99362,100,100351,100,99334,100,100359,100,99326,100
2019-06-28 10:03:30.000000000,99834,401,99668,301,99859,301,99631,301,99869,600,99585,100,100143,100,99572,100,100162,100,99467,100,100179,100,99364,100,100195,100,99362,100,100231,100,99334,100,100351,100,99326,100,100359,100,99061,100
2019-06-28 10:03:33.011042999,99834,401,99668,301,99859,301,99631,301,99869,600,99585,100,100143,100,99572,100,100162,100,99467,100,100179,100,99364,100,100195,100,99362,100,100231,100,99334,100,100351,100,99326,100,100359,100,99061,100
2019-06-28 10:03:34.490806980,99834,401,99668,301,99859,301,99631,301,99869,600,99585,100,100143,100,99467,100,100162,100,99364,100,100179,100,99362,100,100195,100,99334,100,100231,100,99326,100,100351,100,99090,100,100359,100,99061,100
2019-06-28 10:03:40.000000000,99834,602,99668,502,99859,100,99631,100,99869,600,99585,100,100143,100,99467,100,100162,100,99364,100,100179,100,99362,100,100195,100,99334,100,100231,100,99326,100,100351,100,99090,100,100359,100,99061,100
2019-06-28 10:03:42.458648958,99834,602,99668,502,99859,100,99631,100,99869,600,99585,100,100143,100,99467,100,100162,100,99364,100,100179,100,99362,100,100195,100,99334,100,100231,100,99326,100,100351,100,99090,100,100359,100,99061,100
2019-06-28 10:03:47.898659871,99732,100,99668,502,99834,602,99631,100,99859,100,99585,100,99869,600,99467,100,100143,100,99364,100,100162,100,99362,100,100179,100,99334,100,100195,100,99326,100,100231,100,99090,100,100351,100,99061,100
2019-06-28 10:03:50.000000000,99732,502,99668,502,99834,200,99631,100,99859,100,99585,100,99869,600,99467,100,100143,100,99364,100,100162,100,99362,100,100179,100,99334,100,100195,100,99326,100,100231,100,99090,100,100351,100,99061,100
2019-06-28 10:04:00.000000000,99732,301,99668,301,99834,401,99631,301,99859,100,99585,100,99869,600,99467,100,100143,100,99364,100,100162,100,99362,100,100179,100,99334,100,100195,100,99326,100,100231,100,99090,100,100351,100,99061,100
2019-06-28 10:04:00.088499663,99732,301,99668,201,99834,401,99631,301,99859,100,99585,100,99869,600,99467,100,100143,100,99362,100,100162,100,99334,100,100179,100,99326,100,100195,100,99090,100,100231,100,99061,100,100351,100,98849,100
2019-06-28 10:04:01.308639219,99732,301,99668,201,99834,401,99631,301,99859,100,99585,100,99869,600,99467,100,100143,100,99362,100,100162,100,99334,100,100179,100,99326,100,100195,100,99305,100,100231,100,99090,100,100351,100,99061,100
2019-06-28 10:04:06.389771601,99732,301,99668,201,99834,401,99631,301,99859,100,99585,100,99869,600,99467,100,100143,100,99362,100,100162,100,99334,100,100179,100,99326,100,100195,100,99305,100,100231,100,99090,100,100351,100,99061,100
2019-06-28 10:04:10.000000000,99732,180,99631,180,99834,280,99585,180,99859,180,99467,180,99869,680,99362,180,100143,180,99334,180,100162,100,99326,100,100179,100,99305,100,100195,100,99090,100,100231,100,99061,100,100351,100,98975,100
2019-06-28 10:04:20.000000000,99732,180,99631,180,99834,280,99585,180,99859,180,99467,180,99869,680,99362,180,100143,180,99334,180,100162,100,99326,100,100179,100,99305,100,100195,100,99090,100,100231,100,99061,100,100351,100,98975,100
2019-06-28 10:04:24.476697820,99677,100,99631,180,99732,180,99585,180,99834,280,99467,180,99859,180,99362,180,99869,680,99334,180,100143,180,99326,100,100162,100,99305,100,100179,100,99090,100,100195,100,99061,100,100231,100,98975,100
2019-06-28 10:04:30.000000000,99677,200,99631,200,99732,200,99585,200,99834,300,99467,200,99859,200,99362,200,99869,600,99334,100,100143,100,99326,100,100162,100,99305,100,100179,100,99090,100,100195,100,99061,100,100231,100,98975,100
2019-06-28 10:04:40.000000000,99677,502,99631,502,99732,100,99585,100,99834,200,99467,100,99859,100,99362,100,99869,600,99334,100,100143,100,99326,100,100162,100,99305,100,100179,100,99090,100,100195,100,99061,100,100231,100,98975,100
2019-06-28 10:04:50.000000000,99677,180,99631,180,99732,180,99585,180,99834,280,99467,180,99859,180,99362,180,99869,680,99334,180,100143,100,99326,100,100162,100,99305,100,100179,100,99090,100,100195,100,99061,100,100231,100,98975,100
2019-06-28 10:04:55.173279898,99677,180,99631,180,99732,180,99585,180,99834,280,99467,180,99859,180,99362,180,99869,680,99334,180,100143,100,99326,100,100162,100,99305,100,100179,100,99090,100,100195,100,99061,100,100231,100,98975,100
2019-06-28 10:05:00.000000000,99677,200,99631,200,99732,200,99585,200,99834,300,99467,200,99859,200,99362,200,99869,600,99334,100,100143,100,99326,100,100162,100,99305,100,100179,100,99090,100,100195,100,99061,100,100231,100,98975,100
2019-06-28 10:05:10.000000000,99677,180,99631,180,99732,180,99585,180,99834,280,99467,180,99859,180,99362,180,99869,680,99334,180,100143,100,99326,100,100162,100,99305,100,100179,100,99090,100,100195,100,99061,100,100231,100,98975,100
2019-06-28 10:05:14.747228941,99677,180,99631,180,99732,180,99585,180,99834,280,99467,180,99859,180,99362,180,99869,680,99334,180,100143,100,99326,100,100162,100,99305,100,100179,100,99123,100,100195,100,99090,100,100231,100,99061,100
2019-06-28 10:05:20.000000000,99677,180,99631,180,99732,180,99585,180,99834,280,99467,180,99859,180,99362,180,99869,680,99334,180,100143,100,99326,100,100162,100,99305,100,100179,100,99123,100,100195,100,99090,100,100231,100,99061,100
2019-06-28 10:05:30.000000000,99677,301,99631,301,99732,301,99585,301,99834,200,99467,100,99859,100,99362,100,99869,600,99334,100,100143,100,99326,100,100162,100,99305,100,100179,100,99123,100,100195,100,99090,100,100231,100,99061,100
2019-06-28 10:05:38.910157576,99677,301,99631,301,99732,301,99585,301,99834,200,99467,100,99859,100,99431,100,99869,600,99362,100,100143,100,99334,100,100162,100,99326,100,100179,100,99305,100,100195,100,99123,100,100231,100,99090,100
2019-06-28 10:05:40.000000000,99677,237,99631,237,99732,233,99585,233,99834,333,99467,233,99859,100,99431,100,99869,600,99362,100,100143,100,99334,100,100162,100,99326,100,100179,100,99305,100,100195,100,99123,100,100231,100,99090,100
2019-06-28 10:05:41.200492913,99677,237,99631,237,99732,233,99585,233,99834,333,99467,233,99859,100,99431,100,99869,600,99362,100,100143,100,99339,100,100162,100,99334,100,100179,100,99326,100,100195,100,99305,100,100231,100,99123,100
2019-06-28 10:05:50.000000000,99677,180,99631,180,99732,180,99585,180,99834,280,99467,180,99859,180,99431,180,99869,680,99362,180,100143,100,99339,100,100162,100,99334,100,100179,100,99326,100,100195,100,99305,100,100231,100,99123,100
2019-06-28 10:06:00.000000000,99677,180,99631,180,99732,180,99585,180,99834,280,99467,180,99859,180,99431,180,99869,680,99362,180,100143,100,99339,100,100162,100,99334,100,100179,100,99326,100,100195,100,99305,100,100231,100,99123,100
2019-06-28 10:06:10.000000000,99677,301,99631,301,99732,301,99585,301,99834,200,99467,100,99859,100,99431,100,99869,600,99362,100,100143,100,99339,100,100162,100,99334,100,100179,100,99326,100,100195,100,99305,100,100231,100,99123,100
2019-06-28 10:06:15.756669839,99677,401,99631,301,99732,301,99585,301,99834,200,99467,100,99859,100,99431,100,99869,500,99362,100,100143,100,99339,100,100162,100,99334,100,100179,100,99326,100,100195,100,99305,100,100231,100,99123,100
2019-06-28 10:06:17.646266670,99677,401,99631,301,99732,301,99585,301,99834,200,99467,100,99859,100,99431,100,99869,500,99362,100,100143,100,99339,100,100162,100,99334,100,100179,100,99326,100,100195,100,99305,100,100231,100,99247,100
2019-06-28 10:06:20.000000000,99677,401,99631,301,99732,301,99585,301,99834,200,99467,100,99859,100,99431,100,99869,500,99362,100,100143,100,99339,100,100162,100,99334,100,100179,100,99326,100,100195,100,99305,100,100231,100,99247,100
2019-06-28 10:06:30.000000000,99677,280,99631,180,99732,180,99585,180,99834,280,99467,180,99859,180,99431,180,99869,580,99362,180,100143,100,99339,100,100162,100,99334,100,100179,100,99326,100,100195,100,99305,100,100231,100,99247,100
2019-06-28 10:06:31.196487096,99677,280,99631,180,99732,180,99585,180,99834,280,99467,180,99859,180,99431,180,99869,580,99362,180,100001,100,99339,100,100143,100,99334,100,100162,100,99326,100,100179,100,99305,100,100195,100,99247,100
2019-06-28 10:06:32.693070711,99677,180,99631,180,99732,180,99585,180,99834,280,99467,180,99859,180,99431,180,99869,580,99362,180,100001,100,99339,100,100143,100,99334,100,100162,100,99305,100,100179,100,99247,100,100195,100,99090,100
2019-06-28 10:06:40.000000000,99677,502,99631,502,99732,100,99585,100,99834,200,99467,100,99859,100,99431,100,99869,500,99362,100,100001,100,99339,100,100143,100,99334,100,100162,100,99305,100,100179,100,99247,100,100195,100,99090,100
2019-06-28 10:06:50.000000000,99677,301,99631,301,99732,301,99585,301,99834,200,99467,100,99859,100,99431,100,99869,500,99362,100,100001,100,99339,100,100143,100,99334,100,100162,100,99305,100,100179,100,99247,100,100195,100,99090,100
2019-06-28 10:06:54.851939864,99677,301,99631,301,99732,301,99585,301,99834,200,99467,100,99859,100,99431,100,99869,500,99362,100,100001,100,99339,100,100143,100,99334,100,100162,100,99305,100,100179,100,99247,100,100195,100,99090,100
2019-06-28 10:07:00.000000000,99677,200,99631,200,99732,200,99585,200,99834,300,99467,200,99859,200,99431,200,99869,500,99362,100,100001,100,99339,100,100143,100,99334,100,100162,100,99305,100,100179,100,99247,100,100195,100,99090,100
2019-06-28 10:07:08.477260252,99677,100,99631,200,99732,200,99585,200,99834,300,99467,200,99859,200,99431,200,99869,500,99362,100,100001,100,99339,100,100143,100,99334,100,100162,100,99305,100,100195,100,99247,100,100341,100,99090,100
2019-06-28 10:07:10.000000000,99732,502,99631,502,99834,200,99585,100,99859,100,99467,100,99869,500,99431,100,100001,100,99362,100,100143,100,99339,100,100162,100,99334,100,100195,100,99305,100,100341,100,99247,100,100351,100,99090,100
2019-06-28 10:07:20.000000000,99732,502,99631,502,99834,200,99585,100,99859,100,99467,100,99869,500,99431,100,100001,100,99362,100,100143,100,99339,100,100162,100,99334,100,100195,100,99305,100,100341,100,99247,100,100351,100,99090,100
2019-06-28 10:07:22.158668905,99732,402,99631,502,99834,200,99585,100,99859,100,99467,100,99869,500,99431,100,100001,100,99362,100,100143,100,99339,100,100162,100,99334,100,100195,100,99305,100,100341,100,99247,100,100351,100,99090,100
2019-06-28 10:07:28.901931872,99732,302,99631,502,99834,200,99585,100,99859,100,99467,100,99869,500,99362,100,100001,100,99339,100,100143,100,99334,100,100162,100,99305,100,100195,100,99247,100,100341,100,99090,100,100351,100,99061,100
2019-06-28 10:07:30.000000000,99834,337,99631,237,99859,233,99585,233,99869,633,99467,233,100001,100,99362,100,100143,100,99339,100,100162,100,99334,100,100195,100,99305,100,100341,100,99247,100,100351,100,99090,100,100359,100,99061,100
2019-06-28 10:07:40.000000000,99834,300,99631,200,99859,200,99585,200,99869,600,99467,200,100001,200,99362,200,100143,100,99339,100,100162,100,99334,100,100195,100,99305,100,100341,100,99247,100,100351,100,99090,100,100359,100,99061,100
