,ask_price_1,ask_size_1,bid_price_1,bid_size_1,ask_price_2,ask_size_2,bid_price_2,bid_size_2,ask_price_3,ask_size_3,bid_price_3,bid_size_3,ask_price_4,ask_size_4,bid_price_4,bid_size_4,ask_price_5,ask_size_5,bid_price_5,bid_size_5,ask_price_6,ask_size_6,bid_price_6,bid_size_6,ask_price_7,ask_size_7,bid_price_7,bid_size_7,ask_price_8,ask_size_8,bid_price_8,bid_size_8,ask_price_9,ask_size_9,bid_price_9,bid_size_9,ask_price_10,ask_size_10,bid_price_10,bid_size_10
2019-06-28 09:30:00.000000000,100132,100,,,100195,100,,,,,,,,,,,,,,,,,,,,,,,,,,,,,,,,,,
2019-06-28 09:30:00.000000001,100132,100,99863,100,100195,100,,,,,,,,,,,,,,,,,,,,,,,,,,,,,,,,,,
2019-06-28 09:30:00.000000002,100043,100,99863,100,100132,100,,,100195,100,,,,,,,,,,,,,,,,,,,,,,,,,,,,,,
2019-06-28 09:30:00.000000004,100032,100,99870,100,100043,100,99863,100,100132,100,,,100195,100,,,,,,,,,,,,,,,,,,,,,,,,,,
2019-06-28 09:30:00.000000005,100016,100,99870,100,100032,100,99863,100,100043,100,,,100132,100,,,100195,100,,,,,,,,,,,,,,,,,,,,,,
2019-06-28 09:30:00.000000011,100016,100,99918,100,100032,100,99870,100,100043,100,99863,100,100074,100,,,100132,100,,,100195,100,,,,,,,,,,,,,,,,,,
2019-06-28 09:30:00.000000012,100016,100,99918,100,100032,100,99906,100,100043,100,99870,100,100053,100,99863,100,100074,100,,,100102,100,,,100116,100,,,100132,100,,,100195,100,,,,,,
2019-06-28 09:30:00.000000013,100016,100,99918,100,100032,100,99906,100,100043,100,99904,100,100053,100,99870,100,100074,100,99863,100,100102,100,,,100116,100,,,100131,100,,,100132,100,,,100195,100,,
2019-06-28 09:30:00.000000014,100016,100,99918,100,100032,100,99906,100,100043,100,99904,100,100053,100,99870,100,100074,100,99863,100,100102,100,,,100106,100,,,100116,100,,,100131,100,,,100132,100,,
2019-06-28 09:30:00.000000016,100016,100,99962,100,100032,100,99918,100,100043,100,99906,100,100053,100,99904,100,100074,100,99870,100,100102,100,99863,100,100106,100,,,100116,100,,,100131,100,,,100132,100,,
2019-06-28 09:30:00.000000017,100016,100,99989,100,100032,100,99962,100,100043,100,99918,100,100053,100,99906,100,100074,100,99904,100,100102,100,99870,100,100106,100,99863,100,100116,100,,,100131,100,,,100132,100,,
2019-06-28 09:30:00.000000018,100016,100,99989,100,100032,100,99986,100,100043,100,99962,100,100053,100,99918,100,100055,100,99916,100,100074,100,99906,100,100102,100,99904,100,100106,100,99870,100,100116,100,99863,100,100131,100,,
2019-06-28 09:30:00.000000019,100016,100,99986,100,100032,100,99962,100,100043,100,99918,100,100053,100,99916,100,100055,100,99906,100,100074,100,99904,100,100102,100,99870,100,100106,100,99863,100,100116,100,,,100131,100,,
2019-06-28 09:30:00.000000020,100016,100,99986,100,100032,100,99962,100,100043,100,99918,100,100053,100,99916,100,100055,100,99906,100,100074,100,99904,100,100102,100,99873,100,100106,100,99870,100,100116,100,99863,100,100131,100,,
2019-06-28 09:30:00.000000021,100016,100,99986,100,100032,100,99962,100,100043,100,99918,100,100053,100,99916,100,100055,100,99906,100,100074,100,99904,100,100102,100,99873,100,100106,100,99870,100,100116,100,99863,100,100131,100,99782,100
2019-06-28 09:30:00.000000024,100016,100,99986,100,100032,100,99962,100,100043,100,99927,100,100053,100,99918,100,100055,100,99916,100,100074,100,99906,100,100102,100,99904,100,100106,100,99873,100,100116,100,99870,100,100131,100,99863,100
2019-06-28 09:30:00.000000031,100016,100,99986,100,100032,100,99962,100,100043,100,99927,100,100053,100,99918,100,100055,100,99916,100,100074,100,99906,100,100102,100,99904,100,100106,100,99892,100,100116,100,99873,100,100131,100,99870,100
2019-06-28 09:30:00.000000032,100016,100,99986,100,100032,100,99962,100,100043,100,99947,100,100053,100,99927,100,100055,100,99918,100,100074,100,99916,100,100102,100,99906,100,100106,100,99904,100,100116,100,99892,100,100131,100,99873,100
2019-06-28 09:30:00.000000034,100016,100,99986,100,100032,100,99962,100,100043,100,99947,100,100053,100,99927,100,100055,100,99918,100,100074,100,99916,100,100076,100,99906,100,100102,100,99904,100,100106,100,99892,100,100116,100,99873,100
2019-06-28 09:30:00.000000035,100016,100,99986,100,100032,100,99962,100,100043,100,99947,100,100053,100,99927,100,100055,100,99918,100,100074,100,99916,100,100076,100,99906,100,100102,100,99904,100,100106,200,99892,100,100116,100,99873,100
2019-06-28 09:30:00.000000036,100016,100,99986,100,100017,100,99962,100,100032,100,99947,100,100043,100,99927,100,100053,100,99918,100,100055,100,99916,100,100074,100,99906,100,100076,100,99904,100,100102,100,99892,100,100106,200,99873,100
2019-06-28 09:30:00.000000042,100016,100,99986,100,100017,100,99962,100,100032,100,99947,100,100043,100,99927,100,100053,100,99918,100,100055,100,99916,100,100074,100,99906,100,100076,100,99904,100,100094,100,99892,100,100102,100,99873,100
2019-06-28 09:30:00.000000044,99999,100,99986,100,100016,100,99962,100,100017,100,99947,100,100032,100,99927,100,100043,100,99918,100,100053,100,99916,100,100055,100,99906,100,100074,100,99904,100,100076,100,99892,100,100094,100,99873,100
2019-06-28 09:30:00.000000047,99999,100,99986,100,100016,100,99962,100,100017,100,99947,100,100032,100,99940,100,100043,100,99927,100,100053,100,99918,100,100055,100,99916,100,100074,100,99906,100,100076,100,99904,100,100094,100,99892,100
2019-06-28 09:30:00.000000049,99999,100,99986,100,100016,100,99973,100,100017,100,99962,100,100032,100,99947,100,100043,100,99940,100,100053,100,99927,100,100055,100,99918,100,100074,100,99916,100,100076,100,99906,100,100078,100,99904,100
2019-06-28 09:30:00.000000053,99999,100,99986,100,100016,100,99973,100,100017,100,99962,100,100032,100,99947,100,100043,100,99940,100,100053,100,99927,100,100055,100,99918,100,100057,100,99916,100,100070,100,99906,100,100074,100,99904,100
2019-06-28 09:30:00.000000055,99999,100,99986,100,100016,100,99973,100,100017,100,99962,100,100032,100,99947,100,100043,100,99940,100,100053,100,99927,100,100055,100,99925,100,100057,100,99918,100,100070,100,99916,200,100074,100,99906,100
2019-06-28 09:30:00.000000057,99987,100,99986,100,99999,100,99973,100,100016,100,99962,100,100017,100,99947,100,100032,100,99940,100,100043,100,99927,100,100053,100,99925,100,100055,100,99918,100,100057,100,99916,200,100069,100,99906,100
2019-06-28 09:30:00.000000058,99987,100,99986,100,99999,100,99973,100,100016,100,99962,100,100017,100,99949,100,100032,100,99947,100,100043,100,99940,100,100053,100,99927,100,100055,100,99925,100,100057,100,99918,100,100069,100,99916,200
2019-06-28 09:30:00.000000059,99987,100,99986,100,99999,100,99973,100,100016,100,99962,100,100017,100,99949,100,100032,100,99947,100,100043,100,99940,100,100053,100,99927,100,100055,100,99925,100,100057,100,99918,100,100069,100,99916,200
2019-06-28 09:30:00.000000063,99987,100,99986,100,99999,100,99973,100,100016,100,99962,100,100017,100,99956,100,100032,100,99949,100,100043,100,99947,100,100053,100,99940,100,100055,100,99927,100,100057,100,99925,100,100069,100,99918,100
2019-06-28 09:30:00.000000065,99987,100,99986,100,99999,100,99973,100,100016,100,99972,100,100017,100,99962,100,100032,100,99956,100,100043,100,99949,100,100053,100,99947,100,100055,100,99940,100,100057,100,99927,100,100069,100,99925,100
2019-06-28 09:30:00.000000066,99987,100,99973,100,99999,100,99972,100,100016,100,99964,100,100017,100,99962,100,100032,100,99956,100,100043,100,99949,100,100053,100,99947,100,100055,100,99940,100,100057,100,99927,100,100069,100,99925,100
2019-06-28 09:30:00.000000068,99987,100,99973,100,99999,100,99972,100,100016,100,99964,100,100017,100,99962,100,100032,100,99956,100,100035,100,99949,100,100043,100,99947,100,100053,100,99940,100,100055,100,99927,100,100057,100,99925,100
2019-06-28 09:30:00.000000069,99999,100,99986,100,100016,100,99973,100,100017,100,99972,100,100032,100,99964,100,100035,100,99962,100,100043,100,99956,100,100053,100,99949,100,100055,100,99947,100,100057,100,99940,100,100069,100,99927,100
2019-06-28 09:30:00.000000070,99999,100,99986,100,100016,100,99973,100,100017,100,99972,100,100032,100,99964,100,100035,100,99962,100,100043,100,99956,100,100053,100,99949,100,100055,100,99947,100,100057,100,99940,100,100060,100,99927,100
2019-06-28 09:30:00.000000072,99999,100,99986,100,100016,100,99973,100,100017,100,99972,100,100032,100,99964,100,100035,100,99962,100,100043,100,99956,100,100049,100,99949,100,100053,100,99947,100,100055,100,99940,100,100057,100,99927,100
2019-06-28 09:30:00.000000074,99999,100,99986,100,100016,100,99973,100,100017,100,99972,100,100032,100,99964,100,100035,100,99962,100,100043,100,99956,100,100049,100,99949,100,100053,100,99947,100,100055,100,99940,100,100057,100,99927,100
2019-06-28 09:30:00.000000075,99999,100,99986,100,100016,100,99973,100,100017,100,99972,100,100032,100,99964,100,100035,100,99962,100,100037,100,99956,100,100043,100,99949,100,100049,100,99947,100,100053,100,99940,100,100055,100,99927,100
2019-06-28 09:30:00.000000078,99987,100,99986,100,99999,100,99973,100,100016,100,99972,100,100017,100,99964,100,100032,100,99962,100,100035,100,99956,100,100037,100,99949,100,100043,100,99947,100,100049,100,99940,100,100053,100,99927,100
2019-06-28 09:30:00.000000079,99987,100,99986,100,99999,100,99973,100,100016,100,99972,100,100017,100,99964,100,100032,100,99962,100,100035,100,99956,100,100037,100,99949,100,100043,100,99947,100,100049,100,99940,100,100053,100,99927,100
2019-06-28 09:30:00.000000085,99987,100,99986,200,99999,100,99973,100,100016,100,99972,100,100017,100,99964,100,100032,100,99962,100,100035,100,99956,100,100037,100,99949,100,100043,100,99947,100,100049,100,99940,100,100053,100,99927,100
2019-06-28 09:30:00.000000087,99987,100,99986,200,99999,100,99973,100,100016,100,99972,100,100017,100,99964,100,100032,100,99962,100,100035,100,99956,100,100037,100,99949,100,100043,100,99947,100,100049,100,99940,100,100053,100,99927,100
2019-06-28 09:30:00.000000089,99987,100,99986,200,99999,100,99973,100,100016,100,99972,100,100017,100,99964,100,100032,100,99962,100,100035,100,99956,100,100037,100,99949,100,100043,100,99947,100,100049,100,99940,100,100053,100,99927,100
2019-06-28 09:30:00.000000092,99987,100,99986,300,99999,100,99973,100,100016,100,99972,100,100017,100,99964,100,100032,100,99962,100,100035,100,99956,100,100037,100,99949,100,100043,100,99947,100,100049,100,99940,100,100053,100,99927,100
2019-06-28 09:30:00.000000093,99987,100,99986,300,99999,100,99973,100,100016,100,99972,100,100017,100,99964,100,100032,100,99962,100,100035,100,99956,100,100037,100,99949,100,100043,100,99947,100,100049,100,99940,100,100053,100,99927,100
2019-06-28 09:30:00.000000095,99987,100,99986,300,99999,100,99973,100,100005,100,99972,100,100014,100,99964,100,100016,100,99962,100,100017,100,99956,100,100032,100,99949,100,100035,100,99947,100,100037,100,99940,100,100043,100,99927,100
2019-06-28 09:30:00.000000096,99987,100,99986,300,99999,100,99973,100,100005,100,99972,100,100014,100,99964,100,100016,100,99962,100,100017,100,99956,100,100024,100,99949,100,100032,100,99947,100,100035,100,99940,100,100037,100,99927,100
2019-06-28 09:30:00.000000098,99987,100,99986,300,99999,100,99985,100,100005,100,99973,100,100014,100,99972,100,100016,100,99964,100,100017,100,99962,100,100024,100,99956,100,100032,100,99949,100,100035,100,99947,100,100037,100,99940,100
2019-06-28 09:30:09.201100816,99987,100,99986,300,99999,100,99985,100,100005,100,99973,100,100014,100,99972,100,100016,100,99964,100,100017,100,99962,100,100024,100,99956,100,100032,100,99949,100,100035,100,99947,100,100037,100,99940,100
2019-06-28 09:30:10.000000000,99987,220,99986,420,99999,220,99985,220,100005,220,99973,220,100014,220,99972,220,100016,100,99964,100,100017,100,99962,100,100024,100,99956,100,100032,100,99949,100,100035,100,99947,100,100037,100,99940,100
2019-06-28 09:30:19.944212025,99987,120,99986,420,99999,220,99985,220,100005,220,99973,220,100014,220,99972,220,100016,100,99964,100,100017,100,99962,100,100024,100,99956,100,100032,100,99949,100,100035,100,99947,100,100037,100,99940,100
2019-06-28 09:30:20.000000000,99999,196,99986,396,100005,196,99985,196,100014,196,99973,196,100016,196,99972,196,100017,196,99964,196,100024,100,99962,100,100032,100,99956,100,100035,100,99949,100,100037,100,99947,100,100043,100,99940,100
2019-06-28 09:30:23.169415925,99999,196,99987,100,100005,196,99986,396,100014,196,99985,196,100016,196,99973,196,100017,196,99972,196,100024,100,99964,196,100032,100,99962,100,100035,100,99956,100,100037,100,99949,100,100043,100,99947,100
2019-06-28 09:30:24.577033809,99999,196,99986,396,100005,196,99985,196,100014,196,99973,196,100016,196,99972,196,100017,196,99964,196,100024,100,99962,100,100032,100,99956,100,100035,100,99949,100,100043,100,99947,100,100049,100,99940,100
2019-06-28 09:30:30.000000000,99999,220,99986,420,100005,220,99985,220,100014,220,99973,220,100016,220,99972,220,100017,100,99964,100,100024,100,99962,100,100032,100,99956,100,100035,100,99949,100,100043,100,99947,100,100049,100,99940,100
2019-06-28 09:30:37.450814192,99999,220,99987,100,100005,220,99986,420,100014,220,99985,220,100016,220,99973,220,100017,100,99972,220,100024,100,99964,100,100032,100,99962,100,100035,100,99956,100,100043,100,99947,100,100049,100,99940,100
2019-06-28 09:30:40.000000000,99999,220,99987,220,100005,220,99986,420,100014,220,99985,220,100016,220,99973,220,100017,100,99972,100,100024,100,99964,100,100032,100,99962,100,100035,100,99956,100,100043,100,99947,100,100049,100,99940,100
2019-06-28 09:30:50.000000000,99999,263,99987,263,100005,258,99986,458,100014,258,99985,258,100016,100,99973,100,100017,100,99972,100,100024,100,99964,100,100032,100,99962,100,100035,100,99956,100,100043,100,99947,100,100049,100,99940,100
2019-06-28 09:31:00.000000000,99999,263,99987,263,100005,258,99986,458,100014,258,99985,258,100016,100,99973,100,100017,100,99972,100,100024,100,99964,100,100032,100,99962,100,100035,100,99956,100,100043,100,99947,100,100049,100,99940,100
2019-06-28 09:31:09.553425063,99999,263,99987,263,100005,258,99986,458,100014,258,99985,258,100016,100,99973,100,100017,100,99964,100,100024,100,99962,100,100032,100,99956,100,100035,100,99947,100,100043,100,99940,100,100049,100,99927,100
2019-06-28 09:31:10.000000000,99999,196,99987,196,100005,196,99986,396,100014,196,99985,196,100016,196,99973,196,100017,196,99964,196,100024,100,99962,100,100032,100,99956,100,100035,100,99947,100,100043,100,99940,100,100049,100,99927,100
2019-06-28 09:31:11.707978061,99999,196,99987,196,100005,196,99986,396,100014,196,99985,196,100016,196,99973,196,100017,196,99964,196,100024,100,99962,100,100032,100,99956,100,100035,100,99947,100,100043,100,99940,100,100049,100,99927,100
2019-06-28 09:31:20.000000000,99999,220,99987,220,100005,220,99986,420,100014,220,99985,220,100016,220,99973,220,100017,100,99964,100,100024,100,99962,100,100032,100,99956,100,100035,100,99947,100,100043,100,99940,100,100049,100,99927,100
2019-06-28 09:31:27.978541854,99999,220,99987,220,100005,220,99986,420,100014,220,99985,220,100016,220,99973,220,100017,100,99964,100,100024,100,99962,100,100032,100,99956,100,100035,100,99947,100,100043,100,99940,100,100049,100,99927,100
2019-06-28 09:31:30.000000000,99999,340,99987,340,100005,340,99986,540,100014,100,99985,100,100016,100,99973,100,100017,100,99964,100,100024,100,99962,100,100032,100,99956,100,100035,100,99947,100,100043,100,99940,100,100049,100,99927,100
2019-06-28 09:31:40.000000000,99999,340,99987,340,100005,340,99986,540,100014,100,99985,100,100016,100,99973,100,100017,100,99964,100,100024,100,99962,100,100032,100,99956,100,100035,100,99947,100,100043,100,99940,100,100049,100,99927,100
2019-06-28 09:31:40.092502279,99999,240,99987,340,100005,340,99986,540,100014,100,99985,100,100016,100,99973,100,100017,100,99964,100,100024,100,99962,100,100032,100,99947,100,100035,100,99940,100,100043,100,99927,100,100049,100,99925,100
2019-06-28 09:31:44.204968081,99999,240,99987,340,100005,340,99986,540,100014,100,99985,100,100016,100,99973,100,100017,100,99964,100,100024,100,99962,100,100032,100,99947,100,100043,100,99940,100,100049,100,99927,100,100053,100,99925,100
2019-06-28 09:31:50.000000000,100005,263,99987,263,100014,258,99986,458,100016,258,99985,258,100017,100,99973,100,100024,100,99964,100,100032,100,99962,100,100043,100,99947,100,100049,100,99940,100,100053,100,99927,100,100055,100,99925,100
2019-06-28 09:31:57.229706471,100005,263,99987,263,100014,258,99986,458,100016,258,99985,258,100017,100,99973,100,100024,100,99964,100,100032,100,99962,100,100043,100,99940,100,100049,100,99927,100,100053,100,99925,100,100055,100,99918,100
2019-06-28 09:32:00.000000000,100005,263,99987,263,100014,258,99986,458,100016,258,99985,258,100017,100,99973,100,100024,100,99964,100,100032,100,99962,100,100043,100,99940,100,100049,100,99927,100,100053,100,99925,100,100055,100,99918,100
2019-06-28 09:32:07.678507723,100005,263,99987,263,100014,258,99986,458,100016,258,99985,258,100017,100,99973,100,100024,100,99964,100,100032,100,99962,100,100043,100,99940,100,100049,100,99927,100,100053,100,99925,100,100055,100,99918,100
2019-06-28 09:32:10.000000000,100005,580,99987,580,100014,100,99986,300,100016,100,99985,100,100017,100,99973,100,100024,100,99964,100,100032,100,99962,100,100043,100,99940,100,100049,100,99927,100,100053,100,99925,100,100055,100,99918,100
2019-06-28 09:32:20.000000000,100005,220,99987,220,100014,220,99986,420,100016,220,99985,220,100017,220,99973,220,100024,100,99964,100,100032,100,99962,100,100043,100,99940,100,100049,100,99927,100,100053,100,99925,100,100055,100,99918,100
2019-06-28 09:32:27.902153347,100005,120,99987,220,100014,220,99986,420,100016,220,99985,220,100017,220,99973,220,100024,100,99964,100,100032,100,99962,100,100043,100,99940,100,100049,100,99927,100,100053,100,99925,100,100055,100,99918,100
2019-06-28 09:32:30.000000000,100014,196,99987,196,100016,196,99986,396,100017,196,99985,196,100024,196,99973,196,100032,196,99964,196,100043,100,99962,100,100049,100,99940,100,100053,100,99927,100,100055,100,99925,100,100057,200,99918,100
2019-06-28 09:32:32.230754855,100014,196,99987,196,100016,196,99986,396,100017,196,99985,196,100024,196,99973,96,100032,196,99964,196,100043,100,99962,100,100049,100,99940,100,100053,100,99927,100,100055,100,99925,100,100057,200,99918,100
2019-06-28 09:32:40.000000000,100014,196,99987,196,100016,196,99986,396,100017,196,99985,196,100024,196,99964,196,100032,196,99962,196,100043,100,99940,100,100049,100,99927,100,100053,100,99925,100,100055,100,99918,100,100057,200,99916,200
2019-06-28 09:32:46.529284455,100014,196,99987,196,100016,196,99986,396,100017,196,99985,196,100024,196,99964,196,100032,196,99962,196,100043,100,99940,100,100049,100,99927,100,100053,100,99925,100,100055,100,99918,100,100057,200,99916,200
2019-06-28 09:32:50.000000000,100014,196,99987,196,100016,196,99986,396,100017,196,99985,196,100024,196,99964,196,100032,196,99962,196,100043,100,99940,100,100049,100,99927,100,100053,100,99925,100,100055,100,99918,100,100057,200,99916,200
2019-06-28 09:32:57.609670398,100014,196,99987,196,100016,196,99986,396,100017,196,99985,196,100024,196,99964,196,100032,196,99962,196,100043,100,99940,100,100049,100,99927,100,100053,100,99925,100,100055,100,99922,100,100057,200,99918,100
2019-06-28 09:33:00.000000000,100014,220,99987,220,100016,220,99986,420,100017,220,99985,220,100024,220,99964,220,100032,100,99962,100,100043,100,99940,100,100049,100,99927,100,100053,100,99925,100,100055,100,99922,100,100057,200,99918,100
2019-06-28 09:33:08.394970092,100011,100,99987,220,100014,220,99986,420,100016,220,99985,220,100017,220,99964,220,100024,220,99962,100,100032,100,99940,100,100043,100,99927,100,100049,100,99925,100,100053,100,99922,100,100055,100,99918,100
2019-06-28 09:33:10.000000000,100011,340,99987,340,100014,340,99986,540,100016,100,99985,100,100017,100,99964,100,100024,100,99962,100,100032,100,99940,100,100043,100,99927,100,100049,100,99925,100,100053,100,99922,100,100055,100,99918,100
2019-06-28 09:33:10.852712000,100011,340,99987,340,100014,340,99986,440,100016,100,99985,100,100017,100,99964,100,100024,100,99962,100,100032,100,99940,100,100043,100,99927,100,100049,100,99925,100,100053,100,99922,100,100055,100,99918,100
2019-06-28 09:33:13.945254701,99998,100,99987,340,100011,340,99986,440,100014,340,99985,100,100016,100,99964,100,100017,100,99962,100,100032,100,99940,100,100043,100,99927,100,100049,100,99925,100,100053,100,99922,100,100055,100,99918,100
2019-06-28 09:33:20.000000000,99998,196,99987,196,100011,196,99986,296,100014,196,99985,196,100016,196,99964,196,100017,196,99962,196,100032,100,99940,100,100043,100,99927,100,100049,100,99925,100,100053,100,99922,100,100055,100,99918,100
2019-06-28 09:33:23.097295695,99998,96,99987,196,100011,196,99986,296,100014,196,99985,196,100016,196,99964,196,100017,196,99962,196,100032,100,99940,100,100043,100,99927,100,100049,100,99925,100,100053,100,99922,100,100055,100,99918,100
2019-06-28 09:33:24.361310126,99997,100,99987,196,99998,96,99986,296,100011,196,99985,196,100014,196,99964,196,100016,196,99962,196,100017,196,99940,100,100032,100,99927,100,100043,100,99925,100,100049,100,99922,100,100053,100,99918,100
2019-06-28 09:33:30.000000000,99997,196,99987,196,100011,196,99986,296,100014,196,99985,196,100016,196,99964,196,100017,196,99962,196,100032,100,99940,100,100043,100,99927,100,100049,100,99925,100,100053,100,99922,100,100055,100,99918,100
2019-06-28 09:33:40.000000000,99997,220,99987,220,100011,220,99986,320,100014,220,99985,220,100016,220,99964,220,100017,100,99962,100,100032,100,99940,100,100043,100,99927,100,100049,100,99925,100,100053,100,99922,100,100055,100,99918,100
2019-06-28 09:33:50.000000000,99997,580,99987,580,100011,100,99986,200,100014,100,99985,100,100016,100,99964,100,100017,100,99962,100,100032,100,99940,100,100043,100,99927,100,100049,100,99925,100,100053,100,99922,100,100055,100,99918,100
2019-06-28 09:34:00.000000000,99997,220,99987,220,100011,220,99986,320,100014,220,99985,220,100016,220,99964,220,100017,100,99962,100,100032,100,99940,100,100043,100,99927,100,100049,100,99925,100,100053,100,99922,100,100055,100,99918,100
2019-06-28 09:34:07.410457101,99997,320,99987,220,100011,220,99986,320,100014,220,99985,220,100016,220,99964,220,100017,100,99962,100,100032,100,99940,100,100043,100,99927,100,100049,100,99922,100,100053,100,99918,100,100055,100,99916,200
2019-06-28 09:34:10.000000000,99997,296,99987,196,100011,196,99986,296,100014,196,99985,196,100016,196,99964,196,100017,196,99962,196,100032,100,99940,100,100043,100,99927,100,100049,100,99922,100,100053,100,99918,100,100055,100,99916,200
2019-06-28 09:34:17.348597298,99997,396,99987,196,100011,196,99986,296,100014,196,99985,196,100016,196,99964,196,100017,196,99962,196,100032,100,99927,100,100043,100,99922,100,100049,100,99918,100,100053,100,99916,200,100055,100,99904,100
2019-06-28 09:34:20.000000000,99997,396,99987,196,100011,196,99986,296,100014,196,99985,196,100016,196,99964,196,100017,196,99962,196,100032,100,99927,100,100043,100,99922,100,100049,100,99918,100,100053,100,99916,200,100055,100,99904,100
2019-06-28 09:34:30.000000000,99997,463,99987,263,100011,258,99986,358,100014,258,99985,258,100016,100,99964,100,100017,100,99962,100,100032,100,99927,100,100043,100,99922,100,100049,100,99918,100,100053,100,99916,200,100055,100,99904,100
2019-06-28 09:34:40.000000000,99997,780,99987,580,100011,100,99986,200,100014,100,99985,100,100016,100,99964,100,100017,100,99962,100,100032,100,99927,100,100043,100,99922,100,100049,100,99918,100,100053,100,99916,200,100055,100,99904,100
2019-06-28 09:34:45.336210598,99997,780,99987,480,100011,100,99986,200,100014,100,99985,100,100016,100,99964,100,100017,100,99962,100,100032,100,99927,100,100043,100,99922,100,100049,100,99918,100,100053,100,99916,200,100055,100,99904,100
2019-06-28 09:34:45.492445578,99997,780,99987,480,100011,100,99986,200,100014,100,99985,100,100016,100,99964,100,100032,100,99962,100,100043,100,99927,100,100049,100,99922,100,100053,100,99918,100,100055,100,99916,200,100057,200,99904,100
2019-06-28 09:34:47.385456834,99997,780,99987,380,100011,100,99986,200,100014,100,99985,100,100016,100,99964,100,100032,100,99962,100,100043,100,99927,100,100049,100,99922,100,100053,100,99918,100,100055,100,99916,200,100057,200,99904,100
2019-06-28 09:34:50.000000000,99997,780,99986,680,100011,100,99985,100,100014,100,99964,100,100016,100,99962,100,100032,100,99927,100,100043,100,99922,100,100049,100,99918,100,100053,100,99916,200,100055,100,99904,100,100057,200,99903,100
2019-06-28 09:35:00.000000000,99997,540,99986,440,100011,340,99985,340,100014,100,99964,100,100016,100,99962,100,100032,100,99927,100,100043,100,99922,100,100049,100,99918,100,100053,100,99916,200,100055,100,99904,100,100057,200,99903,100
2019-06-28 09:35:10.000000000,99997,780,99986,680,100011,100,99985,100,100014,100,99964,100,100016,100,99962,100,100032,100,99927,100,100043,100,99922,100,100049,100,99918,100,100053,100,99916,200,100055,100,99904,100,100057,200,99903,100
2019-06-28 09:35:20.000000000,99997,540,99986,440,100011,340,99985,340,100014,100,99964,100,100016,100,99962,100,100032,100,99927,100,100043,100,99922,100,100049,100,99918,100,100053,100,99916,200,100055,100,99904,100,100057,200,99903,100
2019-06-28 09:35:30.000000000,99997,780,99986,680,100011,100,99985,100,100014,100,99964,100,100016,100,99962,100,100032,100,99927,100,100043,100,99922,100,100049,100,99918,100,100053,100,99916,200,100055,100,99904,100,100057,200,99903,100
2019-06-28 09:35:40.000000000,99997,540,99986,440,100011,340,99985,340,100014,100,99964,100,100016,100,99962,100,100032,100,99927,100,100043,100,99922,100,100049,100,99918,100,100053,100,99916,200,100055,100,99904,100,100057,200,99903,100
2019-06-28 09:35:48.029462945,99997,540,99986,440,100011,340,99985,340,100014,100,99964,100,100016,100,99962,100,100032,100,99927,100,100043,100,99922,100,100049,100,99918,100,100053,100,99916,200,100055,100,99904,100,100057,200,99903,100
2019-06-28 09:35:50.000000000,99997,396,99986,296,100011,196,99985,196,100014,196,99964,196,100016,196,99962,196,100032,196,99927,196,100043,100,99922,100,100049,100,99918,100,100053,100,99916,200,100055,100,99904,100,100057,200,99903,100
2019-06-28 09:35:57.951186846,99997,396,99986,196,100011,196,99985,196,100014,196,99964,196,100016,196,99962,196,100032,196,99927,196,100043,100,99922,100,100049,100,99918,100,100053,100,99916,200,100055,100,99904,100,100057,200,99903,100
2019-06-28 09:35:59.417611762,99987,100,99986,196,99997,396,99985,196,100011,196,99964,196,100014,196,99962,196,100016,196,99927,196,100032,196,99922,100,100043,100,99918,100,100049,100,99916,200,100053,100,99904,100,100055,100,99903,100
2019-06-28 09:36:00.000000000,99987,196,99986,196,99997,396,99985,196,100011,196,99964,196,100014,196,99962,196,100016,196,99927,196,100032,100,99922,100,100043,100,99918,100,100049,100,99916,200,100053,100,99904,100,100055,100,99903,100
2019-06-28 09:36:02.114868958,99987,196,99986,196,99997,396,99985,196,100011,196,99964,196,100014,196,99962,196,100016,196,99927,196,100032,100,99922,100,100043,100,99918,100,100049,100,99916,200,100053,100,99904,100,100055,100,99903,100
2019-06-28 09:36:10.000000000,99987,263,99986,263,99997,458,99985,258,100011,258,99964,258,100014,100,99962,100,100016,100,99927,100,100032,100,99922,100,100043,100,99918,100,100049,100,99916,200,100053,100,99904,100,100055,100,99903,100
2019-06-28 09:36:20.000000000,99987,263,99986,263,99997,458,99985,258,100011,258,99964,258,100014,100,99962,100,100016,100,99927,100,100032,100,99922,100,100043,100,99918,100,100049,100,99916,200,100053,100,99904,100,100055,100,99903,100
2019-06-28 09:36:30.000000000,99987,263,99986,263,99997,458,99985,258,100011,258,99964,258,100014,100,99962,100,100016,100,99927,100,100032,100,99922,100,100043,100,99918,100,100049,100,99916,200,100053,100,99904,100,100055,100,99903,100
2019-06-28 09:36:39.192555156,99987,263,99986,163,99997,458,99985,258,100011,258,99964,258,100014,100,99962,100,100016,100,99927,100,100032,100,99918,100,100043,100,99916,200,100049,100,99904,100,100053,100,99903,100,100055,100,99889,100
2019-06-28 09:36:40.000000000,99987,196,99985,196,99997,396,99964,196,100011,196,99962,196,100014,196,99927,196,100016,196,99918,196,100032,100,99916,200,100043,100,99904,100,100049,100,99903,100,100053,100,99889,100,100055,100,99877,100
2019-06-28 09:36:50.000000000,99987,340,99985,340,99997,540,99964,340,100011,100,99962,100,100014,100,99927,100,100016,100,99918,100,100032,100,99916,200,100043,100,99904,100,100049,100,99903,100,100053,100,99889,100,100055,100,99877,100
2019-06-28 09:37:00.000000000,99987,196,99985,196,99997,396,99964,196,100011,196,99962,196,100014,196,99927,196,100016,196,99918,196,100032,100,99916,200,100043,100,99904,100,100049,100,99903,100,100053,100,99889,100,100055,100,99877,100
2019-06-28 09:37:10.000000000,99987,220,99985,220,99997,420,99964,220,100011,220,99962,220,100014,220,99927,220,100016,100,99918,100,100032,100,99916,200,100043,100,99904,100,100049,100,99903,100,100053,100,99889,100,100055,100,99877,100
2019-06-28 09:37:15.757850411,99986,100,99985,220,99987,220,99964,220,99997,420,99962,220,100011,220,99927,220,100014,220,99918,100,100016,100,99916,200,100032,100,99904,100,100043,100,99903,100,100049,100,99889,100,100053,100,99877,100
2019-06-28 09:37:20.000000000,99986,580,99985,580,99987,100,99964,100,99997,300,99962,100,100011,100,99927,100,100014,100,99918,100,100016,100,99916,200,100032,100,99904,100,100043,100,99903,100,100049,100,99889,100,100053,100,99877,100
2019-06-28 09:37:22.666235010,99986,580,99985,580,99987,100,99964,100,99997,300,99962,100,100011,100,99927,100,100014,100,99916,200,100016,100,99904,100,100032,100,99903,100,100043,100,99889,100,100049,100,99877,100,100053,100,99873,100
2019-06-28 09:37:30.000000000,99986,580,99985,580,99987,100,99964,100,99997,300,99962,100,100011,100,99927,100,100014,100,99916,200,100016,100,99904,100,100032,100,99903,100,100043,100,99889,100,100049,100,99877,100,100053,100,99873,100
2019-06-28 09:37:40.000000000,99986,220,99985,220,99987,220,99964,220,99997,420,99962,220,100011,220,99927,220,100014,100,99916,200,100016,100,99904,100,100032,100,99903,100,100043,100,99889,100,100049,100,99877,100,100053,100,99873,100
2019-06-28 09:37:42.418621117,99986,220,99985,220,99987,220,99964,220,99997,420,99962,220,100011,220,99927,220,100014,100,99916,200,100016,100,99904,100,100032,100,99903,100,100043,100,99889,100,100049,100,99877,100,100053,100,99873,100
2019-06-28 09:37:50.000000000,99986,580,99985,580,99987,100,99964,100,99997,300,99962,100,100011,100,99927,100,100014,100,99916,200,100016,100,99904,100,100032,100,99903,100,100043,100,99889,100,100049,100,99877,100,100053,100,99873,100
2019-06-28 09:38:00.000000000,99986,263,99985,263,99987,258,99964,258,99997,458,99962,258,100011,100,99927,100,100014,100,99916,200,100016,100,99904,100,100032,100,99903,100,100043,100,99889,100,100049,100,99877,100,100053,100,99873,100
2019-06-28 09:38:06.244463277,99986,263,99985,263,99987,158,99964,258,99997,458,99962,258,100011,100,99927,100,100014,100,99916,200,100016,100,99904,100,100032,100,99903,100,100043,100,99889,100,100049,100,99877,100,100053,100,99873,100
2019-06-28 09:38:09.747261658,99986,263,99985,163,99987,158,99964,258,99997,458,99962,258,100011,100,99927,100,100014,100,99916,200,100016,100,99904,100,100032,100,99903,100,100043,100,99889,100,100049,100,99877,100,100053,100,99873,100
2019-06-28 09:38:10.000000000,99986,263,99964,263,99997,458,99962,258,100011,258,99927,258,100014,100,99916,200,100016,100,99904,100,100032,100,99903,100,100043,100,99889,100,100049,100,99877,100,100053,100,99873,100,100055,100,99870,100
2019-06-28 09:38:20.000000000,99986,196,99964,196,99997,396,99962,196,100011,196,99927,196,100014,196,99916,296,100016,196,99904,196,100032,100,99903,100,100043,100,99889,100,100049,100,99877,100,100053,100,99873,100,100055,100,99870,100
2019-06-28 09:38:30.000000000,99986,263,99964,263,99997,458,99962,258,100011,258,99927,258,100014,100,99916,200,100016,100,99904,100,100032,100,99903,100,100043,100,99889,100,100049,100,99877,100,100053,100,99873,100,100055,100,99870,100
2019-06-28 09:38:40.000000000,99986,196,99964,196,99997,396,99962,196,100011,196,99927,196,100014,196,99916,296,100016,196,99904,196,100032,100,99903,100,100043,100,99889,100,100049,100,99877,100,100053,100,99873,100,100055,100,99870,100
2019-06-28 09:38:50.000000000,99986,580,99964,580,99997,300,99962,100,100011,100,99927,100,100014,100,99916,200,100016,100,99904,100,100032,100,99903,100,100043,100,99889,100,100049,100,99877,100,100053,100,99873,100,100055,100,99870,100
2019-06-28 09:39:00.000000000,99986,263,99964,263,99997,458,99962,258,100011,258,99927,258,100014,100,99916,200,100016,100,99904,100,100032,100,99903,100,100043,100,99889,100,100049,100,99877,100,100053,100,99873,100,100055,100,99870,100
2019-06-28 09:39:10.000000000,99986,340,99964,340,99997,540,99962,340,100011,100,99927,100,100014,100,99916,200,100016,100,99904,100,100032,100,99903,100,100043,100,99889,100,100049,100,99877,100,100053,100,99873,100,100055,100,99870,100
2019-06-28 09:39:19.309721732,99986,340,99964,340,99997,540,99962,340,100011,100,99927,100,100014,100,99916,200,100016,100,99904,100,100032,100,99903,100,100043,100,99889,100,100049,100,99877,100,100053,100,99873,100,100055,100,99870,100
2019-06-28 09:39:19.333383294,99985,100,99964,340,99986,340,99962,340,99997,540,99927,100,100011,100,99916,200,100014,100,99904,100,100016,100,99903,100,100032,100,99889,100,100043,100,99877,100,100049,100,99873,100,100053,100,99870,100
2019-06-28 09:39:20.000000000,99985,263,99964,263,99986,258,99962,258,99997,458,99927,258,100011,100,99916,200,100014,100,99904,100,100016,100,99903,100,100032,100,99889,100,100043,100,99877,100,100049,100,99873,100,100053,100,99870,100
2019-06-28 09:39:21.435896455,99985,263,99964,263,99986,258,99962,258,99997,458,99927,258,100011,100,99916,200,100014,100,99904,100,100032,100,99903,100,100043,100,99889,100,100049,100,99877,100,100053,100,99873,100,100055,100,99870,100
2019-06-28 09:39:30.000000000,99985,340,99964,340,99986,340,99962,340,99997,300,99927,100,100011,100,99916,200,100014,100,99904,100,100032,100,99903,100,100043,100,99889,100,100049,100,99877,100,100053,100,99873,100,100055,100,99870,100
2019-06-28 09:39:40.000000000,99985,220,99964,220,99986,220,99962,220,99997,420,99927,220,100011,220,99916,320,100014,100,99904,100,100032,100,99903,100,100043,100,99889,100,100049,100,99877,100,100053,100,99873,100,100055,100,99870,100
2019-06-28 09:39:40.337722043,99985,220,99964,220,99986,220,99962,220,99997,420,99927,220,100011,220,99916,320,100014,100,99904,100,100032,100,99903,100,100043,100,99889,100,100053,100,99877,100,100055,100,99873,100,100057,200,99870,100
2019-06-28 09:39:44.367039625,99985,220,99964,220,99986,220,99962,220,99997,420,99927,220,100011,220,99916,320,100014,100,99904,100,100032,100,99903,100,100043,100,99889,100,100053,100,99873,100,100055,100,99870,100,100057,200,99869,100
2019-06-28 09:39:50.000000000,99985,340,99964,340,99986,340,99962,340,99997,300,99927,100,100011,100,99916,200,100014,100,99904,100,100032,100,99903,100,100043,100,99889,100,100053,100,99873,100,100055,100,99870,100,100057,200,99869,100
2019-06-28 09:39:53.418911412,99985,440,99964,340,99986,340,99962,340,99997,300,99927,100,100011,100,99916,200,100014,100,99904,100,100032,100,99903,100,100043,100,99889,100,100053,100,99873,100,100055,100,99870,100,100057,200,99869,100
2019-06-28 09:40:00.000000000,99985,680,99964,580,99986,100,99962,100,99997,300,99927,100,100011,100,99916,200,100014,100,99904,100,100032,100,99903,100,100043,100,99889,100,100053,100,99873,100,100055,100,99870,100,100057,200,99869,100
2019-06-28 09:40:10.000000000,99985,320,99964,220,99986,220,99962,220,99997,420,99927,220,100011,220,99916,320,100014,100,99904,100,100032,100,99903,100,100043,100,99889,100,100053,100,99873,100,100055,100,99870,100,100057,200,99869,100
2019-06-28 09:40:14.391070991,99985,320,99964,220,99986,220,99962,220,99997,420,99927,220,100011,220,99916,320,100014,100,99904,100,100032,100,99903,100,100043,100,99889,100,100053,100,99873,100,100055,100,99870,100,100057,200,99869,100
2019-06-28 09:40:20.000000000,99985,363,99964,263,99986,258,99962,258,99997,458,99927,258,100011,100,99916,200,100014,100,99904,100,100032,100,99903,100,100043,100,99889,100,100053,100,99873,100,100055,100,99870,100,100057,200,99869,100
2019-06-28 09:40:20.751087535,99985,363,99964,163,99986,258,99962,258,99997,458,99927,258,100011,100,99916,200,100014,100,99904,100,100032,100,99903,100,100043,100,99889,100,100053,100,99873,100,100055,100,99870,100,100057,200,99869,100
2019-06-28 09:40:30.000000000,99985,440,99962,340,99986,340,99927,340,99997,300,99916,200,100011,100,99904,100,100014,100,99903,100,100032,100,99889,100,100043,100,99873,100,100053,100,99870,100,100055,100,99869,100,100057,200,99863,100
2019-06-28 09:40:38.527493174,99985,440,99962,340,99986,340,99927,340,99997,300,99916,200,100011,100,99904,100,100014,100,99903,100,100032,100,99889,100,100043,100,99873,100,100053,100,99870,100,100055,100,99869,100,100057,200,99863,100
2019-06-28 09:40:40.000000000,99985,440,99962,340,99986,340,99927,340,99997,300,99916,200,100011,100,99904,100,100014,100,99903,100,100032,100,99889,100,100043,100,99873,100,100053,100,99870,100,100055,100,99869,100,100057,200,99863,100
2019-06-28 09:40:40.926791250,99985,440,99962,340,99986,340,99927,340,99997,300,99916,200,100011,100,99904,100,100014,100,99903,100,100032,100,99873,100,100043,100,99870,100,100053,100,99869,100,100055,100,99863,100,100057,200,99782,100
2019-06-28 09:40:47.720804926,99985,440,99962,340,99986,340,99927,340,99997,300,99916,200,100011,100,99904,100,100014,100,99903,100,100032,100,99870,100,100043,100,99869,100,100053,100,99863,100,100055,100,99782,100,100057,200,99657,100
2019-06-28 09:40:50.000000000,99985,363,99962,263,99986,258,99927,258,99997,458,99916,358,100011,100,99904,100,100014,100,99903,100,100032,100,99870,100,100043,100,99869,100,100053,100,99863,100,100055,100,99782,100,100057,200,99657,100
2019-06-28 09:41:00.000000000,99985,440,99962,340,99986,340,99927,340,99997,300,99916,200,100011,100,99904,100,100014,100,99903,100,100032,100,99870,100,100043,100,99869,100,100053,100,99863,100,100055,100,99782,100,100057,200,99657,100
2019-06-28 09:41:10.000000000,99985,680,99962,580,99986,100,99927,100,99997,300,99916,200,100011,100,99904,100,100014,100,99903,100,100032,100,99870,100,100043,100,99869,100,100053,100,99863,100,100055,100,99782,100,100057,200,99657,100
2019-06-28 09:41:20.000000000,99985,440,99962,340,99986,340,99927,340,99997,300,99916,200,100011,100,99904,100,100014,100,99903,100,100032,100,99870,100,100043,100,99869,100,100053,100,99863,100,100055,100,99782,100,100057,200,99657,100
2019-06-28 09:41:30.000000000,99985,680,99962,580,99986,100,99927,100,99997,300,99916,200,100011,100,99904,100,100014,100,99903,100,100032,100,99870,100,100043,100,99869,100,100053,100,99863,100,100055,100,99782,100,100057,200,99657,100
2019-06-28 09:41:40.000000000,99985,680,99962,580,99986,100,99927,100,99997,300,99916,200,100011,100,99904,100,100014,100,99903,100,100032,100,99870,100,100043,100,99869,100,100053,100,99863,100,100055,100,99782,100,100057,200,99657,100
2019-06-28 09:41:50.000000000,99985,680,99962,580,99986,100,99927,100,99997,300,99916,200,100011,100,99904,100,100014,100,99903,100,100032,100,99870,100,100043,100,99869,100,100053,100,99863,100,100055,100,99782,100,100057,200,99657,100
2019-06-28 09:42:00.000000000,99985,680,99962,580,99986,100,99927,100,99997,300,99916,200,100011,100,99904,100,100014,100,99903,100,100032,100,99870,100,100043,100,99869,100,100053,100,99863,100,100055,100,99782,100,100057,200,99657,100
2019-06-28 09:42:02.665074409,99985,680,99962,580,99986,100,99927,100,99997,300,99916,200,100011,100,99904,100,100014,100,99903,100,100032,100,99870,100,100043,100,99869,100,100053,100,99863,100,100055,100,99782,100,100057,200,99657,100
2019-06-28 09:42:10.000000000,99985,440,99962,340,99986,340,99927,340,99997,300,99916,200,100011,100,99904,100,100014,100,99903,100,100032,100,99870,100,100043,100,99869,100,100053,100,99863,100,100055,100,99782,100,100057,200,99657,100
2019-06-28 09:42:20.000000000,99985,440,99962,340,99986,340,99927,340,99997,300,99916,200,100011,100,99904,100,100014,100,99903,100,100032,100,99870,100,100043,100,99869,100,100053,100,99863,100,100055,100,99782,100,100057,200,99657,100
2019-06-28 09:42:26.561772403,99985,340,99962,340,99986,340,99927,340,99997,300,99916,200,100011,100,99904,100,100014,100,99903,100,100032,100,99870,100,100043,100,99869,100,100053,100,99863,100,100055,100,99782,100,100057,200,99657,100
2019-06-28 09:42:30.000000000,99985,580,99962,580,99986,100,99927,100,99997,300,99916,200,100011,100,99904,100,100014,100,99903,100,100032,100,99870,100,100043,100,99869,100,100053,100,99863,100,100055,100,99782,100,100057,200,99657,100
2019-06-28 09:42:30.187518069,99985,580,99965,100,99986,100,99962,580,99997,300,99927,100,100011,100,99916,200,100014,100,99904,100,100032,100,99903,100,100043,100,99870,100,100053,100,99869,100,100055,100,99863,100,100057,200,99782,100
2019-06-28 09:42:31.450791656,99985,480,99965,100,99986,100,99962,580,99997,300,99927,100,100011,100,99916,200,100014,100,99904,100,100032,100,99903,100,100043,100,99870,100,100053,100,99869,100,100055,100,99863,100,100057,200,99782,100
2019-06-28 09:42:34.207343026,99985,480,99965,100,99986,100,99962,580,99997,300,99927,100,100011,100,99916,200,100014,100,99904,100,100032,100,99903,100,100043,100,99870,100,100053,100,99869,100,100055,100,99863,100,100057,200,99782,100
2019-06-28 09:42:40.000000000,99986,220,99965,220,99997,420,99962,220,100011,220,99927,220,100014,220,99916,320,100032,100,99904,100,100043,100,99903,100,100053,100,99870,100,100055,100,99869,100,100057,200,99863,100,100070,100,99782,100
2019-06-28 09:42:47.146834469,99986,120,99965,220,99997,420,99962,220,100011,220,99927,220,100014,220,99916,320,100032,100,99904,100,100043,100,99903,100,100053,100,99870,100,100055,100,99869,100,100057,200,99863,100,100076,100,99782,100
2019-06-28 09:42:50.000000000,99997,420,99965,220,100011,220,99962,220,100014,220,99927,220,100032,220,99916,320,100043,100,99904,100,100053,100,99903,100,100055,100,99870,100,100057,200,99869,100,100076,100,99863,100,100106,200,99782,100
2019-06-28 09:42:59.416473879,99997,320,99965,220,100011,220,99962,220,100014,220,99927,220,100032,220,99916,220,100043,100,99904,100,100053,100,99903,100,100055,100,99870,100,100057,200,99869,100,100076,100,99863,100,100106,200,99782,100
2019-06-28 09:43:00.000000000,99997,440,99965,340,100011,340,99962,340,100014,100,99927,100,100032,100,99916,100,100043,100,99904,100,100053,100,99903,100,100055,100,99870,100,100057,200,99869,100,100076,100,99863,100,100106,200,99782,100
2019-06-28 09:43:10.000000000,99997,440,99965,340,100011,340,99962,340,100014,100,99927,100,100032,100,99916,100,100043,100,99904,100,100053,100,99903,100,100055,100,99870,100,100057,200,99869,100,100076,100,99863,100,100106,200,99782,100
2019-06-28 09:43:17.177809142,99997,340,99965,340,100011,340,99962,340,100014,100,99927,100,100032,100,99916,100,100043,100,99903,100,100053,100,99870,100,100055,100,99869,100,100057,200,99863,100,100076,100,99782,100,100106,200,99657,100
2019-06-28 09:43:20.000000000,99997,196,99965,196,100011,196,99962,196,100014,196,99927,196,100032,196,99916,196,100043,196,99903,196,100053,100,99870,100,100055,100,99869,100,100057,200,99863,100,100076,100,99782,100,100106,200,99657,100
2019-06-28 09:43:22.111746770,99997,96,99965,196,100011,196,99962,196,100014,196,99927,196,100032,196,99916,196,100043,196,99903,196,100053,100,99870,100,100055,100,99869,100,100057,200,99863,100,100076,100,99782,100,100106,200,99657,100
2019-06-28 09:43:28.277011360,100011,196,99997,4,100014,196,99965,196,100032,196,99962,196,100043,196,99927,196,100053,100,99916,196,100055,100,99903,196,100057,200,99870,100,100076,100,99869,100,100106,200,99863,100,100113,100,99782,100
2019-06-28 09:43:30.000000000,100011,220,99997,124,100014,220,99965,220,100032,220,99962,220,100043,220,99927,220,100053,100,99916,100,100055,100,99903,100,100057,200,99870,100,100076,100,99869,100,100106,200,99863,100,100113,100,99782,100
2019-06-28 09:43:36.078574722,100011,120,99997,124,100014,220,99965,220,100032,220,99962,220,100043,220,99927,220,100053,100,99916,100,100055,100,99903,100,100057,200,99870,100,100076,100,99869,100,100106,200,99863,100,100113,100,99782,100
2019-06-28 09:43:40.000000000,100014,196,99997,100,100032,196,99965,196,100043,196,99962,196,100053,196,99927,196,100055,196,99916,196,100057,200,99903,100,100076,100,99870,100,100106,200,99869,100,100113,100,99863,100,100116,100,99782,100
2019-06-28 09:43:50.000000000,100014,263,99997,167,100032,258,99965,258,100043,258,99962,258,100053,100,99927,100,100055,100,99916,100,100057,200,99903,100,100076,100,99870,100,100106,200,99869,100,100113,100,99863,100,100116,100,99782,100
2019-06-28 09:44:00.000000000,100014,220,99997,124,100032,220,99965,220,100043,220,99962,220,100053,220,99927,220,100055,100,99916,100,100057,200,99903,100,100076,100,99870,100,100106,200,99869,100,100113,100,99863,100,100116,100,99782,100
2019-06-28 09:44:10.000000000,100014,263,99997,167,100032,258,99965,258,100043,258,99962,258,100053,100,99927,100,100055,100,99916,100,100057,200,99903,100,100076,100,99870,100,100106,200,99869,100,100113,100,99863,100,100116,100,99782,100
2019-06-28 09:44:14.780711598,100014,263,99997,167,100032,258,99965,258,100043,258,99962,258,100053,100,99927,100,100057,200,99916,100,100076,100,99903,100,100106,200,99870,100,100113,100,99869,100,100116,100,99863,100,100196,100,99782,100
2019-06-28 09:44:20.000000000,100014,196,99997,100,100032,196,99965,196,100043,196,99962,196,100053,196,99927,196,100057,296,99916,196,100076,100,99903,100,100106,200,99870,100,100113,100,99869,100,100116,100,99863,100,100196,100,99782,100
2019-06-28 09:44:20.984752145,100014,96,99997,100,100032,196,99965,196,100043,196,99962,196,100053,196,99927,196,100057,296,99916,196,100076,100,99903,100,100106,200,99870,100,100113,100,99869,100,100116,100,99863,100,100500,100,99782,100
2019-06-28 09:44:28.993292043,100014,96,99997,100,100032,196,99965,196,100043,196,99962,196,100053,196,99927,196,100057,296,99916,196,100076,100,99903,100,100106,200,99870,100,100113,100,99869,100,100116,100,99863,100,100500,100,99782,100
2019-06-28 09:44:30.000000000,100032,220,99997,124,100043,220,99965,220,100053,220,99962,220,100057,320,99927,220,100076,100,99916,100,100106,200,99903,100,100113,100,99870,100,100116,100,99869,100,100500,100,99863,100,100616,100,99782,100
2019-06-28 09:44:40.000000000,100032,220,99997,124,100043,220,99965,220,100053,220,99962,220,100057,320,99927,220,100076,100,99916,100,100106,200,99903,100,100113,100,99870,100,100116,100,99869,100,100500,100,99863,100,100616,100,99782,100
2019-06-28 09:44:50.000000000,100032,196,99997,100,100043,196,99965,196,100053,196,99962,196,100057,296,99927,196,100076,196,99916,196,100106,200,99903,100,100113,100,99870,100,100116,100,99869,100,100500,100,99863,100,100616,100,99782,100
2019-06-28 09:45:00.000000000,100032,263,99997,167,100043,258,99965,258,100053,258,99962,258,100057,200,99927,100,100076,100,99916,100,100106,200,99903,100,100113,100,99870,100,100116,100,99869,100,100500,100,99863,100,100616,100,99782,100
2019-06-28 09:45:00.534902225,100032,263,100011,100,100043,258,99997,167,100053,258,99965,258,100057,200,99962,258,100076,100,99927,100,100106,200,99916,100,100113,100,99903,100,100116,100,99870,100,100500,100,99869,100,100616,100,99863,100
2019-06-28 09:45:02.982471285,100032,263,100011,100,100043,258,99997,167,100053,258,99965,258,100057,200,99962,258,100076,100,99927,100,100106,200,99916,100,100113,100,99903,100,100116,100,99870,100,100500,100,99869,100,100616,100,99863,100
2019-06-28 09:45:10.000000000,100032,340,100011,340,100043,340,99997,244,100053,100,99965,100,100057,200,99962,100,100076,100,99927,100,100106,200,99916,100,100113,100,99903,100,100116,100,99870,100,100500,100,99869,100,100616,100,99863,100
2019-06-28 09:45:15.008901646,100032,240,100011,340,100043,340,99997,244,100053,100,99965,100,100057,200,99962,100,100076,100,99916,100,100106,200,99903,100,100113,100,99870,100,100116,100,99869,100,100500,100,99863,100,100616,100,99782,100
2019-06-28 09:45:20.000000000,100043,580,100011,580,100053,100,99997,4,100057,200,99965,100,100076,100,99962,100,100106,200,99916,100,100113,100,99903,100,100116,100,99870,100,100500,100,99869,100,100616,100,99863,100,101070,100,99782,100
2019-06-28 09:45:22.229091566,100043,580,100011,580,100053,100,99997,4,100057,200,99965,100,100076,100,99962,100,100106,200,99916,100,100113,100,99903,100,100116,100,99870,100,100500,100,99869,100,100616,100,99863,100,101070,100,99782,100
2019-06-28 09:45:22.389357055,100043,480,100011,580,100053,100,99997,4,100057,200,99965,100,100076,100,99962,100,100106,100,99916,100,100113,100,99903,100,100116,100,99870,100,100500,100,99869,100,100616,100,99863,100,101070,100,99782,100
2019-06-28 09:45:30.000000000,100053,220,100011,220,100057,320,99997,124,100076,220,99965,220,100106,220,99962,220,100113,100,99916,100,100116,100,99903,100,100500,100,99870,100,100616,100,99869,100,101070,100,99863,100,101215,100,99782,100
2019-06-28 09:45:36.506539058,100053,220,100011,220,100057,320,99997,124,100076,220,99965,220,100106,220,99962,220,100113,100,99916,100,100116,100,99903,100,100500,100,99870,100,100616,100,99869,100,100839,100,99863,100,101070,100,99782,100
2019-06-28 09:45:40.000000000,100053,220,100011,220,100057,320,99997,124,100076,220,99965,220,100106,220,99962,220,100113,100,99916,100,100116,100,99903,100,100500,100,99870,100,100616,100,99869,100,100839,100,99863,100,101070,100,99782,100
2019-06-28 09:45:40.166803279,100053,120,100011,220,100057,320,99997,124,100076,220,99965,220,100106,220,99962,220,100113,100,99903,100,100116,100,99870,100,100500,100,99869,100,100616,100,99863,100,100839,100,99782,100,101070,100,99657,100
2019-06-28 09:45:50.000000000,100057,320,100011,220,100076,220,99997,124,100106,220,99965,220,100113,220,99962,220,100116,100,99903,100,100500,100,99870,100,100616,100,99869,100,100839,100,99863,100,101070,100,99782,100,101215,100,99657,100
2019-06-28 09:45:51.500872783,100057,320,100011,220,100076,220,99997,124,100106,220,99965,220,100113,220,99962,220,100116,100,99903,100,100500,100,99870,100,100616,100,99869,100,100839,100,99863,100,101070,100,99782,100,101183,100,99657,100
2019-06-28 09:46:00.000000000,100057,320,100011,220,100076,220,99997,124,100106,220,99965,220,100113,220,99962,220,100116,100,99903,100,100500,100,99870,100,100616,100,99869,100,100839,100,99863,100,101070,100,99782,100,101183,100,99657,100
2019-06-28 09:46:10.000000000,100057,296,100011,196,100076,196,99997,100,100106,196,99965,196,100113,196,99962,196,100116,196,99903,196,100500,100,99870,100,100616,100,99869,100,100839,100,99863,100,101070,100,99782,100,101183,100,99657,100
2019-06-28 09:46:20.000000000,100057,363,100011,263,100076,258,99997,162,100106,258,99965,258,100113,100,99962,100,100116,100,99903,100,100500,100,99870,100,100616,100,99869,100,100839,100,99863,100,101070,100,99782,100,101183,100,99657,100
2019-06-28 09:46:30.000000000,100057,680,100011,580,100076,100,99997,4,100106,100,99965,100,100113,100,99962,100,100116,100,99903,100,100500,100,99870,100,100616,100,99869,100,100839,100,99863,100,101070,100,99782,100,101183,100,99657,100
2019-06-28 09:46:40.000000000,100057,363,100011,263,100076,258,99997,162,100106,258,99965,258,100113,100,99962,100,100116,100,99903,100,100500,100,99870,100,100616,100,99869,100,100839,100,99863,100,101070,100,99782,100,101183,100,99657,100
2019-06-28 09:46:48.775954892,100057,363,100011,263,100076,258,99997,162,100106,258,99965,258,100113,100,99962,100,100116,100,99903,100,100500,100,99870,100,100616,100,99869,100,100839,100,99863,100,101070,100,99782,100,101127,100,99657,100
2019-06-28 09:46:50.000000000,100057,296,100011,196,100076,196,99997,100,100106,196,99965,196,100113,196,99962,196,100116,196,99903,196,100500,100,99870,100,100616,100,99869,100,100839,100,99863,100,101070,100,99782,100,101127,100,99657,100
2019-06-28 09:47:00.000000000,100057,296,100011,196,100076,196,99997,100,100106,196,99965,196,100113,196,99962,196,100116,196,99903,196,100500,100,99870,100,100616,100,99869,100,100839,100,99863,100,101070,100,99782,100,101127,100,99657,100
2019-06-28 09:47:00.640705149,100057,296,100011,196,100076,196,99997,100,100106,196,99965,196,100113,196,99962,196,100116,196,99903,196,100500,100,99870,100,100616,100,99869,100,100839,100,99863,100,101070,100,99782,100,101127,100,99657,100
2019-06-28 09:47:10.000000000,100057,440,100011,340,100076,340,99997,244,100106,100,99965,100,100113,100,99962,100,100116,100,99903,100,100500,100,99870,100,100616,100,99869,100,100839,100,99863,100,101070,100,99782,100,101127,100,99657,100
2019-06-28 09:47:20.000000000,100057,440,100011,340,100076,340,99997,244,100106,100,99965,100,100113,100,99962,100,100116,100,99903,100,100500,100,99870,100,100616,100,99869,100,100839,100,99863,100,101070,100,99782,100,101127,100,99657,100
2019-06-28 09:47:26.970689143,100057,440,100011,340,100076,340,99997,244,100106,100,99965,100,100113,100,99962,100,100116,100,99903,100,100500,100,99870,100,100616,100,99869,100,100839,100,99863,100,101070,100,99782,100,101126,100,99657,100
2019-06-28 09:47:30.000000000,100057,363,100011,263,100076,258,99997,162,100106,258,99965,258,100113,100,99962,100,100116,100,99903,100,100500,100,99870,100,100616,100,99869,100,100839,100,99863,100,101070,100,99782,100,101126,100,99657,100
2019-06-28 09:47:40.000000000,100057,363,100011,263,100076,258,99997,162,100106,258,99965,258,100113,100,99962,100,100116,100,99903,100,100500,100,99870,100,100616,100,99869,100,100839,100,99863,100,101070,100,99782,100,101126,100,99657,100
2019-06-28 09:47:50.000000000,100057,680,100011,580,100076,100,99997,4,100106,100,99965,100,100113,100,99962,100,100116,100,99903,100,100500,100,99870,100,100616,100,99869,100,100839,100,99863,100,101070,100,99782,100,101126,100,99657,100
2019-06-28 09:48:00.000000000,100057,296,100011,196,100076,196,99997,100,100106,196,99965,196,100113,196,99962,196,100116,196,99903,196,100500,100,99870,100,100616,100,99869,100,100839,100,99863,100,101070,100,99782,100,101126,100,99657,100
2019-06-28 09:48:10.000000000,100057,320,100011,220,100076,220,99997,124,100106,220,99965,220,100113,220,99962,220,100116,100,99903,100,100500,100,99870,100,100616,100,99869,100,100839,100,99863,100,101070,100,99782,100,101126,100,99657,100
2019-06-28 09:48:10.204947823,100057,320,100011,220,100076,220,99997,124,100106,220,99965,220,100113,220,99962,220,100116,100,99903,100,100500,100,99870,100,100616,100,99869,100,100839,100,99863,100,101070,100,99782,100,101126,100,99657,100
2019-06-28 09:48:13.576529129,100057,320,100011,220,100076,220,99997,124,100106,220,99965,220,100113,220,99962,220,100116,100,99903,100,100500,100,99870,100,100616,100,99869,100,100839,100,99863,100,101037,100,99782,100,101070,100,99657,100
2019-06-28 09:48:20.000000000,100057,320,100011,220,100076,220,99997,124,100106,220,99965,220,100113,220,99962,220,100116,100,99903,100,100500,100,99870,100,100616,100,99869,100,100839,100,99863,100,101037,100,99782,100,101070,100,99657,100
2019-06-28 09:48:30.000000000,100057,363,100011,263,100076,258,99997,162,100106,258,99965,258,100113,100,99962,100,100116,100,99903,100,100500,100,99870,100,100616,100,99869,100,100839,100,99863,100,101037,100,99782,100,101070,100,99657,100
2019-06-28 09:48:40.000000000,100057,296,100011,196,100076,196,99997,100,100106,196,99965,196,100113,196,99962,196,100116,196,99903,196,100500,100,99870,100,100616,100,99869,100,100839,100,99863,100,101037,100,99782,100,101070,100,99657,100
2019-06-28 09:48:40.057420729,100057,296,100011,196,100076,196,99997,100,100106,196,99965,196,100113,196,99962,196,100116,196,99903,196,100500,100,99870,100,100611,100,99869,100,100616,100,99863,100,100839,100,99782,100,101037,100,99657,100
2019-06-28 09:48:50.000000000,100057,440,100011,340,100076,340,99997,244,100106,100,99965,100,100113,100,99962,100,100116,100,99903,100,100500,100,99870,100,100611,100,99869,100,100616,100,99863,100,100839,100,99782,100,101037,100,99657,100
2019-06-28 09:49:00.000000000,100057,363,100011,263,100076,258,99997,162,100106,258,99965,258,100113,100,99962,100,100116,100,99903,100,100500,100,99870,100,100611,100,99869,100,100616,100,99863,100,100839,100,99782,100,101037,100,99657,100
2019-06-28 09:49:10.000000000,100057,296,100011,196,100076,196,99997,100,100106,196,99965,196,100113,196,99962,196,100116,196,99903,196,100500,100,99870,100,100611,100,99869,100,100616,100,99863,100,100839,100,99782,100,101037,100,99657,100
2019-06-28 09:49:20.000000000,100057,440,100011,340,100076,340,99997,244,100106,100,99965,100,100113,100,99962,100,100116,100,99903,100,100500,100,99870,100,100611,100,99869,100,100616,100,99863,100,100839,100,99782,100,101037,100,99657,100
2019-06-28 09:49:23.599263381,100057,440,100015,100,100076,340,100011,340,100106,100,99997,244,100113,100,99965,100,100116,100,99962,100,100500,100,99903,100,100611,100,99870,100,100616,100,99869,100,100839,100,99863,100,101037,100,99782,100
2019-06-28 09:49:30.000000000,100057,440,100015,340,100076,340,100011,340,100106,100,99997,4,100113,100,99965,100,100116,100,99962,100,100500,100,99903,100,100611,100,99870,100,100616,100,99869,100,100839,100,99863,100,101037,100,99782,100
2019-06-28 09:49:40.000000000,100057,440,100015,340,100076,340,100011,340,100106,100,99997,4,100113,100,99965,100,100116,100,99962,100,100500,100,99903,100,100611,100,99870,100,100616,100,99869,100,100839,100,99863,100,101037,100,99782,100
2019-06-28 09:49:50.000000000,100057,296,100015,196,100076,196,100011,196,100106,196,99997,100,100113,196,99965,196,100116,196,99962,196,100500,100,99903,100,100611,100,99870,100,100616,100,99869,100,100839,100,99863,100,101037,100,99782,100
2019-06-28 09:50:00.000000000,100057,363,100015,263,100076,258,100011,258,100106,258,99997,162,100113,100,99965,100,100116,100,99962,100,100500,100,99903,100,100611,100,99870,100,100616,100,99869,100,100839,100,99863,100,101037,100,99782,100
2019-06-28 09:50:10.000000000,100057,440,100015,340,100076,340,100011,340,100106,100,99997,4,100113,100,99965,100,100116,100,99962,100,100500,100,99903,100,100611,100,99870,100,100616,100,99869,100,100839,100,99863,100,101037,100,99782,100
2019-06-28 09:50:11.576968109,100057,440,100015,240,100076,340,100011,340,100106,100,99997,4,100113,100,99965,100,100116,100,99962,100,100500,100,99903,100,100611,100,99870,100,100616,100,99869,100,100839,100,99863,100,101037,100,99782,100
2019-06-28 09:50:20.000000000,100057,680,100011,580,100076,100,99997,4,100106,100,99965,100,100113,100,99962,100,100116,100,99903,100,100500,100,99870,100,100611,100,99869,100,100616,100,99863,100,100839,100,99782,100,101037,100,99657,100
2019-06-28 09:50:21.572500064,100057,680,100011,580,100076,100,99997,4,100106,100,99965,100,100113,100,99962,100,100116,100,99903,100,100500,100,99870,100,100611,100,99869,100,100616,100,99863,100,100839,100,99782,100,101037,100,99657,100
2019-06-28 09:50:24.990421638,100057,680,100011,580,100076,100,99997,4,100106,100,99965,100,100113,100,99962,100,100116,100,99903,100,100500,100,99870,100,100611,100,99869,100,100616,100,99863,100,100839,100,99782,100,101037,100,99657,100
2019-06-28 09:50:30.000000000,100057,440,100011,340,100076,340,99997,244,100106,100,99965,100,100113,100,99962,100,100116,100,99903,100,100500,100,99870,100,100611,100,99869,100,100616,100,99863,100,100839,100,99782,100,101037,100,99657,100
2019-06-28 09:50:40.000000000,100057,680,100011,580,100076,100,99997,4,100106,100,99965,100,100113,100,99962,100,100116,100,99903,100,100500,100,99870,100,100611,100,99869,100,100616,100,99863,100,100839,100,99782,100,101037,100,99657,100
2019-06-28 09:50:50.000000000,100057,440,100011,340,100076,340,99997,244,100106,100,99965,100,100113,100,99962,100,100116,100,99903,100,100500,100,99870,100,100611,100,99869,100,100616,100,99863,100,100839,100,99782,100,101037,100,99657,100
2019-06-28 09:50:51.344940385,100057,440,100011,240,100076,340,99997,244,100106,100,99965,100,100113,100,99962,100,100116,100,99903,100,100500,100,99870,100,100611,100,99869,100,100616,100,99863,100,100839,100,99782,100,101037,100,99657,100
2019-06-28 09:50:57.759291697,100015,100,100011,240,100057,440,99997,244,100076,340,99965,100,100106,100,99962,100,100113,100,99903,100,100116,100,99870,100,100500,100,99869,100,100611,100,99863,100,100616,100,99782,100,100839,100,99657,100
2019-06-28 09:51:00.000000000,100015,580,99997,484,100057,200,99965,100,100076,100,99962,100,100106,100,99903,100,100113,100,99870,100,100116,100,99869,100,100500,100,99863,100,100611,100,99782,100,100616,100,99657,100,100839,100,99587,100
2019-06-28 09:51:06.027789946,100015,580,99997,484,100057,200,99965,100,100106,100,99962,100,100113,100,99903,100,100116,100,99870,100,100500,100,99869,100,100611,100,99863,100,100616,100,99782,100,100839,100,99657,100,101037,100,99587,100
2019-06-28 09:51:10.000000000,100015,263,99997,167,100057,358,99965,258,100106,258,99962,258,100113,100,99903,100,100116,100,99870,100,100500,100,99869,100,100611,100,99863,100,100616,100,99782,100,100839,100,99657,100,101037,100,99587,100
2019-06-28 09:51:11.508610853,100015,263,99997,167,100057,358,99965,258,100106,258,99962,258,100113,100,99903,100,100116,100,99870,100,100500,100,99869,100,100611,100,99863,100,100616,100,99782,100,100839,100,99657,100,101037,100,99587,100
2019-06-28 09:51:20.000000000,100015,340,99997,244,100057,440,99965,340,100106,100,99962,100,100113,100,99903,100,100116,100,99870,100,100500,100,99869,100,100611,100,99863,100,100616,100,99782,100,100839,100,99657,100,101037,100,99587,100
2019-06-28 09:51:21.345368176,100015,340,99997,244,100057,440,99965,340,100106,100,99962,100,100113,100,99870,100,100116,100,99869,100,100500,100,99863,100,100611,100,99782,100,100616,100,99657,100,100839,100,99587,100,101037,100,99575,100
2019-06-28 09:51:21.699753861,100015,440,99997,244,100057,440,99965,340,100106,100,99962,100,100113,100,99870,100,100116,100,99869,100,100500,100,99863,100,100611,100,99782,100,100616,100,99657,100,100839,100,99587,100,101037,100,99575,100
2019-06-28 09:51:22.002876461,100015,540,99997,244,100057,440,99965,340,100106,100,99962,100,100113,100,99870,100,100116,100,99869,100,100500,100,99863,100,100611,100,99782,100,100616,100,99657,100,100839,100,99587,100,101037,100,99575,100
2019-06-28 09:51:30.000000000,100015,420,99997,124,100057,320,99965,220,100106,220,99962,220,100113,220,99870,220,100116,100,99869,100,100500,100,99863,100,100611,100,99782,100,100616,100,99657,100,100839,100,99587,100,101037,100,99575,100
2019-06-28 09:51:40.000000000,100015,463,99997,167,100057,358,99965,258,100106,258,99962,258,100113,100,99870,100,100116,100,99869,100,100500,100,99863,100,100611,100,99782,100,100616,100,99657,100,100839,100,99587,100,101037,100,99575,100
2019-06-28 09:51:50.000000000,100015,540,99997,244,100057,440,99965,340,100106,100,99962,100,100113,100,99870,100,100116,100,99869,100,100500,100,99863,100,100611,100,99782,100,100616,100,99657,100,100839,100,99587,100,101037,100,99575,100
2019-06-28 09:52:00.000000000,100015,463,99997,167,100057,358,99965,258,100106,258,99962,258,100113,100,99870,100,100116,100,99869,100,100500,100,99863,100,100611,100,99782,100,100616,100,99657,100,100839,100,99587,100,101037,100,99575,100
2019-06-28 09:52:10.000000000,100015,540,99997,244,100057,440,99965,340,100106,100,99962,100,100113,100,99870,100,100116,100,99869,100,100500,100,99863,100,100611,100,99782,100,100616,100,99657,100,100839,100,99587,100,101037,100,99575,100
2019-06-28 09:52:12.072009758,100015,540,99997,144,100057,440,99965,340,100113,100,99962,100,100116,100,99870,100,100500,100,99869,100,100611,100,99863,100,100616,100,99782,100,100839,100,99657,100,101037,100,99587,100,101070,100,99575,100
2019-06-28 09:52:20.000000000,100015,780,99965,580,100057,200,99962,100,100113,100,99870,100,100116,100,99869,100,100500,100,99863,100,100611,100,99782,100,100616,100,99657,100,100839,100,99587,100,101037,100,99575,100,101070,100,99555,100
2019-06-28 09:52:30.000000000,100015,420,99965,220,100057,320,99962,220,100113,220,99870,220,100116,220,99869,220,100500,100,99863,100,100611,100,99782,100,100616,100,99657,100,100839,100,99587,100,101037,100,99575,100,101070,100,99555,100
2019-06-28 09:52:40.000000000,100015,540,99965,340,100057,440,99962,340,100113,100,99870,100,100116,100,99869,100,100500,100,99863,100,100611,100,99782,100,100616,100,99657,100,100839,100,99587,100,101037,100,99575,100,101070,100,99555,100
2019-06-28 09:52:50.000000000,100015,396,99965,196,100057,296,99962,196,100113,196,99870,196,100116,196,99869,196,100500,196,99863,196,100611,100,99782,100,100616,100,99657,100,100839,100,99587,100,101037,100,99575,100,101070,100,99555,100
2019-06-28 09:52:50.471266576,100015,396,99965,196,100057,196,99962,196,100113,196,99870,196,100116,196,99869,196,100500,196,99863,196,100611,100,99782,100,100616,100,99657,100,100839,100,99587,100,101037,100,99575,100,101070,100,99555,100
2019-06-28 09:53:00.000000000,100015,420,99965,220,100057,220,99962,220,100113,220,99870,220,100116,220,99869,220,100500,100,99863,100,100611,100,99782,100,100616,100,99657,100,100839,100,99587,100,101037,100,99575,100,101070,100,99555,100
2019-06-28 09:53:10.000000000,100015,463,99965,263,100057,258,99962,258,100113,258,99870,258,100116,100,99869,100,100500,100,99863,100,100611,100,99782,100,100616,100,99657,100,100839,100,99587,100,101037,100,99575,100,101070,100,99555,100
2019-06-28 09:53:20.000000000,100015,780,99965,580,100057,100,99962,100,100113,100,99870,100,100116,100,99869,100,100500,100,99863,100,100611,100,99782,100,100616,100,99657,100,100839,100,99587,100,101037,100,99575,100,101070,100,99555,100
2019-06-28 09:53:29.168841276,100015,780,99965,480,100057,100,99962,100,100113,100,99870,100,100116,100,99869,100,100500,100,99863,100,100611,100,99782,100,100616,100,99657,100,100839,100,99587,100,101070,100,99575,100,101126,100,99555,100
2019-06-28 09:53:30.000000000,100015,396,99962,196,100057,196,99870,196,100113,196,99869,196,100116,196,99863,196,100500,196,99782,196,100611,100,99657,100,100616,100,99587,100,100839,100,99575,100,101070,100,99555,100,101126,100,99550,100
2019-06-28 09:53:40.000000000,100015,396,99962,196,100057,196,99870,196,100113,196,99869,196,100116,196,99863,196,100500,196,99782,196,100611,100,99657,100,100616,100,99587,100,100839,100,99575,100,101070,100,99555,100,101126,100,99550,100
2019-06-28 09:53:40.874715769,99997,100,99962,196,100015,396,99870,196,100057,196,99869,196,100113,196,99863,196,100116,196,99782,196,100500,196,99657,100,100611,100,99587,100,100616,100,99575,100,100839,100,99555,100,101070,100,99550,100
2019-06-28 09:53:50.000000000,99997,263,99962,263,100015,458,99870,258,100057,258,99869,258,100113,100,99863,100,100116,100,99782,100,100500,100,99657,100,100611,100,99587,100,100616,100,99575,100,100839,100,99555,100,101070,100,99550,100
2019-06-28 09:54:00.000000000,99997,580,99962,580,100015,300,99870,100,100057,100,99869,100,100113,100,99863,100,100116,100,99782,100,100500,100,99657,100,100611,100,99587,100,100616,100,99575,100,100839,100,99555,100,101070,100,99550,100
2019-06-28 09:54:10.000000000,99997,220,99962,220,100015,420,99870,220,100057,220,99869,220,100113,220,99863,220,100116,100,99782,100,100500,100,99657,100,100611,100,99587,100,100616,100,99575,100,100839,100,99555,100,101070,100,99550,100
2019-06-28 09:54:17.923721688,99997,220,99962,220,100015,420,99870,120,100057,220,99869,220,100113,220,99863,220,100116,100,99782,100,100500,100,99657,100,100611,100,99587,100,100616,100,99575,100,100839,100,99555,100,101070,100,99550,100
2019-06-28 09:54:19.205262891,99997,220,99962,120,100015,420,99870,120,100057,220,99869,220,100113,220,99863,220,100500,100,99782,100,100611,100,99657,100,100616,100,99587,100,100839,100,99575,100,101070,100,99555,100,101126,100,99550,100
2019-06-28 09:54:20.000000000,99997,196,99869,196,100015,396,99863,196,100057,196,99782,196,100113,196,99657,196,100500,196,99587,196,100611,100,99575,100,100616,100,99555,100,100839,100,99550,100,101070,100,99473,100,101126,100,99453,100
2019-06-28 09:54:30.000000000,99997,340,99869,340,100015,540,99863,340,100057,100,99782,100,100113,100,99657,100,100500,100,99587,100,100611,100,99575,100,100616,100,99555,100,100839,100,99550,100,101070,100,99473,100,101126,100,99453,100
2019-06-28 09:54:37.457596819,99997,340,99869,340,100015,540,99863,340,100057,100,99782,100,100113,100,99657,100,100500,100,99587,100,100611,100,99575,100,100616,100,99555,100,100839,100,99550,100,101070,100,99473,100,101126,100,99453,100
2019-06-28 09:54:40.000000000,99997,580,99869,580,100015,300,99863,100,100057,100,99782,100,100113,100,99657,100,100500,100,99587,100,100611,100,99575,100,100616,100,99555,100,100839,100,99550,100,101070,100,99473,100,101126,100,99453,100
2019-06-28 09:54:49.000279243,99997,580,99869,580,100015,300,99863,100,100057,100,99782,100,100113,100,99657,100,100500,100,99587,100,100611,100,99575,100,100616,100,99555,100,100839,100,99550,100,101070,100,99473,100,101126,100,99443,100
2019-06-28 09:54:50.000000000,99997,263,99869,263,100015,458,99863,258,100057,258,99782,258,100113,100,99657,100,100500,100,99587,100,100611,100,99575,100,100616,100,99555,100,100839,100,99550,100,101070,100,99473,100,101126,100,99443,100
2019-06-28 09:55:00.000000000,99997,263,99869,263,100015,458,99863,258,100057,258,99782,258,100113,100,99657,100,100500,100,99587,100,100611,100,99575,100,100616,100,99555,100,100839,100,99550,100,101070,100,99473,100,101126,100,99443,100
2019-06-28 09:55:04.954831009,99997,263,99869,163,100015,458,99863,258,100057,258,99782,258,100113,100,99657,100,100500,100,99587,100,100611,100,99575,100,100616,100,99555,100,100839,100,99550,100,101070,100,99473,100,101126,100,99443,100
2019-06-28 09:55:10.000000000,99997,196,99863,196,100015,396,99782,196,100057,196,99657,196,100113,196,99587,196,100500,196,99575,196,100611,100,99555,100,100616,100,99550,100,100839,100,99473,100,101070,100,99443,100,101126,100,99352,100
2019-06-28 09:55:20.000000000,99997,196,99863,196,100015,396,99782,196,100057,196,99657,196,100113,196,99587,196,100500,196,99575,196,100611,100,99555,100,100616,100,99550,100,100839,100,99473,100,101070,100,99443,100,101126,100,99352,100
2019-06-28 09:55:29.890262911,99997,196,99863,196,100015,396,99782,196,100057,196,99657,196,100113,196,99587,196,100500,196,99575,196,100611,100,99555,100,100616,100,99550,100,100839,100,99473,100,101070,100,99443,100,101126,100,99352,100
2019-06-28 09:55:30.000000000,99997,580,99863,580,100015,300,99782,100,100057,100,99657,100,100113,100,99587,100,100500,100,99575,100,100611,100,99555,100,100616,100,99550,100,100839,100,99473,100,101070,100,99443,100,101126,100,99352,100
2019-06-28 09:55:33.697171209,99997,580,99863,480,100015,300,99782,100,100057,100,99657,100,100113,100,99587,100,100500,100,99575,100,100611,100,99555,100,100616,100,99550,100,100839,100,99473,100,101070,100,99443,100,101126,100,99352,100
2019-06-28 09:55:39.428564129,99997,580,99863,380,100015,300,99782,100,100057,100,99657,100,100113,100,99587,100,100500,100,99575,100,100611,100,99555,100,100616,100,99550,100,100839,100,99473,100,101070,100,99443,100,101126,100,99352,100
2019-06-28 09:55:40.000000000,99997,263,99782,263,100015,458,99657,258,100057,258,99587,258,100113,100,99575,100,100500,100,99555,100,100611,100,99550,100,100616,100,99473,100,100839,100,99443,100,101070,100,99352,100,101126,100,99171,100
2019-06-28 09:55:50.000000000,99997,340,99782,340,100015,540,99657,340,100057,100,99587,100,100113,100,99575,100,100500,100,99555,100,100611,100,99550,100,100616,100,99473,100,100839,100,99443,100,101070,100,99352,100,101126,100,99171,100
2019-06-28 09:55:58.073457980,99863,100,99782,340,99997,340,99657,340,100015,540,99587,100,100057,100,99575,100,100113,100,99555,100,100500,100,99550,100,100611,100,99473,100,100616,100,99443,100,100839,100,99352,100,101070,100,99171,100
2019-06-28 09:56:00.000000000,99863,220,99782,220,99997,220,99657,220,100015,420,99587,220,100057,220,99575,220,100113,100,99555,100,100500,100,99550,100,100611,100,99473,100,100616,100,99443,100,100839,100,99352,100,101070,100,99171,100
2019-06-28 09:56:10.000000000,99863,263,99782,263,99997,258,99657,258,100015,458,99587,258,100057,100,99575,100,100113,100,99555,100,100500,100,99550,100,100611,100,99473,100,100616,100,99443,100,100839,100,99352,100,101070,100,99171,100
2019-06-28 09:56:20.000000000,99863,196,99782,196,99997,196,99657,196,100015,396,99587,196,100057,196,99575,196,100113,196,99555,196,100500,100,99550,100,100611,100,99473,100,100616,100,99443,100,100839,100,99352,100,101070,100,99171,100
2019-06-28 09:56:30.000000000,99863,263,99782,263,99997,258,99657,258,100015,458,99587,258,100057,100,99575,100,100113,100,99555,100,100500,100,99550,100,100611,100,99473,100,100616,100,99443,100,100839,100,99352,100,101070,100,99171,100
2019-06-28 09:56:38.078133720,99863,263,99782,263,99997,258,99657,258,100015,458,99587,258,100057,100,99575,100,100113,100,99555,100,100500,100,99550,100,100611,100,99473,100,100616,100,99443,100,100839,100,99352,100,101070,100,99171,100
2019-06-28 09:56:40.000000000,99863,580,99782,580,99997,100,99657,100,100015,300,99587,100,100057,100,99575,100,100113,100,99555,100,100500,100,99550,100,100611,100,99473,100,100616,100,99443,100,100839,100,99352,100,101070,100,99171,100
2019-06-28 09:56:50.000000000,99863,340,99782,340,99997,340,99657,340,100015,300,99587,100,100057,100,99575,100,100113,100,99555,100,100500,100,99550,100,100611,100,99473,100,100616,100,99443,100,100839,100,99352,100,101070,100,99171,100
2019-06-28 09:56:52.780901622,99863,440,99782,340,99997,340,99657,340,100015,300,99587,100,100057,100,99575,100,100113,100,99555,100,100500,100,99550,100,100611,100,99473,100,100616,100,99443,100,100839,100,99352,100,101070,100,99171,100
2019-06-28 09:57:00.000000000,99863,320,99782,220,99997,220,99657,220,100015,420,99587,220,100057,220,99575,220,100113,100,99555,100,100500,100,99550,100,100611,100,99473,100,100616,100,99443,100,100839,100,99352,100,101070,100,99171,100
2019-06-28 09:57:10.000000000,99863,320,99782,220,99997,220,99657,220,100015,420,99587,220,100057,220,99575,220,100113,100,99555,100,100500,100,99550,100,100611,100,99473,100,100616,100,99443,100,100839,100,99352,100,101070,100,99171,100
2019-06-28 09:57:20.000000000,99863,440,99782,340,99997,340,99657,340,100015,300,99587,100,100057,100,99575,100,100113,100,99555,100,100500,100,99550,100,100611,100,99473,100,100616,100,99443,100,100839,100,99352,100,101070,100,99171,100
2019-06-28 09:57:20.474706690,99863,540,99782,340,99997,240,99657,340,100015,300,99587,100,100057,100,99575,100,100113,100,99555,100,100500,100,99550,100,100611,100,99473,100,100616,100,99443,100,100839,100,99352,100,101070,100,99171,100
2019-06-28 09:57:30.000000000,99863,463,99782,263,100015,458,99657,258,100057,258,99587,258,100113,100,99575,100,100500,100,99555,100,100611,100,99550,100,100616,100,99473,100,100839,100,99443,100,101070,100,99352,100,101126,100,99171,100
2019-06-28 09:57:37.694297471,99863,563,99782,263,100015,458,99657,258,100057,258,99587,258,100113,100,99575,100,100500,100,99555,100,100611,100,99550,100,100616,100,99473,100,100839,100,99443,100,101070,100,99352,100,101126,100,99171,100
2019-06-28 09:57:40.000000000,99863,880,99782,580,100015,300,99657,100,100057,100,99587,100,100113,100,99575,100,100500,100,99555,100,100611,100,99550,100,100616,100,99473,100,100839,100,99443,100,101070,100,99352,100,101126,100,99171,100
2019-06-28 09:57:40.726675194,99863,780,99782,580,100015,300,99657,100,100057,100,99587,100,100113,100,99575,100,100500,100,99555,100,100611,100,99550,100,100616,100,99473,100,100839,100,99443,100,101070,100,99352,100,101126,100,99171,100
2019-06-28 09:57:42.272288508,99863,780,99782,580,100015,300,99657,100,100057,100,99587,100,100113,100,99575,100,100500,100,99555,100,100611,100,99550,100,100616,100,99473,100,100839,100,99443,100,101070,100,99352,100,101126,100,99171,100
2019-06-28 09:57:48.087279781,99863,780,99782,580,100015,300,99657,100,100057,100,99587,100,100113,100,99575,100,100611,100,99555,100,100616,100,99550,100,100839,100,99473,100,101070,100,99443,100,101126,100,99352,100,101127,100,99171,100
2019-06-28 09:57:50.000000000,99863,540,99782,340,100015,540,99657,340,100057,100,99587,100,100113,100,99575,100,100611,100,99555,100,100616,100,99550,100,100839,100,99473,100,101070,100,99443,100,101126,100,99352,100,101127,100,99171,100
2019-06-28 09:58:00.000000000,99863,396,99782,196,100015,396,99657,196,100057,196,99587,196,100113,196,99575,196,100611,196,99555,196,100616,100,99550,100,100839,100,99473,100,101070,100,99443,100,101126,100,99352,100,101127,100,99171,100
2019-06-28 09:58:10.000000000,99863,780,99782,580,100015,300,99657,100,100057,100,99587,100,100113,100,99575,100,100611,100,99555,100,100616,100,99550,100,100839,100,99473,100,101070,100,99443,100,101126,100,99352,100,101127,100,99171,100
2019-06-28 09:58:14.641442346,99863,880,99782,580,100015,300,99657,100,100057,100,99587,100,100113,100,99575,100,100611,100,99555,100,100616,100,99550,100,100839,100,99473,100,101070,100,99443,100,101126,100,99352,100,101127,100,99171,100
2019-06-28 09:58:20.000000000,99863,520,99782,220,100015,420,99657,220,100057,220,99587,220,100113,220,99575,220,100611,100,99555,100,100616,100,99550,100,100839,100,99473,100,101070,100,99443,100,101126,100,99352,100,101127,100,99171,100
2019-06-28 09:58:22.539969640,99863,520,99782,220,100015,320,99657,220,100057,220,99587,220,100113,220,99575,220,100611,100,99555,100,100616,100,99550,100,100839,100,99473,100,101070,100,99443,100,101126,100,99352,100,101127,100,99171,100
2019-06-28 09:58:30.000000000,99863,563,99782,263,100015,358,99657,258,100057,258,99587,258,100113,100,99575,100,100611,100,99555,100,100616,100,99550,100,100839,100,99473,100,101070,100,99443,100,101126,100,99352,100,101127,100,99171,100
2019-06-28 09:58:31.857119007,99863,663,99782,263,100015,358,99657,258,100057,258,99587,258,100113,100,99575,100,100611,100,99555,100,100616,100,99550,100,100839,100,99473,100,101070,100,99443,100,101126,100,99352,100,101127,100,99171,100
2019-06-28 09:58:36.216020450,99863,663,99782,163,100015,358,99657,258,100057,258,99587,258,100113,100,99575,100,100611,100,99555,100,100616,100,99550,100,100839,100,99473,100,101070,100,99443,100,101126,100,99352,100,101127,100,99171,100
2019-06-28 09:58:40.000000000,99863,980,99657,580,100015,200,99587,100,100057,100,99575,100,100113,100,99555,100,100611,100,99550,100,100616,100,99473,100,100839,100,99443,100,101070,100,99352,100,101126,100,99171,100,101127,100,99150,100
2019-06-28 09:58:46.103202064,99863,980,99657,580,100015,200,99587,100,100057,100,99575,100,100113,100,99555,100,100611,100,99550,100,100616,100,99473,100,100839,100,99443,100,101070,100,99430,100,101126,100,99352,100,101127,100,99171,100
2019-06-28 09:58:50.000000000,99863,620,99657,220,100015,320,99587,220,100057,220,99575,220,100113,220,99555,220,100611,100,99550,100,100616,100,99473,100,100839,100,99443,100,101070,100,99430,100,101126,100,99352,100,101127,100,99171,100
2019-06-28 09:59:00.000000000,99863,980,99657,580,100015,200,99587,100,100057,100,99575,100,100113,100,99555,100,100611,100,99550,100,100616,100,99473,100,100839,100,99443,100,101070,100,99430,100,101126,100,99352,100,101127,100,99171,100
2019-06-28 09:59:06.593466120,99863,980,99657,480,100015,200,99587,100,100057,100,99575,100,100113,100,99555,100,100611,100,99550,100,100616,100,99473,100,100839,100,99443,100,101070,100,99430,100,101126,100,99352,100,101127,100,99171,100
2019-06-28 09:59:10.000000000,99863,980,99587,580,100015,200,99575,100,100057,100,99555,100,100113,100,99550,100,100611,100,99473,100,100616,100,99443,100,100839,100,99430,100,101070,100,99352,100,101126,100,99171,100,101127,100,99150,100
2019-06-28 09:59:20.000000000,99863,980,99587,580,100015,200,99575,100,100057,100,99555,100,100113,100,99550,100,100611,100,99473,100,100616,100,99443,100,100839,100,99430,100,101070,100,99352,100,101126,100,99171,100,101127,100,99150,100
2019-06-28 09:59:30.000000000,99863,980,99587,580,100015,200,99575,100,100057,100,99555,100,100113,100,99550,100,100611,100,99473,100,100616,100,99443,100,100839,100,99430,100,101070,100,99352,100,101126,100,99171,100,101127,100,99150,100
2019-06-28 09:59:32.841738875,99863,980,99587,580,100015,200,99575,100,100057,100,99555,100,100113,100,99550,100,100611,100,99494,100,100616,100,99473,100,100839,100,99443,100,101070,100,99352,100,101126,100,99171,100,101127,100,99150,100
2019-06-28 09:59:40.000000000,99863,663,99587,263,100015,358,99575,258,100057,258,99555,258,100113,100,99550,100,100611,100,99494,100,100616,100,99473,100,100839,100,99443,100,101070,100,99352,100,101126,100,99171,100,101127,100,99150,100
2019-06-28 09:59:44.298081700,99863,663,99587,163,100015,358,99575,258,100057,258,99555,258,100113,100,99550,100,100611,100,99494,100,100616,100,99473,100,100839,100,99443,100,101070,100,99352,100,101126,100,99171,100,101127,100,99150,100
2019-06-28 09:59:45.200222107,99863,663,99587,63,100015,358,99575,258,100057,258,99555,258,100113,100,99550,100,100611,100,99494,100,100616,100,99473,100,100839,100,99443,100,101070,100,99352,100,101126,100,99171,100,101127,100,99150,100
2019-06-28 09:59:50.000000000,99863,980,99575,580,100015,200,99555,100,100057,100,99550,100,100113,100,99494,100,100611,100,99473,100,100616,100,99443,100,100839,100,99352,100,101070,100,99171,100,101126,100,99150,100,101127,100,99143,100
2019-06-28 09:59:59.417619106,99863,980,99575,580,100015,200,99555,100,100057,100,99550,100,100113,100,99494,100,100611,100,99473,100,100616,100,99443,100,100839,100,99352,100,101070,100,99171,100,101126,100,99150,100,101127,100,99143,100
2019-06-28 10:00:00.000000000,99863,740,99575,340,100015,440,99555,340,100057,100,99550,100,100113,100,99494,100,100611,100,99473,100,100616,100,99443,100,100839,100,99352,100,101070,100,99171,100,101126,100,99150,100,101127,100,99143,100
2019-06-28 10:00:10.000000000,99863,620,99575,220,100015,320,99555,220,100057,220,99550,220,100113,220,99494,220,100611,100,99473,100,100616,100,99443,100,100839,100,99352,100,101070,100,99171,100,101126,100,99150,100,101127,100,99143,100
2019-06-28 10:00:20.000000000,99863,620,99575,220,100015,320,99555,220,100057,220,99550,220,100113,220,99494,220,100611,100,99473,100,100616,100,99443,100,100839,100,99352,100,101070,100,99171,100,101126,100,99150,100,101127,100,99143,100
2019-06-28 10:00:30.000000000,99863,740,99575,340,100015,440,99555,340,100057,100,99550,100,100113,100,99494,100,100611,100,99473,100,100616,100,99443,100,100839,100,99352,100,101070,100,99171,100,101126,100,99150,100,101127,100,99143,100
2019-06-28 10:00:31.618562911,99863,740,99643,100,100015,440,99575,340,100057,100,99555,340,100113,100,99550,100,100611,100,99494,100,100616,100,99473,100,101070,100,99443,100,101126,100,99352,100,101127,100,99171,100,101178,100,99150,100
2019-06-28 10:00:40.000000000,99863,596,99643,196,100015,296,99575,196,100057,196,99555,196,100113,196,99550,196,100611,196,99494,196,100616,100,99473,100,101070,100,99443,100,101126,100,99352,100,101127,100,99171,100,101178,100,99150,100
2019-06-28 10:00:50.000000000,99863,663,99643,263,100015,358,99575,258,100057,258,99555,258,100113,100,99550,100,100611,100,99494,100,100616,100,99473,100,101070,100,99443,100,101126,100,99352,100,101127,100,99171,100,101178,100,99150,100
2019-06-28 10:01:00.000000000,99863,740,99643,340,100015,440,99575,340,100057,100,99555,100,100113,100,99550,100,100611,100,99494,100,100616,100,99473,100,101070,100,99443,100,101126,100,99352,100,101127,100,99171,100,101178,100,99150,100
2019-06-28 10:01:10.000000000,99863,620,99643,220,100015,320,99575,220,100057,220,99555,220,100113,220,99550,220,100611,100,99494,100,100616,100,99473,100,101070,100,99443,100,101126,100,99352,100,101127,100,99171,100,101178,100,99150,100
2019-06-28 10:01:16.103592461,99863,620,99643,220,100015,320,99575,220,100057,120,99555,220,100113,220,99550,220,100611,100,99494,100,100616,100,99473,100,101070,100,99443,100,101126,100,99401,100,101127,100,99352,100,101178,100,99171,100
2019-06-28 10:01:20.000000000,99863,740,99643,340,100015,440,99575,340,100113,100,99555,100,100611,100,99550,100,100616,100,99494,100,101070,100,99473,100,101126,100,99443,100,101127,100,99401,100,101178,100,99352,100,101215,100,99171,100
2019-06-28 10:01:30.000000000,99863,663,99643,263,100015,358,99575,258,100113,258,99555,258,100611,100,99550,100,100616,100,99494,100,101070,100,99473,100,101126,100,99443,100,101127,100,99401,100,101178,100,99352,100,101215,100,99171,100
2019-06-28 10:01:40.000000000,99863,663,99643,263,100015,358,99575,258,100113,258,99555,258,100611,100,99550,100,100616,100,99494,100,101070,100,99473,100,101126,100,99443,100,101127,100,99401,100,101178,100,99352,100,101215,100,99171,100
2019-06-28 10:01:42.432858108,99863,663,99643,263,100015,358,99575,158,100113,258,99555,258,100611,100,99550,100,100616,100,99494,100,101070,100,99473,100,101126,100,99443,100,101127,100,99401,100,101178,100,99352,100,101215,100,99325,100
2019-06-28 10:01:50.000000000,99863,663,99643,263,100015,358,99555,258,100113,258,99550,258,100611,100,99494,100,100616,100,99473,100,101070,100,99443,100,101126,100,99401,100,101127,100,99352,100,101178,100,99325,100,101215,100,99171,100
2019-06-28 10:01:50.228055426,99863,663,99643,63,100015,358,99555,258,100113,258,99550,258,100611,100,99494,100,100616,100,99473,100,101070,100,99443,100,101126,100,99401,100,101127,100,99352,100,101178,100,99325,100,101215,100,99171,100
2019-06-28 10:01:52.415107872,99863,663,99643,63,100015,358,99555,258,100113,258,99550,258,100611,100,99494,100,100616,100,99473,100,101126,100,99443,100,101127,100,99401,100,101178,100,99352,100,101215,100,99327,100,101379,100,99325,100
2019-06-28 10:02:00.000000000,99863,980,99555,580,100015,200,99550,100,100113,100,99494,100,100611,100,99473,100,100616,100,99443,100,101126,100,99401,100,101127,100,99352,100,101178,100,99327,100,101215,100,99325,100,101379,100,99171,100
2019-06-28 10:02:04.407720137,99584,100,99555,580,99863,980,99550,100,100015,200,99494,100,100113,100,99473,100,100611,100,99443,100,100616,100,99401,100,101126,100,99352,100,101127,100,99327,100,101178,100,99325,100,101379,100,99171,100
2019-06-28 10:02:10.000000000,99584,263,99555,263,99863,658,99550,258,100015,358,99494,258,100113,100,99473,100,100611,100,99443,100,100616,100,99401,100,101126,100,99352,100,101127,100,99327,100,101178,100,99325,100,101379,100,99171,100
2019-06-28 10:02:20.000000000,99584,340,99555,340,99863,740,99550,340,100015,200,99494,100,100113,100,99473,100,100611,100,99443,100,100616,100,99401,100,101126,100,99352,100,101127,100,99327,100,101178,100,99325,100,101379,100,99171,100
2019-06-28 10:02:29.890031397,99584,340,99555,340,99647,100,99550,340,99863,740,99494,100,100015,200,99473,100,100113,100,99443,100,100611,100,99401,100,100616,100,99352,100,101126,100,99327,100,101127,100,99171,100,101178,100,99150,100
2019-06-28 10:02:30.000000000,99584,220,99555,220,99647,220,99550,220,99863,620,99494,220,100015,320,99473,220,100113,100,99443,100,100611,100,99401,100,100616,100,99352,100,101126,100,99327,100,101127,100,99171,100,101178,100,99150,100
2019-06-28 10:02:36.663176542,99584,220,99555,220,99647,220,99550,220,99863,620,99494,220,100015,320,99489,100,100113,100,99473,220,100611,100,99443,100,100616,100,99401,100,101126,100,99352,100,101127,100,99327,100,101178,100,99171,100
2019-06-28 10:02:40.000000000,99584,340,99555,340,99647,340,99550,340,99863,500,99494,100,100015,200,99489,100,100113,100,99473,100,100611,100,99443,100,100616,100,99401,100,101126,100,99352,100,101127,100,99327,100,101178,100,99171,100
2019-06-28 10:02:42.080294647,99584,340,99555,240,99647,340,99550,340,99863,500,99494,100,100015,200,99489,100,100113,100,99473,100,100611,100,99443,100,100616,100,99401,100,101126,100,99352,100,101178,100,99327,100,101379,100,99171,100
2019-06-28 10:02:50.000000000,99584,263,99550,263,99647,258,99494,258,99863,658,99489,258,100015,200,99473,100,100113,100,99443,100,100611,100,99401,100,100616,100,99352,100,101126,100,99327,100,101178,100,99171,100,101379,100,99150,100
2019-06-28 10:03:00.000000000,99584,196,99550,196,99647,196,99494,196,99863,596,99489,196,100015,296,99473,196,100113,196,99443,196,100611,100,99401,100,100616,100,99352,100,101126,100,99327,100,101178,100,99171,100,101379,100,99150,100
2019-06-28 10:03:03.021505475,99584,196,99550,196,99647,196,99494,196,99753,100,99489,196,99863,596,99473,196,100015,296,99443,196,100113,196,99401,100,100611,100,99352,100,100616,100,99327,100,101126,100,99171,100,101178,100,99150,100
2019-06-28 10:03:07.061763568,99584,196,99573,100,99647,196,99550,196,99753,100,99494,196,99863,596,99489,196,100015,296,99473,196,100113,196,99443,196,100611,100,99401,100,100616,100,99352,100,101126,100,99327,100,101178,100,99171,100
2019-06-28 10:03:10.000000000,99584,580,99573,580,99647,100,99550,100,99753,100,99494,100,99863,500,99489,100,100015,200,99473,100,100113,100,99443,100,100611,100,99401,100,100616,100,99352,100,101126,100,99327,100,101178,100,99171,100
2019-06-28 10:03:20.000000000,99584,580,99573,580,99647,100,99550,100,99753,100,99494,100,99863,500,99489,100,100015,200,99473,100,100113,100,99443,100,100611,100,99401,100,100616,100,99352,100,101126,100,99327,100,101178,100,99171,100
2019-06-28 10:03:27.074104201,99578,100,99573,580,99584,580,99550,100,99647,100,99494,100,99753,100,99489,100,99863,500,99473,100,100015,200,99443,100,100113,100,99401,100,100611,100,99352,100,100616,100,99327,100,101126,100,99171,100
2019-06-28 10:03:30.000000000,99578,220,99573,220,99584,220,99550,220,99647,220,99494,220,99753,220,99489,220,99863,500,99473,100,100015,200,99443,100,100113,100,99401,100,100611,100,99352,100,100616,100,99327,100,101126,100,99171,100
2019-06-28 10:03:40.000000000,99578,340,99573,340,99584,340,99550,340,99647,100,99494,100,99753,100,99489,100,99863,500,99473,100,100015,200,99443,100,100113,100,99401,100,100611,100,99352,100,100616,100,99327,100,101126,100,99171,100
2019-06-28 10:03:50.000000000,99578,263,99573,263,99584,258,99550,258,99647,258,99494,258,99753,100,99489,100,99863,500,99473,100,100015,200,99443,100,100113,100,99401,100,100611,100,99352,100,100616,100,99327,100,101126,100,99171,100
2019-06-28 10:04:00.000000000,99578,196,99573,196,99584,196,99550,196,99647,196,99494,196,99753,196,99489,196,99863,596,99473,196,100015,200,99443,100,100113,100,99401,100,100611,100,99352,100,100616,100,99327,100,101126,100,99171,100
2019-06-28 10:04:10.000000000,99578,263,99573,263,99584,258,99550,258,99647,258,99494,258,99753,100,99489,100,99863,500,99473,100,100015,200,99443,100,100113,100,99401,100,100611,100,99352,100,100616,100,99327,100,101126,100,99171,100
2019-06-28 10:04:12.142873395,99578,263,99573,263,99583,100,99550,258,99584,258,99494,258,99647,258,99489,100,99753,100,99473,100,99863,500,99443,100,100015,100,99401,100,100113,100,99352,100,100611,100,99327,100,100616,100,99171,100
2019-06-28 10:04:20.000000000,99578,580,99573,580,99583,100,99550,100,99584,100,99494,100,99647,100,99489,100,99753,100,99473,100,99863,500,99443,100,100015,100,99401,100,100113,100,99352,100,100611,100,99327,100,100616,100,99171,100
2019-06-28 10:04:24.106848145,99578,580,99573,580,99583,100,99550,100,99584,100,99494,100,99633,100,99489,100,99647,100,99473,100,99753,100,99443,100,99863,500,99401,100,100015,100,99352,100,100113,100,99171,100,100611,100,99150,100
2019-06-28 10:04:28.866968519,99578,580,99573,480,99583,100,99550,100,99584,100,99494,100,99633,100,99489,100,99647,100,99443,100,99753,100,99401,100,99863,500,99352,100,100015,100,99171,100,100113,100,99150,100,100611,100,99143,100
2019-06-28 10:04:30.000000000,99578,263,99550,263,99583,258,99494,258,99584,258,99489,258,99633,100,99443,100,99647,100,99401,100,99753,100,99352,100,99863,500,99171,100,100015,100,99150,100,100113,100,99143,100,100611,100,99110,100
2019-06-28 10:04:40.000000000,99578,263,99550,263,99583,258,99494,258,99584,258,99489,258,99633,100,99443,100,99647,100,99401,100,99753,100,99352,100,99863,500,99171,100,100015,100,99150,100,100113,100,99143,100,100611,100,99110,100
2019-06-28 10:04:40.889309950,99573,100,99550,263,99578,263,99494,258,99583,258,99489,258,99584,258,99443,100,99633,100,99401,100,99647,100,99352,100,99753,100,99171,100,99863,500,99150,100,100015,100,99143,100,100113,100,99110,100
2019-06-28 10:04:41.135239167,99578,263,99550,263,99583,258,99494,258,99584,258,99489,158,99633,100,99443,100,99647,100,99401,100,99753,100,99352,100,99863,500,99171,100,100015,100,99150,100,100113,100,99143,100,100611,100,99110,100
2019-06-28 10:04:50.000000000,99578,340,99550,340,99583,340,99494,340,99584,100,99443,100,99633,100,99401,100,99647,100,99352,100,99753,100,99171,100,99863,500,99150,100,100015,100,99143,100,100113,100,99110,100,100611,100,99033,100
2019-06-28 10:05:00.000000000,99578,196,99550,196,99583,196,99494,196,99584,196,99443,196,99633,196,99401,196,99647,196,99352,196,99753,100,99171,100,99863,500,99150,100,100015,100,99143,100,100113,100,99110,100,100611,100,99033,100
2019-06-28 10:05:10.000000000,99578,580,99550,580,99583,100,99494,100,99584,100,99443,100,99633,100,99401,100,99647,100,99352,100,99753,100,99171,100,99863,500,99150,100,100015,100,99143,100,100113,100,99110,100,100611,100,99033,100
2019-06-28 10:05:15.541472905,99578,580,99550,580,99583,100,99494,100,99584,100,99443,100,99633,100,99352,100,99647,100,99346,100,99753,100,99171,100,99863,500,99150,100,100015,100,99143,100,100113,100,99110,100,100611,100,99033,100
2019-06-28 10:05:20.000000000,99578,263,99550,263,99583,258,99494,258,99584,258,99443,258,99633,100,99352,100,99647,100,99346,100,99753,100,99171,100,99863,500,99150,100,100015,100,99143,100,100113,100,99110,100,100611,100,99033,100
2019-06-28 10:05:24.668236041,99578,263,99550,263,99583,258,99494,258,99584,158,99443,258,99633,100,99352,100,99647,100,99346,100,99753,100,99171,100,99863,500,99150,100,100015,100,99143,100,100113,100,99110,100,100611,100,99063,100
2019-06-28 10:05:30.000000000,99578,580,99550,580,99583,100,99494,100,99633,100,99443,100,99647,100,99352,100,99753,100,99346,100,99863,500,99171,100,100015,100,99150,100,100113,100,99143,100,100611,100,99110,100,100616,100,99063,100
2019-06-28 10:05:39.862050130,99578,580,99550,380,99583,100,99494,100,99633,100,99443,100,99647,100,99352,100,99753,100,99346,100,99863,500,99171,100,100015,100,99150,100,100113,100,99143,100,100611,100,99110,100,100616,100,99063,100
2019-06-28 10:05:40.000000000,99578,220,99494,220,99583,220,99443,220,99633,220,99352,220,99647,220,99346,220,99753,100,99171,100,99863,500,99150,100,100015,100,99143,100,100113,100,99110,100,100611,100,99063,100,100616,100,99033,100
2019-06-28 10:05:50.000000000,99578,220,99494,220,99583,220,99443,220,99633,220,99352,220,99647,220,99346,220,99753,100,99171,100,99863,500,99150,100,100015,100,99143,100,100113,100,99110,100,100611,100,99063,100,100616,100,99033,100
2019-06-28 10:06:00.000000000,99578,196,99494,196,99583,196,99443,196,99633,196,99352,196,99647,196,99346,196,99753,196,99171,196,99863,500,99150,100,100015,100,99143,100,100113,100,99110,100,100611,100,99063,100,100616,100,99033,100
2019-06-28 10:06:10.000000000,99578,340,99494,340,99583,340,99443,340,99633,100,99352,100,99647,100,99346,100,99753,100,99171,100,99863,500,99150,100,100015,100,99143,100,100113,100,99110,100,100611,100,99063,100,100616,100,99033,100
2019-06-28 10:06:20.000000000,99578,340,99494,340,99583,340,99443,340,99633,100,99352,100,99647,100,99346,100,99753,100,99171,100,99863,500,99150,100,100015,100,99143,100,100113,100,99110,100,100611,100,99063,100,100616,100,99033,100
2019-06-28 10:06:22.640838114,99578,340,99494,340,99583,340,99443,340,99633,100,99352,100,99647,100,99346,100,99753,100,99171,100,99863,500,99150,100,99979,100,99143,100,100015,100,99110,100,100113,100,99063,100,100611,100,99033,100
2019-06-28 10:06:30.000000000,99578,263,99494,263,99583,258,99443,258,99633,258,99352,258,99647,100,99346,100,99753,100,99171,100,99863,500,99150,100,99979,100,99143,100,100015,100,99110,100,100113,100,99063,100,100611,100,99033,100
2019-06-28 10:06:30.407303108,99578,163,99494,263,99583,258,99443,258,99633,258,99352,258,99647,100,99346,100,99753,100,99171,100,99863,500,99150,100,99979,100,99143,100,100015,100,99110,100,100113,100,99063,100,100611,100,99033,100
2019-06-28 10:06:30.704657534,99578,163,99494,263,99583,258,99443,258,99633,258,99352,258,99647,100,99346,100,99753,100,99171,100,99863,400,99150,100,99979,100,99143,100,100015,100,99110,100,100113,100,99063,100,100611,100,99033,100
2019-06-28 10:06:39.717166850,99578,163,99551,100,99583,258,99494,263,99633,258,99443,258,99647,100,99352,258,99753,100,99346,100,99863,400,99171,100,99979,100,99150,100,100015,100,99143,100,100113,100,99110,100,100611,100,99063,100
2019-06-28 10:06:40.000000000,99583,340,99551,340,99633,340,99494,340,99647,100,99443,100,99753,100,99352,100,99863,400,99346,100,99979,100,99171,100,100015,100,99150,100,100113,100,99143,100,100611,100,99110,100,100616,100,99063,100
2019-06-28 10:06:50.000000000,99583,340,99551,340,99633,340,99494,340,99647,100,99443,100,99753,100,99352,100,99863,400,99346,100,99979,100,99171,100,100015,100,99150,100,100113,100,99143,100,100611,100,99110,100,100616,100,99063,100
2019-06-28 10:06:55.158780872,99583,340,99551,440,99633,340,99494,340,99647,100,99443,100,99753,100,99352,100,99863,400,99346,100,99979,100,99171,100,100015,100,99150,100,100113,100,99143,100,100611,100,99110,100,100616,100,99063,100
2019-06-28 10:07:00.000000000,99583,580,99551,680,99633,100,99494,100,99647,100,99443,100,99753,100,99352,100,99863,400,99346,100,99979,100,99171,100,100015,100,99150,100,100113,100,99143,100,100611,100,99110,100,100616,100,99063,100
2019-06-28 10:07:10.000000000,99583,196,99551,296,99633,196,99494,196,99647,196,99443,196,99753,196,99352,196,99863,496,99346,196,99979,100,99171,100,100015,100,99150,100,100113,100,99143,100,100611,100,99110,100,100616,100,99063,100
2019-06-28 10:07:19.223944009,99583,96,99551,296,99633,196,99494,196,99647,196,99443,196,99753,196,99352,196,99863,496,99346,196,99979,100,99171,100,100015,100,99150,100,100113,100,99143,100,100611,100,99110,100,100616,100,99063,100
2019-06-28 10:07:20.000000000,99633,220,99551,320,99647,220,99494,220,99753,220,99443,220,99863,520,99352,220,99979,100,99346,100,100015,100,99171,100,100113,100,99150,100,100611,100,99143,100,100616,100,99110,100,101126,100,99063,100
2019-06-28 10:07:30.000000000,99633,263,99551,363,99647,258,99494,258,99753,258,99443,258,99863,400,99352,100,99979,100,99346,100,100015,100,99171,100,100113,100,99150,100,100611,100,99143,100,100616,100,99110,100,101126,100,99063,100
2019-06-28 10:07:40.000000000,99633,263,99551,363,99647,258,99494,258,99753,258,99443,258,99863,400,99352,100,99979,100,99346,100,100015,100,99171,100,100113,100,99150,100,100611,100,99143,100,100616,100,99110,100,101126,100,99063,100
2019-06-28 10:07:50.000000000,99633,196,99551,296,99647,196,99494,196,99753,196,99443,196,99863,496,99352,196,99979,196,99346,196,100015,100,99171,100,100113,100,99150,100,100611,100,99143,100,100616,100,99110,100,101126,100,99063,100
2019-06-28 10:07:55.436835224,99633,196,99551,296,99647,196,99494,196,99753,196,99443,196,99863,396,99352,196,99979,196,99346,196,100015,100,99171,100,100113,100,99150,100,100611,100,99143,100,100616,100,99110,100,101126,100,99063,100
2019-06-28 10:07:56.860271149,99633,196,99551,296,99647,196,99494,196,99753,196,99443,196,99863,396,99352,196,99979,196,99346,196,100015,100,99171,100,100113,100,99150,100,100364,100,99143,100,100611,100,99110,100,100616,100,99063,100
2019-06-28 10:08:00.000000000,99633,220,99551,320,99647,220,99494,220,99753,220,99443,220,99863,420,99352,220,99979,100,99346,100,100015,100,99171,100,100113,100,99150,100,100364,100,99143,100,100611,100,99110,100,100616,100,99063,100
