,ask_price_1,ask_size_1,bid_price_1,bid_size_1,ask_price_2,ask_size_2,bid_price_2,bid_size_2,ask_price_3,ask_size_3,bid_price_3,bid_size_3,ask_price_4,ask_size_4,bid_price_4,bid_size_4,ask_price_5,ask_size_5,bid_price_5,bid_size_5,ask_price_6,ask_size_6,bid_price_6,bid_size_6,ask_price_7,ask_size_7,bid_price_7,bid_size_7,ask_price_8,ask_size_8,bid_price_8,bid_size_8,ask_price_9,ask_size_9,bid_price_9,bid_size_9,ask_price_10,ask_size_10,bid_price_10,bid_size_10
2019-06-28 09:30:00.000000005,,,100038,100,,,99975,100,,,,,,,,,,,,,,,,,,,,,,,,,,,,,,,,
2019-06-28 09:30:00.000000006,100120,100,100038,100,,,99975,100,,,,,,,,,,,,,,,,,,,,,,,,,,,,,,,,
2019-06-28 09:30:00.000000007,100106,100,100038,100,100120,100,99975,100,,,99963,100,,,,,,,,,,,,,,,,,,,,,,,,,,,,
2019-06-28 09:30:00.000000008,100106,100,100038,100,100120,100,99975,100,,,99963,100,,,99920,100,,,,,,,,,,,,,,,,,,,,,,,,
2019-06-28 09:30:00.000000009,100106,100,100038,100,100120,100,99988,100,100174,100,99975,100,,,99963,100,,,99920,100,,,99845,100,,,,,,,,,,,,,,,,
2019-06-28 09:30:00.000000010,100074,100,100038,100,100106,100,99988,100,100120,100,99975,100,100174,100,99963,100,,,99920,100,,,99845,100,,,,,,,,,,,,,,,,
2019-06-28 09:30:00.000000012,100074,100,100038,100,100106,100,99988,100,100120,100,99975,100,100174,100,99963,100,,,99920,100,,,99890,100,,,99845,100,,,,,,,,,,,,
2019-06-28 09:30:00.000000013,100074,100,100038,100,100106,100,99988,100,100120,100,99979,100,100174,100,99975,100,,,99963,100,,,99920,100,,,99890,100,,,99845,100,,,,,,,,
2019-06-28 09:30:00.000000014,100074,100,99998,100,100106,100,99988,100,100120,100,99979,100,100174,100,99975,100,,,99963,100,,,99920,100,,,99890,100,,,99845,100,,,,,,,,
2019-06-28 09:30:00.000000015,100045,100,99998,100,100074,100,99988,100,100106,100,99979,100,100120,100,99975,100,100174,100,99963,100,,,99920,100,,,99890,100,,,99845,100,,,,,,,,
2019-06-28 09:30:00.000000016,100043,100,99998,100,100045,100,99988,100,100074,100,99979,100,100106,100,99975,100,100120,100,99963,100,100174,100,99920,100,,,99890,100,,,99845,100,,,,,,,,
2019-06-28 09:30:00.000000019,100043,100,99998,100,100045,100,99988,100,100074,100,99979,100,100106,100,99975,100,100120,100,99963,100,100174,100,99920,100,,,99890,100,,,99855,100,,,99845,100,,,,
2019-06-28 09:30:00.000000022,100043,100,99998,100,100045,100,99988,100,100074,100,99979,100,100106,100,99978,100,100120,100,99975,100,100174,100,99963,100,100213,100,99920,100,,,99890,100,,,99855,100,,,99845,100
2019-06-28 09:30:00.000000024,100043,100,99998,100,100045,100,99988,100,100074,100,99979,100,100106,100,99978,100,100120,100,99975,100,100174,100,99963,100,100213,100,99953,100,,,99920,100,,,99895,100,,,99890,100
2019-06-28 09:30:00.000000026,100043,100,99998,100,100045,100,99996,100,100074,100,99988,100,100106,100,99979,100,100120,100,99978,100,100174,100,99975,100,100213,100,99963,100,,,99953,100,,,99920,100,,,99895,100
2019-06-28 09:30:00.000000027,100043,100,100035,100,100045,100,99998,100,100074,100,99996,100,100106,100,99988,100,100120,100,99979,100,100174,100,99978,100,100213,100,99975,100,,,99963,100,,,99953,100,,,99920,100
2019-06-28 09:30:00.000000030,100043,100,100035,100,100045,100,99998,100,100074,100,99996,100,100106,100,99988,100,100120,100,99979,100,100174,100,99978,100,100213,100,99975,100,,,99963,100,,,99953,100,,,99920,100
2019-06-28 09:30:00.000000032,100043,100,100035,100,100045,100,99998,100,100074,100,99996,100,100089,100,99988,100,100106,100,99979,100,100120,100,99978,100,100174,100,99975,100,100213,100,99963,100,,,99953,100,,,99920,100
2019-06-28 09:30:00.000000033,100042,100,100035,100,100043,100,99998,100,100045,100,99996,100,100074,100,99988,100,100089,100,99979,100,100106,100,99978,100,100120,100,99975,100,100174,100,99963,100,100213,100,99953,100,,,99920,100
2019-06-28 09:30:00.000000038,100042,100,99998,100,100043,100,99996,100,100045,100,99988,100,100049,100,99983,100,100074,100,99979,100,100089,100,99978,100,100106,100,99975,100,100120,100,99963,100,100174,100,99953,100,100213,100,99920,100
2019-06-28 09:30:00.000000041,100001,100,99998,100,100042,100,99996,100,100043,100,99988,100,100045,100,99983,100,100049,100,99979,100,100074,100,99978,100,100089,100,99975,100,100106,100,99963,100,100120,100,99953,100,100174,100,99920,100
2019-06-28 09:30:00.000000042,100001,100,99998,100,100042,100,99996,100,100043,100,99988,100,100045,100,99983,100,100049,100,99979,100,100074,100,99978,100,100089,100,99975,100,100106,100,99963,100,100120,100,99953,100,100174,100,99920,100
2019-06-28 09:30:00.000000043,100001,100,99998,100,100042,100,99996,100,100043,100,99988,100,100045,100,99983,100,100049,100,99979,100,100074,100,99978,100,100089,100,99975,100,100106,100,99963,100,100120,100,99953,100,100122,100,99920,100
2019-06-28 09:30:00.000000046,100035,100,99998,100,100042,100,99996,100,100043,100,99988,100,100045,100,99983,100,100049,100,99979,100,100074,100,99978,100,100089,100,99975,100,100106,100,99963,100,100120,100,99953,100,100122,100,99920,100
2019-06-28 09:30:00.000000052,100022,100,99998,100,100035,100,99996,100,100042,100,99988,100,100043,100,99983,100,100045,100,99979,100,100049,100,99978,100,100074,100,99975,100,100089,100,99963,100,100106,100,99953,100,100120,100,99920,100
2019-06-28 09:30:00.000000054,100022,100,99998,100,100035,100,99996,100,100042,100,99988,100,100043,100,99983,100,100045,100,99979,100,100049,100,99978,100,100074,100,99975,100,100089,100,99963,100,100106,100,99953,100,100120,100,99920,100
2019-06-28 09:30:00.000000055,100022,100,99998,100,100027,100,99996,100,100035,100,99988,100,100042,100,99983,100,100043,100,99979,100,100045,100,99978,100,100049,100,99975,100,100074,100,99963,100,100089,100,99953,100,100106,100,99920,100
2019-06-28 09:30:00.000000058,100022,100,99996,100,100027,100,99988,100,100035,100,99983,100,100042,100,99979,100,100043,100,99978,100,100045,100,99975,100,100049,100,99963,100,100074,100,99953,100,100089,100,99920,100,100106,100,99908,100
2019-06-28 09:30:00.000000061,100022,100,99996,100,100027,100,99988,100,100035,100,99983,100,100042,100,99979,100,100043,100,99978,100,100045,100,99975,100,100049,100,99963,100,100074,100,99953,100,100089,100,99920,200,100106,100,99908,100
2019-06-28 09:30:00.000000065,100022,100,99996,100,100027,100,99988,100,100035,100,99983,100,100042,100,99979,100,100043,100,99978,100,100045,100,99975,100,100049,100,99963,100,100074,100,99957,100,100089,100,99953,100,100106,100,99920,200
2019-06-28 09:30:00.000000066,100022,100,99998,100,100027,100,99996,100,100035,100,99988,100,100042,100,99983,100,100043,100,99979,100,100045,100,99978,100,100049,100,99975,100,100074,100,99963,100,100089,100,99957,100,100095,100,99953,100
2019-06-28 09:30:00.000000067,100022,100,99998,100,100027,100,99996,100,100035,100,99988,100,100042,100,99983,100,100043,100,99979,100,100045,100,99978,100,100049,100,99975,100,100074,100,99963,100,100089,100,99957,100,100095,100,99953,100
2019-06-28 09:30:00.000000071,100022,100,99998,100,100027,100,99996,100,100035,100,99988,100,100042,100,99983,100,100043,100,99979,100,100045,100,99978,100,100049,100,99975,100,100074,100,99969,100,100089,100,99963,100,100095,100,99957,100
2019-06-28 09:30:00.000000072,100022,100,99998,100,100027,100,99996,100,100035,100,99988,100,100042,100,99985,100,100043,100,99983,100,100045,100,99979,100,100049,100,99978,100,100074,100,99975,100,100089,100,99969,100,100095,100,99963,100
2019-06-28 09:30:00.000000074,100022,100,99998,200,100027,100,99996,100,100035,100,99988,100,100042,100,99985,100,100043,100,99983,100,100045,100,99979,100,100049,100,99978,100,100074,100,99975,100,100089,100,99969,100,100095,100,99963,100
2019-06-28 09:30:00.000000075,100022,100,99999,100,100027,100,99998,100,100035,100,99996,100,100042,100,99988,100,100043,100,99985,100,100045,100,99983,100,100049,100,99979,100,100074,100,99978,100,100089,100,99975,100,100090,100,99969,100
2019-06-28 09:30:00.000000077,100008,100,99999,100,100022,100,99998,100,100027,100,99996,100,100035,100,99988,100,100042,100,99985,100,100043,100,99983,100,100045,100,99979,100,100049,100,99978,100,100074,100,99975,100,100089,100,99969,100
2019-06-28 09:30:00.000000078,100008,100,99999,100,100022,100,99998,100,100027,100,99996,100,100035,100,99988,100,100042,100,99985,100,100043,100,99983,100,100045,100,99979,100,100049,100,99978,100,100074,100,99975,100,100089,100,99969,100
2019-06-28 09:30:00.000000079,100008,100,100005,100,100022,100,99999,100,100027,100,99998,100,100035,100,99996,100,100042,100,99988,100,100043,100,99985,100,100045,100,99983,100,100049,100,99979,100,100074,100,99978,100,100089,100,99975,100
2019-06-28 09:30:00.000000082,100008,100,100005,100,100022,100,99999,100,100027,100,99998,100,100035,100,99996,100,100042,100,99988,100,100043,100,99985,100,100045,100,99983,100,100049,100,99979,100,100074,100,99978,100,100089,100,99975,100
2019-06-28 09:30:00.000000085,100008,100,100005,100,100022,100,99999,200,100027,100,99998,100,100035,100,99996,100,100042,100,99988,100,100043,100,99985,100,100045,100,99983,100,100049,100,99979,100,100074,100,99978,100,100089,100,99975,100
2019-06-28 09:30:00.000000086,100008,100,99999,200,100022,100,99998,100,100027,100,99996,100,100035,100,99988,100,100042,100,99985,100,100043,100,99983,100,100045,100,99979,100,100049,100,99978,100,100074,100,99975,100,100089,100,99969,100
2019-06-28 09:30:00.000000087,100005,100,99999,200,100008,100,99998,100,100022,100,99996,100,100027,100,99988,100,100035,100,99985,100,100042,100,99983,100,100043,100,99979,100,100045,100,99978,100,100049,100,99975,100,100074,100,99969,100
2019-06-28 09:30:00.000000089,100008,100,99999,200,100022,100,99998,100,100027,100,99996,100,100035,100,99988,100,100042,100,99985,100,100043,100,99983,100,100045,100,99979,100,100049,100,99978,100,100074,100,99975,100,100089,100,99969,100
2019-06-28 09:30:00.000000090,100008,100,99999,200,100022,100,99998,100,100027,100,99996,100,100035,100,99988,100,100037,100,99985,100,100042,100,99983,100,100043,100,99979,100,100045,100,99978,100,100049,100,99975,100,100074,100,99969,100
2019-06-28 09:30:00.000000092,100005,100,99999,200,100008,100,99998,100,100022,100,99996,100,100027,100,99988,100,100035,100,99985,100,100037,100,99983,100,100042,100,99979,100,100043,100,99978,100,100045,100,99975,100,100049,100,99969,100
2019-06-28 09:30:00.000000097,100008,100,99999,200,100022,100,99998,100,100027,100,99996,100,100035,100,99988,100,100037,100,99985,100,100042,100,99983,100,100043,100,99979,100,100045,100,99978,100,100049,100,99975,100,100074,100,99969,100
2019-06-28 09:30:02.934655862,100008,100,99999,200,100022,100,99998,100,100027,100,99996,100,100035,100,99988,100,100037,100,99985,100,100042,100,99983,100,100043,100,99979,100,100045,100,99978,100,100049,100,99975,100,100074,100,99969,100
2019-06-28 09:30:04.198283045,100008,100,99999,200,100022,100,99998,100,100027,100,99996,100,100035,100,99988,100,100037,100,99985,100,100042,100,99983,100,100043,100,99979,100,100045,100,99978,100,100049,100,99975,100,100074,100,99969,100
2019-06-28 09:30:10.000000000,100008,182,99999,282,100022,182,99998,182,100027,182,99996,182,100035,182,99988,182,100037,100,99985,100,100042,100,99983,100,100043,100,99979,100,100045,100,99978,100,100049,100,99975,100,100074,100,99969,100
2019-06-28 09:30:16.559811385,100008,182,99999,182,100022,182,99998,182,100027,182,99996,182,100035,182,99988,182,100037,100,99985,100,100042,100,99983,100,100043,100,99979,100,100045,100,99978,100,100049,100,99975,100,100074,100,99969,100
2019-06-28 09:30:20.000000000,100008,212,99999,212,100022,209,99998,209,100027,209,99996,209,100035,100,99988,100,100037,100,99985,100,100042,100,99983,100,100043,100,99979,100,100045,100,99978,100,100049,100,99975,100,100074,100,99969,100
2019-06-28 09:30:30.000000000,100008,430,99999,430,100022,100,99998,100,100027,100,99996,100,100035,100,99988,100,100037,100,99985,100,100042,100,99983,100,100043,100,99979,100,100045,100,99978,100,100049,100,99975,100,100074,100,99969,100
2019-06-28 09:30:39.645890042,100008,430,99999,430,100022,100,99998,100,100027,100,99996,100,100035,100,99988,100,100037,100,99985,100,100042,100,99983,100,100043,100,99979,100,100045,100,99978,100,100049,100,99975,100,100074,100,99969,100
2019-06-28 09:30:40.000000000,100008,265,99999,265,100022,265,99998,265,100027,100,99996,100,100035,100,99988,100,100037,100,99985,100,100042,100,99983,100,100043,100,99979,100,100045,100,99978,100,100049,100,99975,100,100074,100,99969,100
2019-06-28 09:30:40.982717397,100005,100,99999,265,100008,265,99998,265,100022,265,99996,100,100027,100,99988,100,100035,100,99985,100,100037,100,99983,100,100042,100,99979,100,100043,100,99978,100,100045,100,99975,100,100049,100,99969,100
2019-06-28 09:30:50.000000000,100005,212,99999,212,100008,209,99998,209,100022,209,99996,209,100027,100,99988,100,100035,100,99985,100,100037,100,99983,100,100042,100,99979,100,100043,100,99978,100,100045,100,99975,100,100049,100,99969,100
2019-06-28 09:31:00.000000000,100005,430,99999,430,100008,100,99998,100,100022,100,99996,100,100027,100,99988,100,100035,100,99985,100,100037,100,99983,100,100042,100,99979,100,100043,100,99978,100,100045,100,99975,100,100049,100,99969,100
2019-06-28 09:31:10.000000000,100005,212,99999,212,100008,209,99998,209,100022,209,99996,209,100027,100,99988,100,100035,100,99985,100,100037,100,99983,100,100042,100,99979,100,100043,100,99978,100,100045,100,99975,100,100049,100,99969,100
2019-06-28 09:31:12.674650737,100005,212,99999,212,100008,209,99998,209,100022,209,99996,209,100027,100,99988,100,100035,100,99985,100,100037,100,99983,100,100042,100,99979,100,100043,100,99978,100,100045,100,99975,100,100046,100,99969,100
2019-06-28 09:31:16.837265060,100005,212,99999,212,100008,209,99998,209,100022,209,99996,209,100027,100,99988,100,100035,100,99985,100,100037,100,99983,100,100042,100,99979,100,100043,100,99978,100,100045,100,99975,100,100046,100,99969,100
2019-06-28 09:31:20.000000000,100005,430,99999,430,100008,100,99998,100,100022,100,99996,100,100027,100,99988,100,100035,100,99985,100,100037,100,99983,100,100042,100,99979,100,100043,100,99978,100,100045,100,99975,100,100046,100,99969,100
2019-06-28 09:31:29.824205661,100005,330,99999,430,100008,100,99998,100,100022,100,99996,100,100035,100,99988,100,100037,100,99985,100,100042,100,99983,100,100043,100,99979,100,100045,100,99978,100,100046,100,99975,100,100049,100,99969,100
2019-06-28 09:31:30.000000000,100008,430,99999,430,100022,100,99998,100,100035,100,99996,100,100037,100,99988,100,100042,100,99985,100,100043,100,99983,100,100045,100,99979,100,100046,100,99978,100,100049,100,99975,100,100074,100,99969,100
2019-06-28 09:31:36.297620566,100008,430,100000,100,100022,100,99999,430,100035,100,99998,100,100037,100,99996,100,100042,100,99988,100,100043,100,99985,100,100045,100,99983,100,100046,100,99979,100,100049,100,99978,100,100074,100,99975,100
2019-06-28 09:31:40.000000000,100008,166,100000,166,100022,166,99999,166,100035,166,99998,166,100037,166,99996,166,100042,166,99988,166,100043,100,99985,100,100045,100,99983,100,100046,100,99979,100,100049,100,99978,100,100074,100,99975,100
2019-06-28 09:31:50.000000000,100008,182,100000,182,100022,182,99999,182,100035,182,99998,182,100037,182,99996,182,100042,100,99988,100,100043,100,99985,100,100045,100,99983,100,100046,100,99979,100,100049,100,99978,100,100074,100,99975,100
2019-06-28 09:32:00.000000000,100008,265,100000,265,100022,265,99999,265,100035,100,99998,100,100037,100,99996,100,100042,100,99988,100,100043,100,99985,100,100045,100,99983,100,100046,100,99979,100,100049,100,99978,100,100074,100,99975,100
2019-06-28 09:32:10.000000000,100008,212,100000,212,100022,209,99999,209,100035,209,99998,209,100037,100,99996,100,100042,100,99988,100,100043,100,99985,100,100045,100,99983,100,100046,100,99979,100,100049,100,99978,100,100074,100,99975,100
2019-06-28 09:32:15.839204852,100008,212,100000,212,100022,209,99999,209,100035,209,99998,209,100037,100,99996,100,100042,100,99985,100,100043,100,99983,100,100045,100,99979,100,100046,100,99978,100,100049,100,99975,100,100074,100,99969,100
2019-06-28 09:32:20.000000000,100008,265,100000,265,100022,265,99999,265,100035,100,99998,100,100037,100,99996,100,100042,100,99985,100,100043,100,99983,100,100045,100,99979,100,100046,100,99978,100,100049,100,99975,100,100074,100,99969,100
2019-06-28 09:32:21.888898245,100004,100,100000,265,100008,265,99999,265,100022,265,99998,100,100035,100,99996,100,100037,100,99985,100,100042,100,99983,100,100043,100,99979,100,100045,100,99978,100,100046,100,99975,100,100049,100,99969,100
2019-06-28 09:32:22.513543518,100004,100,100000,265,100008,265,99999,265,100022,265,99998,100,100035,100,99996,100,100037,100,99985,100,100042,100,99983,100,100043,100,99979,100,100045,100,99978,100,100046,100,99975,100,100049,100,99969,100
2019-06-28 09:32:30.000000000,100004,430,100000,430,100008,100,99999,100,100022,100,99998,100,100035,100,99996,100,100037,100,99985,100,100042,100,99983,100,100043,100,99979,100,100045,100,99978,100,100046,100,99975,100,100049,100,99969,100
2019-06-28 09:32:32.746530690,100004,430,100000,430,100008,100,99999,100,100022,100,99998,100,100035,100,99996,100,100037,100,99985,100,100042,100,99983,100,100043,100,99979,100,100045,100,99978,100,100046,100,99975,100,100049,100,99969,100
2019-06-28 09:32:39.115567034,100004,430,100000,430,100008,100,99999,100,100022,100,99998,100,100035,100,99996,100,100037,100,99985,100,100042,100,99983,100,100043,100,99979,100,100045,100,99978,100,100046,100,99975,100,100049,100,99969,100
2019-06-28 09:32:40.000000000,100004,166,100000,166,100008,166,99999,166,100022,166,99998,166,100035,166,99996,166,100037,166,99985,166,100042,100,99983,100,100043,100,99979,100,100045,100,99978,100,100046,100,99975,100,100049,100,99969,100
2019-06-28 09:32:50.000000000,100004,430,100000,430,100008,100,99999,100,100022,100,99998,100,100035,100,99996,100,100037,100,99985,100,100042,100,99983,100,100043,100,99979,100,100045,100,99978,100,100046,100,99975,100,100049,100,99969,100
2019-06-28 09:32:59.729691847,100004,430,100000,330,100008,100,99999,100,100022,100,99998,100,100035,100,99996,100,100037,100,99985,100,100042,100,99983,100,100043,100,99979,100,100045,100,99978,100,100046,100,99975,100,100049,100,99969,100
2019-06-28 09:33:00.000000000,100004,182,99999,182,100008,182,99998,182,100022,182,99996,182,100035,182,99985,182,100037,100,99983,100,100042,100,99979,100,100043,100,99978,100,100045,100,99975,100,100046,100,99969,100,100049,100,99958,100
2019-06-28 09:33:10.000000000,100004,265,99999,265,100008,265,99998,265,100022,100,99996,100,100035,100,99985,100,100037,100,99983,100,100042,100,99979,100,100043,100,99978,100,100045,100,99975,100,100046,100,99969,100,100049,100,99958,100
2019-06-28 09:33:20.000000000,100004,265,99999,265,100008,265,99998,265,100022,100,99996,100,100035,100,99985,100,100037,100,99983,100,100042,100,99979,100,100043,100,99978,100,100045,100,99975,100,100046,100,99969,100,100049,100,99958,100
2019-06-28 09:33:22.025074607,100004,265,99999,165,100008,265,99998,265,100022,100,99996,100,100035,100,99985,100,100037,100,99983,100,100042,100,99979,100,100043,100,99978,100,100045,100,99975,100,100046,100,99969,100,100049,100,99958,100
2019-06-28 09:33:30.000000000,100004,166,99998,166,100008,166,99996,166,100022,166,99985,166,100035,166,99983,166,100037,166,99979,166,100042,100,99978,100,100043,100,99975,100,100045,100,99969,100,100046,100,99958,100,100049,100,99957,100
2019-06-28 09:33:40.000000000,100004,212,99998,212,100008,209,99996,209,100022,209,99985,209,100035,100,99983,100,100037,100,99979,100,100042,100,99978,100,100043,100,99975,100,100045,100,99969,100,100046,100,99958,100,100049,100,99957,100
2019-06-28 09:33:42.138240838,100004,212,99998,212,100008,209,99996,209,100022,209,99985,109,100035,100,99983,100,100037,100,99979,100,100038,100,99978,100,100042,100,99975,100,100043,100,99969,100,100045,100,99958,100,100046,100,99957,100
2019-06-28 09:33:50.000000000,100004,265,99998,265,100008,265,99996,265,100022,100,99983,100,100035,100,99979,100,100037,100,99978,100,100038,100,99975,100,100042,100,99969,100,100043,100,99958,100,100045,100,99957,100,100046,100,99953,100
2019-06-28 09:33:50.500298514,100000,100,99998,265,100004,265,99996,265,100008,265,99983,100,100022,100,99979,100,100035,100,99978,100,100037,100,99975,100,100038,100,99969,100,100042,100,99958,100,100043,100,99957,100,100045,100,99953,100
2019-06-28 09:34:00.000000000,100000,212,99998,212,100004,209,99996,209,100008,209,99983,209,100022,100,99979,100,100035,100,99978,100,100037,100,99975,100,100038,100,99969,100,100042,100,99958,100,100043,100,99957,100,100045,100,99953,100
2019-06-28 09:34:10.000000000,100000,166,99998,166,100004,166,99996,166,100008,166,99983,166,100022,166,99979,166,100035,166,99978,166,100037,100,99975,100,100038,100,99969,100,100042,100,99958,100,100043,100,99957,100,100045,100,99953,100
2019-06-28 09:34:20.000000000,100000,166,99998,166,100004,166,99996,166,100008,166,99983,166,100022,166,99979,166,100035,166,99978,166,100037,100,99975,100,100038,100,99969,100,100042,100,99958,100,100043,100,99957,100,100045,100,99953,100
2019-06-28 09:34:30.000000000,100000,166,99998,166,100004,166,99996,166,100008,166,99983,166,100022,166,99979,166,100035,166,99978,166,100037,100,99975,100,100038,100,99969,100,100042,100,99958,100,100043,100,99957,100,100045,100,99953,100
2019-06-28 09:34:40.000000000,100000,212,99998,212,100004,209,99996,209,100008,209,99983,209,100022,100,99979,100,100035,100,99978,100,100037,100,99975,100,100038,100,99969,100,100042,100,99958,100,100043,100,99957,100,100045,100,99953,100
2019-06-28 09:34:50.000000000,100000,430,99998,430,100004,100,99996,100,100008,100,99983,100,100022,100,99979,100,100035,100,99978,100,100037,100,99975,100,100038,100,99969,100,100042,100,99958,100,100043,100,99957,100,100045,100,99953,100
2019-06-28 09:34:54.249807639,100000,430,99998,430,100004,100,99996,100,100008,100,99983,100,100022,100,99979,100,100035,100,99978,100,100037,100,99975,100,100038,100,99969,100,100042,100,99958,100,100043,100,99957,100,100045,100,99953,100
2019-06-28 09:35:00.000000000,100000,430,99998,430,100004,100,99996,100,100008,100,99983,100,100022,100,99979,100,100035,100,99978,100,100037,100,99975,100,100038,100,99969,100,100042,100,99958,100,100043,100,99957,100,100045,100,99953,100
2019-06-28 09:35:04.556537992,100000,430,99998,430,100004,100,99996,100,100008,100,99983,100,100022,100,99979,100,100035,100,99978,100,100037,100,99975,100,100038,100,99969,100,100042,100,99958,100,100043,100,99957,100,100045,100,99953,100
2019-06-28 09:35:10.000000000,100000,166,99998,166,100004,166,99996,166,100008,166,99983,166,100022,166,99979,166,100035,166,99978,166,100037,100,99975,100,100038,100,99969,100,100042,100,99958,100,100043,100,99957,100,100045,100,99953,100
2019-06-28 09:35:19.300439181,100000,166,99998,166,100004,166,99996,166,100008,166,99983,166,100022,166,99979,166,100035,166,99978,166,100037,100,99975,100,100038,100,99969,100,100042,100,99958,100,100043,100,99957,100,100045,100,99953,100
2019-06-28 09:35:20.000000000,100000,430,99998,430,100004,100,99996,100,100008,100,99983,100,100022,100,99979,100,100035,100,99978,100,100037,100,99975,100,100038,100,99969,100,100042,100,99958,100,100043,100,99957,100,100045,100,99953,100
2019-06-28 09:35:24.191291976,100000,430,99998,430,100004,100,99996,100,100008,100,99983,100,100022,100,99979,100,100035,100,99978,100,100037,100,99975,100,100038,100,99969,100,100042,100,99958,100,100043,100,99957,100,100045,100,99953,100
2019-06-28 09:35:30.000000000,100000,166,99998,166,100004,166,99996,166,100008,166,99983,166,100022,166,99979,166,100035,166,99978,166,100037,100,99975,100,100038,100,99969,100,100042,100,99958,100,100043,100,99957,100,100045,100,99953,100
2019-06-28 09:35:31.822829111,100004,166,100001,34,100008,166,99998,166,100022,166,99996,166,100035,166,99983,166,100037,100,99979,166,100038,100,99978,166,100042,100,99975,100,100043,100,99969,100,100045,100,99958,100,100046,100,99957,100
2019-06-28 09:35:40.000000000,100004,212,100001,146,100008,209,99998,209,100022,209,99996,209,100035,100,99983,100,100037,100,99979,100,100038,100,99978,100,100042,100,99975,100,100043,100,99969,100,100045,100,99958,100,100046,100,99957,100
2019-06-28 09:35:50.000000000,100004,182,100001,116,100008,182,99998,182,100022,182,99996,182,100035,182,99983,182,100037,100,99979,100,100038,100,99978,100,100042,100,99975,100,100043,100,99969,100,100045,100,99958,100,100046,100,99957,100
2019-06-28 09:35:55.599803850,100004,182,100001,116,100008,182,100000,100,100022,182,99998,182,100035,182,99996,182,100037,100,99983,182,100038,100,99979,100,100042,100,99978,100,100043,100,99975,100,100045,100,99969,100,100046,100,99958,100
2019-06-28 09:36:00.000000000,100004,430,100001,364,100008,100,100000,100,100022,100,99998,100,100035,100,99996,100,100037,100,99983,100,100038,100,99979,100,100042,100,99978,100,100043,100,99975,100,100045,100,99969,100,100046,100,99958,100
2019-06-28 09:36:10.000000000,100004,265,100001,199,100008,265,100000,265,100022,100,99998,100,100035,100,99996,100,100037,100,99983,100,100038,100,99979,100,100042,100,99978,100,100043,100,99975,100,100045,100,99969,100,100046,100,99958,100
2019-06-28 09:36:16.650210957,100004,265,100001,199,100008,265,100000,365,100022,100,99998,100,100035,100,99996,100,100037,100,99983,100,100038,100,99979,100,100042,100,99978,100,100043,100,99975,100,100045,100,99969,100,100046,100,99958,100
2019-06-28 09:36:20.000000000,100004,430,100001,364,100008,100,100000,200,100022,100,99998,100,100035,100,99996,100,100037,100,99983,100,100038,100,99979,100,100042,100,99978,100,100043,100,99975,100,100045,100,99969,100,100046,100,99958,100
2019-06-28 09:36:30.000000000,100004,212,100001,146,100008,209,100000,309,100022,209,99998,209,100035,100,99996,100,100037,100,99983,100,100038,100,99979,100,100042,100,99978,100,100043,100,99975,100,100045,100,99969,100,100046,100,99958,100
2019-06-28 09:36:40.000000000,100004,212,100001,146,100008,209,100000,309,100022,209,99998,209,100035,100,99996,100,100037,100,99983,100,100038,100,99979,100,100042,100,99978,100,100043,100,99975,100,100045,100,99969,100,100046,100,99958,100
2019-06-28 09:36:50.000000000,100004,430,100001,364,100008,100,100000,200,100022,100,99998,100,100035,100,99996,100,100037,100,99983,100,100038,100,99979,100,100042,100,99978,100,100043,100,99975,100,100045,100,99969,100,100046,100,99958,100
2019-06-28 09:37:00.000000000,100004,430,100001,364,100008,100,100000,200,100022,100,99998,100,100035,100,99996,100,100037,100,99983,100,100038,100,99979,100,100042,100,99978,100,100043,100,99975,100,100045,100,99969,100,100046,100,99958,100
2019-06-28 09:37:10.000000000,100004,265,100001,199,100008,265,100000,365,100022,100,99998,100,100035,100,99996,100,100037,100,99983,100,100038,100,99979,100,100042,100,99978,100,100043,100,99975,100,100045,100,99969,100,100046,100,99958,100
2019-06-28 09:37:20.000000000,100004,430,100001,364,100008,100,100000,200,100022,100,99998,100,100035,100,99996,100,100037,100,99983,100,100038,100,99979,100,100042,100,99978,100,100043,100,99975,100,100045,100,99969,100,100046,100,99958,100
2019-06-28 09:37:30.000000000,100004,430,100001,364,100008,100,100000,200,100022,100,99998,100,100035,100,99996,100,100037,100,99983,100,100038,100,99979,100,100042,100,99978,100,100043,100,99975,100,100045,100,99969,100,100046,100,99958,100
2019-06-28 09:37:40.000000000,100004,166,100001,100,100008,166,100000,266,100022,166,99998,166,100035,166,99996,166,100037,166,99983,166,100038,100,99979,100,100042,100,99978,100,100043,100,99975,100,100045,100,99969,100,100046,100,99958,100
2019-06-28 09:37:45.453310662,100004,166,100001,100,100008,166,100000,266,100022,166,99998,166,100035,166,99996,166,100037,166,99983,166,100038,100,99979,100,100042,100,99978,100,100043,100,99975,100,100045,100,99969,100,100046,100,99958,100
2019-06-28 09:37:50.000000000,100004,265,100001,199,100008,265,100000,365,100022,100,99998,100,100035,100,99996,100,100037,100,99983,100,100038,100,99979,100,100042,100,99978,100,100043,100,99975,100,100045,100,99969,100,100046,100,99958,100
2019-06-28 09:37:55.559192679,100004,165,100001,199,100008,265,100000,365,100022,100,99998,100,100035,100,99996,100,100038,100,99983,100,100042,100,99979,100,100043,100,99978,100,100045,100,99975,100,100046,100,99969,100,100049,100,99958,100
2019-06-28 09:37:56.302276844,100004,165,100001,199,100008,265,100000,365,100022,100,99998,100,100035,100,99996,100,100038,100,99983,100,100042,100,99979,100,100043,100,99978,100,100045,100,99975,100,100046,100,99969,100,100049,100,99958,100
2019-06-28 09:38:00.000000000,100008,430,100001,364,100022,100,100000,200,100035,100,99998,100,100038,100,99996,100,100042,100,99983,100,100043,100,99979,100,100045,100,99978,100,100046,100,99975,100,100049,100,99969,100,100058,100,99958,100
2019-06-28 09:38:02.904851019,100008,430,100001,364,100022,100,100000,200,100035,100,99998,100,100038,100,99996,100,100042,100,99983,100,100043,100,99979,100,100045,100,99978,100,100046,100,99975,100,100049,100,99969,100,100058,100,99958,100
2019-06-28 09:38:10.000000000,100008,212,100001,146,100022,209,100000,309,100035,209,99998,209,100038,100,99996,100,100042,100,99983,100,100043,100,99979,100,100045,100,99978,100,100046,100,99975,100,100049,100,99969,100,100058,100,99958,100
2019-06-28 09:38:20.000000000,100008,166,100001,100,100022,166,100000,266,100035,166,99998,166,100038,166,99996,166,100042,166,99983,166,100043,100,99979,100,100045,100,99978,100,100046,100,99975,100,100049,100,99969,100,100058,100,99958,100
2019-06-28 09:38:21.751221725,100008,66,100001,100,100022,166,100000,266,100035,166,99998,166,100038,166,99996,166,100042,166,99983,166,100043,100,99979,100,100045,100,99978,100,100046,100,99975,100,100049,100,99969,100,100058,100,99958,100
2019-06-28 09:38:30.000000000,100022,265,100001,199,100035,265,100000,365,100038,100,99998,100,100042,100,99996,100,100043,100,99983,100,100045,100,99979,100,100046,100,99978,100,100049,100,99975,100,100058,100,99969,100,100089,100,99958,100
2019-06-28 09:38:30.591108174,100022,165,100001,199,100035,265,100000,365,100038,100,99998,100,100042,100,99996,100,100043,100,99983,100,100045,100,99979,100,100046,100,99978,100,100049,100,99975,100,100058,100,99969,100,100089,100,99958,100
2019-06-28 09:38:36.716530561,100022,65,100001,199,100035,265,100000,365,100038,100,99998,100,100042,100,99996,100,100043,100,99983,100,100045,100,99979,100,100046,100,99978,100,100049,100,99975,100,100058,100,99969,100,100089,100,99958,100
2019-06-28 09:38:40.000000000,100035,182,100001,116,100038,182,100000,282,100042,182,99998,182,100043,182,99996,182,100045,100,99983,100,100046,100,99979,100,100049,100,99978,100,100058,100,99975,100,100089,100,99969,100,100090,100,99958,100
2019-06-28 09:38:50.000000000,100035,182,100001,116,100038,182,100000,282,100042,182,99998,182,100043,182,99996,182,100045,100,99983,100,100046,100,99979,100,100049,100,99978,100,100058,100,99975,100,100089,100,99969,100,100090,100,99958,100
2019-06-28 09:39:00.000000000,100035,166,100001,100,100038,166,100000,266,100042,166,99998,166,100043,166,99996,166,100045,166,99983,166,100046,100,99979,100,100049,100,99978,100,100058,100,99975,100,100089,100,99969,100,100090,100,99958,100
2019-06-28 09:39:10.000000000,100035,182,100001,116,100038,182,100000,282,100042,182,99998,182,100043,182,99996,182,100045,100,99983,100,100046,100,99979,100,100049,100,99978,100,100058,100,99975,100,100089,100,99969,100,100090,100,99958,100
2019-06-28 09:39:13.446385755,100035,182,100001,116,100038,182,100000,282,100042,182,99998,182,100043,182,99996,182,100045,100,99983,100,100046,100,99979,100,100049,100,99978,100,100089,100,99975,100,100090,100,99969,100,100106,100,99958,100
2019-06-28 09:39:20.000000000,100035,265,100001,199,100038,265,100000,365,100042,100,99998,100,100043,100,99996,100,100045,100,99983,100,100046,100,99979,100,100049,100,99978,100,100089,100,99975,100,100090,100,99969,100,100106,100,99958,100
2019-06-28 09:39:30.000000000,100035,212,100001,146,100038,209,100000,309,100042,209,99998,209,100043,100,99996,100,100045,100,99983,100,100046,100,99979,100,100049,100,99978,100,100089,100,99975,100,100090,100,99969,100,100106,100,99958,100
2019-06-28 09:39:36.767528182,100035,212,100001,146,100038,209,100000,309,100042,209,99998,209,100043,100,99996,100,100045,100,99983,100,100046,100,99979,100,100049,100,99978,100,100089,100,99975,100,100090,100,99969,100,100106,100,99958,100
2019-06-28 09:39:40.000000000,100035,265,100001,199,100038,265,100000,365,100042,100,99998,100,100043,100,99996,100,100045,100,99983,100,100046,100,99979,100,100049,100,99978,100,100089,100,99975,100,100090,100,99969,100,100106,100,99958,100
2019-06-28 09:39:42.864467455,100035,265,100022,100,100038,265,100001,199,100042,100,100000,265,100043,100,99998,100,100045,100,99996,100,100046,100,99983,100,100049,100,99979,100,100089,100,99978,100,100090,100,99975,100,100106,100,99969,100
2019-06-28 09:39:43.661798720,100035,165,100022,100,100038,265,100001,199,100042,100,100000,265,100043,100,99998,100,100045,100,99996,100,100046,100,99983,100,100049,100,99979,100,100089,100,99978,100,100090,100,99975,100,100106,100,99969,100
2019-06-28 09:39:50.000000000,100038,430,100022,430,100042,100,100001,34,100043,100,100000,100,100045,100,99998,100,100046,100,99996,100,100049,100,99983,100,100089,100,99979,100,100090,100,99978,100,100106,100,99975,100,100120,100,99969,100
2019-06-28 09:39:51.026059074,100038,330,100022,430,100042,100,100001,34,100043,100,100000,100,100045,100,99998,100,100046,100,99996,100,100049,100,99983,100,100089,100,99979,100,100090,100,99978,100,100106,100,99975,100,100120,100,99969,100
2019-06-28 09:40:00.000000000,100042,166,100022,166,100043,166,100001,100,100045,166,100000,166,100046,166,99998,166,100049,166,99996,166,100089,100,99983,100,100090,100,99979,100,100106,100,99978,100,100120,100,99975,100,100122,100,99969,100
2019-06-28 09:40:10.000000000,100042,212,100022,212,100043,209,100001,143,100045,209,100000,209,100046,100,99998,100,100049,100,99996,100,100089,100,99983,100,100090,100,99979,100,100106,100,99978,100,100120,100,99975,100,100122,100,99969,100
2019-06-28 09:40:20.000000000,100042,430,100022,430,100043,100,100001,34,100045,100,100000,100,100046,100,99998,100,100049,100,99996,100,100089,100,99983,100,100090,100,99979,100,100106,100,99978,100,100120,100,99975,100,100122,100,99969,100
2019-06-28 09:40:20.402669425,100042,430,100022,430,100043,100,100001,34,100045,100,100000,100,100046,100,99998,100,100049,100,99996,100,100089,100,99983,100,100090,100,99979,100,100106,100,99978,100,100120,100,99975,100,100122,100,99969,100
2019-06-28 09:40:30.000000000,100042,212,100022,212,100043,209,100001,143,100045,209,100000,209,100046,100,99998,100,100049,100,99996,100,100089,100,99983,100,100090,100,99979,100,100106,100,99978,100,100120,100,99975,100,100122,100,99969,100
2019-06-28 09:40:40.000000000,100042,182,100022,182,100043,182,100001,116,100045,182,100000,182,100046,182,99998,182,100049,100,99996,100,100089,100,99983,100,100090,100,99979,100,100106,100,99978,100,100120,100,99975,100,100122,100,99969,100
2019-06-28 09:40:50.000000000,100042,212,100022,212,100043,209,100001,143,100045,209,100000,209,100046,100,99998,100,100049,100,99996,100,100089,100,99983,100,100090,100,99979,100,100106,100,99978,100,100120,100,99975,100,100122,100,99969,100
2019-06-28 09:40:59.748957070,100042,112,100022,212,100043,209,100001,143,100045,209,100000,209,100046,100,99998,100,100049,100,99996,100,100089,100,99983,100,100090,100,99979,100,100106,100,99978,100,100120,100,99975,100,100122,100,99969,100
2019-06-28 09:41:00.000000000,100043,430,100022,430,100045,100,100001,34,100046,100,100000,100,100049,100,99998,100,100089,100,99996,100,100090,100,99983,100,100106,100,99979,100,100120,100,99978,100,100122,100,99975,100,100184,100,99969,100
2019-06-28 09:41:10.000000000,100043,182,100022,182,100045,182,100001,116,100046,182,100000,182,100049,182,99998,182,100089,100,99996,100,100090,100,99983,100,100106,100,99979,100,100120,100,99978,100,100122,100,99975,100,100184,100,99969,100
2019-06-28 09:41:20.000000000,100043,182,100022,182,100045,182,100001,116,100046,182,100000,182,100049,182,99998,182,100089,100,99996,100,100090,100,99983,100,100106,100,99979,100,100120,100,99978,100,100122,100,99975,100,100184,100,99969,100
2019-06-28 09:41:23.735162212,100043,82,100022,182,100045,182,100001,116,100046,182,100000,182,100049,182,99998,182,100089,100,99996,100,100090,100,99983,100,100106,100,99979,100,100120,100,99978,100,100122,100,99975,100,100184,100,99969,100
2019-06-28 09:41:30.000000000,100045,430,100022,430,100046,100,100001,34,100049,100,100000,100,100089,100,99998,100,100090,100,99996,100,100106,100,99983,100,100120,100,99979,100,100122,100,99978,100,100184,100,99975,100,100930,100,99969,100
2019-06-28 09:41:40.000000000,100045,265,100022,265,100046,265,100001,199,100049,100,100000,100,100089,100,99998,100,100090,100,99996,100,100106,100,99983,100,100120,100,99979,100,100122,100,99978,100,100184,100,99975,100,100930,100,99969,100
2019-06-28 09:41:50.000000000,100045,265,100022,265,100046,265,100001,199,100049,100,100000,100,100089,100,99998,100,100090,100,99996,100,100106,100,99983,100,100120,100,99979,100,100122,100,99978,100,100184,100,99975,100,100930,100,99969,100
2019-06-28 09:42:00.000000000,100045,166,100022,166,100046,166,100001,100,100049,166,100000,166,100089,166,99998,166,100090,166,99996,166,100106,100,99983,100,100120,100,99979,100,100122,100,99978,100,100184,100,99975,100,100930,100,99969,100
2019-06-28 09:42:04.509705080,100045,66,100022,166,100046,166,100001,100,100049,166,100000,166,100089,166,99998,166,100090,166,99996,166,100106,100,99983,100,100120,100,99979,100,100122,100,99978,100,100184,100,99975,100,100930,100,99969,100
2019-06-28 09:42:10.000000000,100046,182,100022,182,100049,182,100001,116,100089,182,100000,182,100090,182,99998,182,100106,100,99996,100,100120,100,99983,100,100122,100,99979,100,100184,100,99978,100,100930,100,99975,100,101058,100,99969,100
2019-06-28 09:42:20.000000000,100046,166,100022,166,100049,166,100001,100,100089,166,100000,166,100090,166,99998,166,100106,166,99996,166,100120,100,99983,100,100122,100,99979,100,100184,100,99978,100,100930,100,99975,100,101058,100,99969,100
2019-06-28 09:42:21.509521658,100046,66,100022,166,100049,166,100001,100,100089,166,100000,166,100090,166,99998,166,100106,166,99996,166,100120,100,99983,100,100122,100,99979,100,100184,100,99978,100,100930,100,99975,100,101058,100,99969,100
2019-06-28 09:42:30.000000000,100049,166,100022,166,100089,166,100001,100,100090,166,100000,166,100106,166,99998,166,100120,166,99996,166,100122,100,99983,100,100184,100,99979,100,100930,100,99978,100,101058,100,99975,100,101212,100,99969,100
2019-06-28 09:42:40.000000000,100049,430,100022,430,100089,100,100001,34,100090,100,100000,100,100106,100,99998,100,100120,100,99996,100,100122,100,99983,100,100184,100,99979,100,100930,100,99978,100,101058,100,99975,100,101212,100,99969,100
2019-06-28 09:42:50.000000000,100049,166,100022,166,100089,166,100001,100,100090,166,100000,166,100106,166,99998,166,100120,166,99996,166,100122,100,99983,100,100184,100,99979,100,100930,100,99978,100,101058,100,99975,100,101212,100,99969,100
2019-06-28 09:42:57.183056040,100049,166,100022,166,100089,166,100001,100,100090,166,100000,66,100106,166,99998,166,100120,166,99996,166,100122,100,99983,100,100184,100,99979,100,100930,100,99978,100,101058,100,99975,100,101212,100,99969,100
2019-06-28 09:43:00.000000000,100049,212,100022,212,100089,209,100001,143,100090,209,99998,209,100106,100,99996,100,100120,100,99983,100,100122,100,99979,100,100184,100,99978,100,100930,100,99975,100,101058,100,99969,100,101212,100,99958,100
2019-06-28 09:43:08.326855387,100049,112,100022,212,100089,209,100001,143,100090,209,99998,209,100106,100,99996,100,100120,100,99983,100,100122,100,99979,100,100184,100,99978,100,100930,100,99975,100,101058,100,99969,100,101212,100,99957,100
2019-06-28 09:43:08.597635005,100049,12,100022,212,100089,209,100001,143,100090,209,99998,209,100106,100,99996,100,100120,100,99983,100,100122,100,99979,100,100184,100,99978,100,100930,100,99975,100,101058,100,99969,100,101212,100,99957,100
2019-06-28 09:43:10.000000000,100089,212,100022,212,100090,209,100001,143,100106,209,99998,209,100120,100,99996,100,100122,100,99983,100,100184,100,99979,100,100930,100,99978,100,101058,100,99975,100,101212,100,99969,100,101854,100,99957,100
2019-06-28 09:43:20.000000000,100089,182,100022,182,100090,182,100001,116,100106,182,99998,182,100120,182,99996,182,100122,100,99983,100,100184,100,99979,100,100930,100,99978,100,101058,100,99975,100,101212,100,99969,100,101854,100,99957,100
2019-06-28 09:43:28.890403168,100089,82,100022,182,100090,182,100001,116,100106,182,99998,182,100120,182,99996,182,100122,100,99983,100,100184,100,99979,100,100930,100,99978,100,101058,100,99975,100,101212,100,99969,100,101854,100,99957,100
2019-06-28 09:43:30.000000000,100090,430,100022,430,100106,100,100001,34,100120,100,99998,100,100122,100,99996,100,100184,100,99983,100,100930,100,99979,100,101058,100,99978,100,101212,100,99975,100,101854,100,99969,100,101954,100,99957,100
2019-06-28 09:43:40.000000000,100090,430,100022,430,100106,100,100001,34,100120,100,99998,100,100122,100,99996,100,100184,100,99983,100,100930,100,99979,100,101058,100,99978,100,101212,100,99975,100,101854,100,99969,100,101954,100,99957,100
2019-06-28 09:43:50.000000000,100090,265,100022,265,100106,265,100001,199,100120,100,99998,100,100122,100,99996,100,100184,100,99983,100,100930,100,99979,100,101058,100,99978,100,101212,100,99975,100,101854,100,99969,100,101954,100,99957,100
2019-06-28 09:44:00.000000000,100090,265,100022,265,100106,265,100001,199,100120,100,99998,100,100122,100,99996,100,100184,100,99983,100,100930,100,99979,100,101058,100,99978,100,101212,100,99975,100,101854,100,99969,100,101954,100,99957,100
2019-06-28 09:44:10.000000000,100090,182,100022,182,100106,182,100001,116,100120,182,99998,182,100122,182,99996,182,100184,100,99983,100,100930,100,99979,100,101058,100,99978,100,101212,100,99975,100,101854,100,99969,100,101954,100,99957,100
2019-06-28 09:44:20.000000000,100090,166,100022,166,100106,166,100001,100,100120,166,99998,166,100122,166,99996,166,100184,166,99983,166,100930,100,99979,100,101058,100,99978,100,101212,100,99975,100,101854,100,99969,100,101954,100,99957,100
2019-06-28 09:44:30.000000000,100090,430,100022,430,100106,100,100001,34,100120,100,99998,100,100122,100,99996,100,100184,100,99983,100,100930,100,99979,100,101058,100,99978,100,101212,100,99975,100,101854,100,99969,100,101954,100,99957,100
2019-06-28 09:44:32.143522746,100090,430,100022,330,100106,100,100001,34,100120,100,99998,100,100122,100,99996,100,100184,100,99983,100,100930,100,99979,100,101058,100,99978,100,101854,100,99975,100,101954,100,99969,100,101969,100,99957,100
2019-06-28 09:44:40.000000000,100090,265,100001,199,100106,265,99998,265,100120,100,99996,100,100122,100,99983,100,100184,100,99979,100,100930,100,99978,100,101058,100,99975,100,101854,100,99969,100,101954,100,99957,100,101969,100,99953,100
2019-06-28 09:44:40.312953946,100090,265,100001,99,100106,265,99998,265,100122,100,99996,100,100184,100,99983,100,100930,100,99979,100,101058,100,99978,100,101854,100,99975,100,101954,100,99969,100,101969,100,99957,100,102096,100,99953,100
2019-06-28 09:44:50.000000000,100090,265,99998,265,100106,265,99996,265,100122,100,99983,100,100184,100,99979,100,100930,100,99978,100,101058,100,99975,100,101854,100,99969,100,101954,100,99957,100,101969,100,99953,100,102096,100,99920,100
2019-06-28 09:44:50.725582593,100090,265,99998,265,100106,265,99996,265,100122,100,99983,100,100184,100,99979,100,100930,100,99978,100,101058,100,99975,100,101854,100,99969,100,101954,100,99957,100,101969,100,99953,100,102096,100,99920,100
2019-06-28 09:45:00.000000000,100090,265,99998,265,100106,265,99996,265,100122,100,99983,100,100184,100,99979,100,100930,100,99978,100,101058,100,99975,100,101854,100,99969,100,101954,100,99957,100,101969,100,99953,100,102096,100,99920,100
2019-06-28 09:45:10.000000000,100090,265,99998,265,100106,265,99996,265,100122,100,99983,100,100184,100,99979,100,100930,100,99978,100,101058,100,99975,100,101854,100,99969,100,101954,100,99957,100,101969,100,99953,100,102096,100,99920,100
2019-06-28 09:45:15.719159422,100090,265,99998,165,100106,265,99996,265,100122,100,99983,100,100184,100,99979,100,100930,100,99978,100,101058,100,99975,100,101854,100,99969,100,101954,100,99957,100,101969,100,99953,100,102096,100,99920,100
2019-06-28 09:45:20.000000000,100090,182,99996,182,100106,182,99983,182,100122,182,99979,182,100184,182,99978,182,100930,100,99975,100,101058,100,99969,100,101854,100,99957,100,101954,100,99953,100,101969,100,99920,100,102096,100,99908,100
2019-06-28 09:45:25.116700055,100090,182,100083,100,100106,182,99996,82,100122,182,99983,182,100184,182,99979,182,100930,100,99978,182,101058,100,99975,100,101854,100,99969,100,101954,100,99957,100,101969,100,99953,100,102096,100,99920,100
2019-06-28 09:45:30.000000000,100090,166,100083,166,100106,166,99983,166,100122,166,99979,166,100184,166,99978,166,100930,166,99975,166,101058,100,99969,100,101854,100,99957,100,101954,100,99953,100,101969,100,99920,100,102096,100,99908,100
2019-06-28 09:45:40.000000000,100090,166,100083,166,100106,166,99983,166,100122,166,99979,166,100184,166,99978,166,100930,166,99975,166,101058,100,99969,100,101854,100,99957,100,101954,100,99953,100,101969,100,99920,100,102096,100,99908,100
2019-06-28 09:45:50.000000000,100090,166,100083,166,100106,166,99983,166,100122,166,99979,166,100184,166,99978,166,100930,166,99975,166,101058,100,99969,100,101854,100,99957,100,101954,100,99953,100,101969,100,99920,100,102096,100,99908,100
2019-06-28 09:45:58.691874925,100090,166,100083,66,100106,166,99983,166,100122,166,99979,166,100184,166,99978,166,100930,166,99975,166,101058,100,99969,100,101854,100,99957,100,101954,100,99953,100,101969,100,99920,100,102096,100,99908,100
2019-06-28 09:46:00.000000000,100090,212,99983,212,100106,209,99979,209,100122,209,99978,209,100184,100,99975,100,100930,100,99969,100,101058,100,99957,100,101854,100,99953,100,101954,100,99920,100,101969,100,99908,100,102096,100,99901,100
2019-06-28 09:46:04.520169865,100050,100,99983,212,100090,212,99979,209,100106,209,99978,209,100122,209,99975,100,100184,100,99969,100,100930,100,99957,100,101854,100,99953,100,101954,100,99920,100,101969,100,99908,100,102096,100,99901,100
2019-06-28 09:46:10.000000000,100050,182,99983,182,100090,182,99979,182,100106,182,99978,182,100122,182,99975,182,100184,100,99969,100,100930,100,99957,100,101854,100,99953,100,101954,100,99920,100,101969,100,99908,100,102096,100,99901,100
2019-06-28 09:46:20.000000000,100050,212,99983,212,100090,209,99979,209,100106,209,99978,209,100122,100,99975,100,100184,100,99969,100,100930,100,99957,100,101854,100,99953,100,101954,100,99920,100,101969,100,99908,100,102096,100,99901,100
2019-06-28 09:46:30.000000000,100050,430,99983,430,100090,100,99979,100,100106,100,99978,100,100122,100,99975,100,100184,100,99969,100,100930,100,99957,100,101854,100,99953,100,101954,100,99920,100,101969,100,99908,100,102096,100,99901,100
2019-06-28 09:46:40.000000000,100050,212,99983,212,100090,209,99979,209,100106,209,99978,209,100122,100,99975,100,100184,100,99969,100,100930,100,99957,100,101854,100,99953,100,101954,100,99920,100,101969,100,99908,100,102096,100,99901,100
2019-06-28 09:46:42.576077624,100050,212,99983,212,100090,209,99979,209,100106,209,99978,209,100122,100,99975,100,100184,100,99969,100,101854,100,99957,100,101954,100,99953,100,101969,100,99920,100,102096,100,99908,100,,,99901,100
2019-06-28 09:46:44.278878413,100050,112,99983,212,100090,209,99979,209,100106,209,99978,209,100122,100,99975,100,100184,100,99969,100,101854,100,99957,100,101954,100,99953,100,101969,100,99920,100,102096,100,99908,100,,,99901,100
2019-06-28 09:46:50.000000000,100090,166,99983,166,100106,166,99979,166,100122,166,99978,166,100184,166,99975,166,101854,166,99969,166,101954,100,99957,100,101969,100,99953,100,102096,100,99920,100,,,99908,100,,,99901,100
2019-06-28 09:47:00.000000000,100090,166,99983,166,100106,166,99979,166,100122,166,99978,166,100184,166,99975,166,101854,166,99969,166,101954,100,99957,100,101969,100,99953,100,102096,100,99920,100,,,99908,100,,,99901,100
2019-06-28 09:47:09.298822935,100090,166,99983,166,100093,100,99979,166,100106,166,99978,166,100122,166,99975,166,100184,166,99969,166,101854,166,99957,100,101954,100,99953,100,101969,100,99920,100,102096,100,99908,100,,,99901,100
2019-06-28 09:47:10.000000000,100090,430,99983,430,100093,100,99979,100,100106,100,99978,100,100122,100,99975,100,100184,100,99969,100,101854,100,99957,100,101954,100,99953,100,101969,100,99920,100,102096,100,99908,100,,,99901,100
2019-06-28 09:47:13.657520772,100049,100,99983,430,100090,430,99979,100,100093,100,99978,100,100106,100,99975,100,100122,100,99969,100,100184,100,99957,100,101854,100,99953,100,101954,100,99920,100,101969,100,99908,100,102096,100,99901,100
2019-06-28 09:47:20.000000000,100049,265,99983,265,100090,265,99979,265,100093,100,99978,100,100106,100,99975,100,100122,100,99969,100,100184,100,99957,100,101854,100,99953,100,101954,100,99920,100,101969,100,99908,100,102096,100,99901,100
2019-06-28 09:47:30.000000000,100049,182,99983,182,100090,182,99979,182,100093,182,99978,182,100106,182,99975,182,100122,100,99969,100,100184,100,99957,100,101854,100,99953,100,101954,100,99920,100,101969,100,99908,100,102096,100,99901,100
2019-06-28 09:47:40.000000000,100049,430,99983,430,100090,100,99979,100,100093,100,99978,100,100106,100,99975,100,100122,100,99969,100,100184,100,99957,100,101854,100,99953,100,101954,100,99920,100,101969,100,99908,100,102096,100,99901,100
2019-06-28 09:47:50.000000000,100049,265,99983,265,100090,265,99979,265,100093,100,99978,100,100106,100,99975,100,100122,100,99969,100,100184,100,99957,100,101854,100,99953,100,101954,100,99920,100,101969,100,99908,100,102096,100,99901,100
2019-06-28 09:48:00.000000000,100049,265,99983,265,100090,265,99979,265,100093,100,99978,100,100106,100,99975,100,100122,100,99969,100,100184,100,99957,100,101854,100,99953,100,101954,100,99920,100,101969,100,99908,100,102096,100,99901,100
2019-06-28 09:48:10.000000000,100049,166,99983,166,100090,166,99979,166,100093,166,99978,166,100106,166,99975,166,100122,166,99969,166,100184,100,99957,100,101854,100,99953,100,101954,100,99920,100,101969,100,99908,100,102096,100,99901,100
2019-06-28 09:48:20.000000000,100049,265,99983,265,100090,265,99979,265,100093,100,99978,100,100106,100,99975,100,100122,100,99969,100,100184,100,99957,100,101854,100,99953,100,101954,100,99920,100,101969,100,99908,100,102096,100,99901,100
2019-06-28 09:48:30.000000000,100049,265,99983,265,100090,265,99979,265,100093,100,99978,100,100106,100,99975,100,100122,100,99969,100,100184,100,99957,100,101854,100,99953,100,101954,100,99920,100,101969,100,99908,100,102096,100,99901,100
2019-06-28 09:48:40.000000000,100049,212,99983,212,100090,209,99979,209,100093,209,99978,209,100106,100,99975,100,100122,100,99969,100,100184,100,99957,100,101854,100,99953,100,101954,100,99920,100,101969,100,99908,100,102096,100,99901,100
2019-06-28 09:48:50.000000000,100049,182,99983,182,100090,182,99979,182,100093,182,99978,182,100106,182,99975,182,100122,100,99969,100,100184,100,99957,100,101854,100,99953,100,101954,100,99920,100,101969,100,99908,100,102096,100,99901,100
2019-06-28 09:48:55.421831394,100049,282,99983,182,100090,182,99979,182,100093,182,99978,182,100106,182,99975,182,100122,100,99969,100,100184,100,99957,100,101854,100,99953,100,101954,100,99920,100,101969,100,99908,100,102096,100,99901,100
2019-06-28 09:49:00.000000000,100049,312,99983,212,100090,209,99979,209,100093,209,99978,209,100106,100,99975,100,100122,100,99969,100,100184,100,99957,100,101854,100,99953,100,101954,100,99920,100,101969,100,99908,100,102096,100,99901,100
2019-06-28 09:49:00.878899637,100049,312,99983,212,100061,100,99979,209,100090,209,99978,209,100093,209,99975,100,100106,100,99969,100,100122,100,99957,100,100184,100,99953,100,101854,100,99920,100,101954,100,99908,100,101969,100,99901,100
2019-06-28 09:49:02.591397384,100049,412,99983,212,100061,100,99979,209,100090,209,99978,209,100093,209,99975,100,100106,100,99969,100,100122,100,99957,100,100184,100,99953,100,101854,100,99920,100,101954,100,99908,100,101969,100,99901,100
2019-06-28 09:49:03.170637249,100049,412,99983,212,100056,100,99979,209,100061,100,99978,209,100090,209,99975,100,100093,209,99957,100,100106,100,99953,100,100122,100,99920,100,100184,100,99908,100,101854,100,99901,100,101954,100,99895,100
2019-06-28 09:49:10.000000000,100049,630,99983,430,100056,100,99979,100,100061,100,99978,100,100090,100,99975,100,100093,100,99957,100,100106,100,99953,100,100122,100,99920,100,100184,100,99908,100,101854,100,99901,100,101954,100,99895,100
2019-06-28 09:49:16.268071157,100049,630,100021,100,100056,100,99983,430,100061,100,99979,100,100090,100,99978,100,100093,100,99975,100,100106,100,99957,100,100122,100,99953,100,100184,100,99920,100,101854,100,99908,100,101969,100,99901,100
2019-06-28 09:49:20.000000000,100049,382,100021,182,100056,182,99983,182,100061,182,99979,182,100090,182,99978,182,100093,100,99975,100,100106,100,99957,100,100122,100,99953,100,100184,100,99920,100,101854,100,99908,100,101969,100,99901,100
2019-06-28 09:49:25.807798825,100049,382,100021,182,100056,182,99983,182,100061,182,99979,182,100090,182,99978,182,100093,100,99975,100,100106,100,99957,100,100120,100,99953,100,100122,100,99920,100,100184,100,99908,100,101854,100,99901,100
2019-06-28 09:49:30.000000000,100049,630,100021,430,100056,100,99983,100,100061,100,99979,100,100090,100,99978,100,100093,100,99975,100,100106,100,99957,100,100120,100,99953,100,100122,100,99920,100,100184,100,99908,100,101854,100,99901,100
2019-06-28 09:49:40.000000000,100049,382,100021,182,100056,182,99983,182,100061,182,99979,182,100090,182,99978,182,100093,100,99975,100,100106,100,99957,100,100120,100,99953,100,100122,100,99920,100,100184,100,99908,100,101854,100,99901,100
2019-06-28 09:49:50.000000000,100049,366,100021,166,100056,166,99983,166,100061,166,99979,166,100090,166,99978,166,100093,166,99975,166,100106,100,99957,100,100120,100,99953,100,100122,100,99920,100,100184,100,99908,100,101854,100,99901,100
2019-06-28 09:50:00.000000000,100049,465,100021,265,100056,265,99983,265,100061,100,99979,100,100090,100,99978,100,100093,100,99975,100,100106,100,99957,100,100120,100,99953,100,100122,100,99920,100,100184,100,99908,100,101854,100,99901,100
2019-06-28 09:50:10.000000000,100049,412,100021,212,100056,209,99983,209,100061,209,99979,209,100090,100,99978,100,100093,100,99975,100,100106,100,99957,100,100120,100,99953,100,100122,100,99920,100,100184,100,99908,100,101854,100,99901,100
2019-06-28 09:50:14.484507347,100049,512,100021,212,100056,209,99983,209,100061,209,99979,209,100090,100,99978,100,100093,100,99975,100,100106,100,99957,100,100120,100,99953,100,100122,100,99920,100,100184,100,99908,100,101854,100,99901,100
2019-06-28 09:50:20.000000000,100049,482,100021,182,100056,182,99983,182,100061,182,99979,182,100090,182,99978,182,100093,100,99975,100,100106,100,99957,100,100120,100,99953,100,100122,100,99920,100,100184,100,99908,100,101854,100,99901,100
2019-06-28 09:50:30.000000000,100049,730,100021,430,100056,100,99983,100,100061,100,99979,100,100090,100,99978,100,100093,100,99975,100,100106,100,99957,100,100120,100,99953,100,100122,100,99920,100,100184,100,99908,100,101854,100,99901,100
2019-06-28 09:50:35.451703021,100049,730,100021,430,100056,100,99983,100,100061,100,99979,100,100090,100,99978,100,100093,100,99975,100,100106,100,99957,100,100120,100,99953,100,100122,100,99920,100,100184,100,99908,100,101854,100,99901,100
2019-06-28 09:50:40.000000000,100049,482,100021,182,100056,182,99983,182,100061,182,99979,182,100090,182,99978,182,100093,100,99975,100,100106,100,99957,100,100120,100,99953,100,100122,100,99920,100,100184,100,99908,100,101854,100,99901,100
2019-06-28 09:50:50.000000000,100049,512,100021,212,100056,209,99983,209,100061,209,99979,209,100090,100,99978,100,100093,100,99975,100,100106,100,99957,100,100120,100,99953,100,100122,100,99920,100,100184,100,99908,100,101854,100,99901,100
2019-06-28 09:50:53.738688899,100049,512,100021,212,100056,209,99983,209,100061,209,99979,209,100090,100,99978,100,100093,100,99975,100,100106,100,99957,100,100120,100,99953,100,100122,100,99920,100,100184,100,99908,100,101854,100,99901,100
2019-06-28 09:51:00.000000000,100049,730,100021,430,100056,100,99983,100,100061,100,99979,100,100090,100,99978,100,100093,100,99975,100,100106,100,99957,100,100120,100,99953,100,100122,100,99920,100,100184,100,99908,100,101854,100,99901,100
2019-06-28 09:51:02.683406568,100049,730,100021,330,100056,100,99983,100,100061,100,99979,100,100090,100,99978,100,100093,100,99975,100,100106,100,99957,100,100120,100,99953,100,100122,100,99920,100,100184,100,99908,100,101854,100,99901,100
2019-06-28 09:51:10.000000000,100049,466,99983,166,100056,166,99979,166,100061,166,99978,166,100090,166,99975,166,100093,166,99957,166,100106,100,99953,100,100120,100,99920,100,100122,100,99908,100,100184,100,99901,100,101854,100,99895,100
2019-06-28 09:51:20.000000000,100049,730,99983,430,100056,100,99979,100,100061,100,99978,100,100090,100,99975,100,100093,100,99957,100,100106,100,99953,100,100120,100,99920,100,100122,100,99908,100,100184,100,99901,100,101854,100,99895,100
2019-06-28 09:51:30.000000000,100049,730,99983,430,100056,100,99979,100,100061,100,99978,100,100090,100,99975,100,100093,100,99957,100,100106,100,99953,100,100120,100,99920,100,100122,100,99908,100,100184,100,99901,100,101854,100,99895,100
2019-06-28 09:51:40.000000000,100049,466,99983,166,100056,166,99979,166,100061,166,99978,166,100090,166,99975,166,100093,166,99957,166,100106,100,99953,100,100120,100,99920,100,100122,100,99908,100,100184,100,99901,100,101854,100,99895,100
2019-06-28 09:51:50.000000000,100049,482,99983,182,100056,182,99979,182,100061,182,99978,182,100090,182,99975,182,100093,100,99957,100,100106,100,99953,100,100120,100,99920,100,100122,100,99908,100,100184,100,99901,100,101854,100,99895,100
2019-06-28 09:51:57.954092247,100048,100,99983,182,100049,482,99979,182,100056,182,99978,182,100061,182,99975,182,100090,182,99957,100,100093,100,99953,100,100106,100,99920,100,100120,100,99908,100,100122,100,99901,100,100184,100,99895,100
2019-06-28 09:52:00.000000000,100048,265,99983,265,100049,565,99979,265,100056,100,99978,100,100061,100,99975,100,100090,100,99957,100,100093,100,99953,100,100106,100,99920,100,100120,100,99908,100,100122,100,99901,100,100184,100,99895,100
2019-06-28 09:52:00.606665392,100048,265,99983,165,100049,565,99979,265,100056,100,99978,100,100061,100,99975,100,100090,100,99957,100,100093,100,99953,100,100106,100,99920,100,100120,100,99908,100,100122,100,99901,100,100184,100,99895,100
2019-06-28 09:52:10.000000000,100048,212,99979,212,100049,509,99978,209,100056,209,99975,209,100061,100,99957,100,100090,100,99953,100,100093,100,99920,100,100106,100,99908,100,100120,100,99901,100,100122,100,99895,100,100184,100,99884,100
2019-06-28 09:52:20.000000000,100048,212,99979,212,100049,509,99978,209,100056,209,99975,209,100061,100,99957,100,100090,100,99953,100,100093,100,99920,100,100106,100,99908,100,100120,100,99901,100,100122,100,99895,100,100184,100,99884,100
2019-06-28 09:52:23.371030979,100022,100,99979,212,100048,212,99978,209,100049,509,99975,209,100056,209,99957,100,100061,100,99953,100,100090,100,99920,100,100093,100,99908,100,100106,100,99901,100,100120,100,99895,100,100122,100,99884,100
2019-06-28 09:52:30.000000000,100022,430,99979,430,100048,100,99978,100,100049,400,99975,100,100056,100,99957,100,100061,100,99953,100,100090,100,99920,100,100093,100,99908,100,100106,100,99901,100,100120,100,99895,100,100122,100,99884,100
2019-06-28 09:52:31.380718241,100021,100,99979,430,100022,430,99978,100,100048,100,99975,100,100049,300,99957,100,100056,100,99953,100,100061,100,99920,100,100090,100,99908,100,100093,100,99901,100,100106,100,99895,100,100120,100,99884,100
2019-06-28 09:52:40.000000000,100021,212,99979,212,100022,209,99978,209,100048,209,99975,209,100049,300,99957,100,100056,100,99953,100,100061,100,99920,100,100090,100,99908,100,100093,100,99901,100,100106,100,99895,100,100120,100,99884,100
2019-06-28 09:52:41.313198919,100021,212,99979,212,100022,209,99978,209,100048,209,99975,209,100049,300,99957,100,100056,100,99953,100,100061,100,99920,100,100090,100,99908,100,100093,100,99901,100,100106,100,99895,100,100120,100,99884,100
2019-06-28 09:52:50.000000000,100021,430,99979,430,100022,100,99978,100,100048,100,99975,100,100049,300,99957,100,100056,100,99953,100,100061,100,99920,100,100090,100,99908,100,100093,100,99901,100,100106,100,99895,100,100120,100,99884,100
2019-06-28 09:52:58.149397570,100021,330,99979,430,100022,100,99978,100,100048,100,99975,100,100049,300,99957,100,100056,100,99953,100,100061,100,99920,100,100090,100,99908,100,100093,100,99901,100,100106,100,99895,100,100120,100,99884,100
2019-06-28 09:53:00.000000000,100022,265,99979,265,100048,265,99978,265,100049,300,99975,100,100056,100,99957,100,100061,100,99953,100,100090,100,99920,100,100093,100,99908,100,100106,100,99901,100,100120,100,99895,100,100122,200,99884,100
2019-06-28 09:53:10.000000000,100022,166,99979,166,100048,166,99978,166,100049,366,99975,166,100056,166,99957,166,100061,166,99953,166,100090,100,99920,100,100093,100,99908,100,100106,100,99901,100,100120,100,99895,100,100122,200,99884,100
2019-06-28 09:53:20.000000000,100022,212,99979,212,100048,209,99978,209,100049,409,99975,209,100056,100,99957,100,100061,100,99953,100,100090,100,99920,100,100093,100,99908,100,100106,100,99901,100,100120,100,99895,100,100122,200,99884,100
2019-06-28 09:53:30.000000000,100022,182,99979,182,100048,182,99978,182,100049,382,99975,182,100056,182,99957,182,100061,100,99953,100,100090,100,99920,100,100093,100,99908,100,100106,100,99901,100,100120,100,99895,100,100122,200,99884,100
2019-06-28 09:53:40.000000000,100022,166,99979,166,100048,166,99978,166,100049,366,99975,166,100056,166,99957,166,100061,166,99953,166,100090,100,99920,100,100093,100,99908,100,100106,100,99901,100,100120,100,99895,100,100122,200,99884,100
2019-06-28 09:53:47.222956138,100022,66,99979,166,100048,166,99978,166,100049,366,99975,166,100056,166,99957,166,100061,166,99953,166,100090,100,99920,100,100093,100,99908,100,100106,100,99901,100,100120,100,99895,100,100122,200,99884,100
2019-06-28 09:53:50.000000000,100048,265,99979,265,100049,465,99978,265,100056,100,99975,100,100061,100,99957,100,100090,100,99953,100,100093,100,99920,100,100106,100,99908,100,100120,100,99901,100,100122,200,99895,100,100184,100,99884,100
2019-06-28 09:54:00.000000000,100048,430,99979,430,100049,300,99978,100,100056,100,99975,100,100061,100,99957,100,100090,100,99953,100,100093,100,99920,100,100106,100,99908,100,100120,100,99901,100,100122,200,99895,100,100184,100,99884,100
2019-06-28 09:54:10.000000000,100048,212,99979,212,100049,409,99978,209,100056,209,99975,209,100061,100,99957,100,100090,100,99953,100,100093,100,99920,100,100106,100,99908,100,100120,100,99901,100,100122,200,99895,100,100184,100,99884,100
2019-06-28 09:54:14.930556192,100048,212,99979,212,100049,409,99978,209,100056,209,99975,209,100061,100,99957,100,100090,100,99953,100,100093,100,99920,100,100106,100,99908,100,100120,100,99901,100,100122,200,99895,100,100184,100,99884,100
2019-06-28 09:54:20.000000000,100048,166,99979,166,100049,366,99978,166,100056,166,99975,166,100061,166,99957,166,100090,166,99953,166,100093,100,99920,100,100106,100,99908,100,100120,100,99901,100,100122,200,99895,100,100184,100,99884,100
2019-06-28 09:54:30.000000000,100048,182,99979,182,100049,382,99978,182,100056,182,99975,182,100061,182,99957,182,100090,100,99953,100,100093,100,99920,100,100106,100,99908,100,100120,100,99901,100,100122,200,99895,100,100184,100,99884,100
2019-06-28 09:54:39.445703973,100048,182,99979,182,100049,382,99978,182,100056,182,99975,182,100061,182,99957,182,100090,100,99953,100,100093,100,99920,100,100106,100,99908,100,100120,100,99901,100,100122,200,99895,100,100184,100,99884,100
2019-06-28 09:54:40.000000000,100048,166,99979,166,100049,366,99978,166,100056,166,99975,166,100061,166,99957,166,100090,166,99953,166,100093,100,99920,100,100106,100,99908,100,100120,100,99901,100,100122,200,99895,100,100184,100,99884,100
2019-06-28 09:54:47.937084856,100048,166,99979,166,100049,366,99978,166,100056,166,99975,166,100061,166,99957,166,100090,166,99953,166,100093,100,99920,100,100106,100,99908,100,100120,100,99901,100,100122,200,99895,100,100184,100,99884,100
2019-06-28 09:54:48.232410315,100048,66,99979,166,100049,366,99978,166,100056,166,99975,166,100061,166,99957,166,100090,166,99953,166,100093,100,99920,100,100106,100,99908,100,100120,100,99901,100,100122,100,99895,100,100184,100,99884,100
2019-06-28 09:54:50.000000000,100049,412,99979,212,100056,209,99978,209,100061,209,99975,209,100090,100,99957,100,100093,100,99953,100,100106,100,99920,100,100120,100,99908,100,100122,100,99901,100,100184,100,99895,100,100482,100,99884,100
2019-06-28 09:55:00.000000000,100049,412,99979,212,100056,209,99978,209,100061,209,99975,209,100090,100,99957,100,100093,100,99953,100,100106,100,99920,100,100120,100,99908,100,100122,100,99901,100,100184,100,99895,100,100482,100,99884,100
2019-06-28 09:55:10.000000000,100049,412,99979,212,100056,209,99978,209,100061,209,99975,209,100090,100,99957,100,100093,100,99953,100,100106,100,99920,100,100120,100,99908,100,100122,100,99901,100,100184,100,99895,100,100482,100,99884,100
2019-06-28 09:55:10.796498804,100049,312,99979,212,100056,209,99978,209,100061,209,99975,209,100090,100,99957,100,100093,100,99953,100,100106,100,99920,100,100120,100,99908,100,100122,100,99901,100,100184,100,99895,100,100482,100,99884,100
2019-06-28 09:55:13.251459424,100049,212,99979,212,100056,209,99978,209,100061,209,99975,209,100090,100,99957,100,100093,100,99953,100,100106,100,99920,100,100120,100,99908,100,100122,100,99901,100,100184,100,99895,100,100482,100,99884,100
2019-06-28 09:55:13.852219611,100049,112,99979,212,100056,209,99978,209,100061,209,99975,209,100090,100,99957,100,100093,100,99953,100,100106,100,99920,100,100120,100,99908,100,100122,100,99901,100,100184,100,99895,100,100482,100,99884,100
2019-06-28 09:55:20.000000000,100056,265,99979,265,100061,265,99978,265,100090,100,99975,100,100093,100,99957,100,100106,100,99953,100,100120,100,99920,100,100122,100,99908,100,100184,100,99901,100,100482,100,99895,100,100886,100,99884,100
2019-06-28 09:55:22.498516448,100056,265,100049,100,100061,265,99979,265,100090,100,99978,265,100093,100,99975,100,100106,100,99957,100,100120,100,99953,100,100122,100,99920,100,100184,100,99908,100,100482,100,99901,100,100886,100,99895,100
2019-06-28 09:55:24.019593361,100056,265,100049,200,100061,265,99979,265,100090,100,99978,265,100093,100,99975,100,100106,100,99957,100,100120,100,99953,100,100122,100,99920,100,100184,100,99908,100,100482,100,99901,100,100886,100,99895,100
2019-06-28 09:55:29.397791317,100056,265,100049,200,100061,265,99979,265,100090,100,99978,265,100093,100,99975,100,100106,100,99957,100,100120,100,99953,100,100122,100,99920,100,100184,100,99908,100,100482,100,99901,100,100832,100,99895,100
2019-06-28 09:55:30.000000000,100056,166,100049,266,100061,166,99979,166,100090,166,99978,166,100093,166,99975,166,100106,166,99957,166,100120,100,99953,100,100122,100,99920,100,100184,100,99908,100,100482,100,99901,100,100832,100,99895,100
2019-06-28 09:55:40.000000000,100056,166,100049,266,100061,166,99979,166,100090,166,99978,166,100093,166,99975,166,100106,166,99957,166,100120,100,99953,100,100122,100,99920,100,100184,100,99908,100,100482,100,99901,100,100832,100,99895,100
2019-06-28 09:55:50.000000000,100056,182,100049,282,100061,182,99979,182,100090,182,99978,182,100093,182,99975,182,100106,100,99957,100,100120,100,99953,100,100122,100,99920,100,100184,100,99908,100,100482,100,99901,100,100832,100,99895,100
2019-06-28 09:55:56.941571395,100056,182,100049,282,100061,182,99979,182,100090,182,99978,182,100093,182,99975,182,100106,100,99957,100,100120,100,99953,100,100122,100,99920,100,100184,100,99908,100,100682,100,99901,100,100832,100,99895,100
2019-06-28 09:56:00.000000000,100056,166,100049,266,100061,166,99979,166,100090,166,99978,166,100093,166,99975,166,100106,166,99957,166,100120,100,99953,100,100122,100,99920,100,100184,100,99908,100,100682,100,99901,100,100832,100,99895,100
2019-06-28 09:56:10.000000000,100056,212,100049,312,100061,209,99979,209,100090,209,99978,209,100093,100,99975,100,100106,100,99957,100,100120,100,99953,100,100122,100,99920,100,100184,100,99908,100,100682,100,99901,100,100832,100,99895,100
2019-06-28 09:56:20.000000000,100056,265,100049,365,100061,265,99979,265,100090,100,99978,100,100093,100,99975,100,100106,100,99957,100,100120,100,99953,100,100122,100,99920,100,100184,100,99908,100,100682,100,99901,100,100832,100,99895,100
2019-06-28 09:56:30.000000000,100056,166,100049,266,100061,166,99979,166,100090,166,99978,166,100093,166,99975,166,100106,166,99957,166,100120,100,99953,100,100122,100,99920,100,100184,100,99908,100,100682,100,99901,100,100832,100,99895,100
2019-06-28 09:56:40.000000000,100056,265,100049,365,100061,265,99979,265,100090,100,99978,100,100093,100,99975,100,100106,100,99957,100,100120,100,99953,100,100122,100,99920,100,100184,100,99908,100,100682,100,99901,100,100832,100,99895,100
2019-06-28 09:56:50.000000000,100056,166,100049,266,100061,166,99979,166,100090,166,99978,166,100093,166,99975,166,100106,166,99957,166,100120,100,99953,100,100122,100,99920,100,100184,100,99908,100,100682,100,99901,100,100832,100,99895,100
2019-06-28 09:57:00.000000000,100056,166,100049,266,100061,166,99979,166,100090,166,99978,166,100093,166,99975,166,100106,166,99957,166,100120,100,99953,100,100122,100,99920,100,100184,100,99908,100,100682,100,99901,100,100832,100,99895,100
2019-06-28 09:57:10.000000000,100056,166,100049,266,100061,166,99979,166,100090,166,99978,166,100093,166,99975,166,100106,166,99957,166,100120,100,99953,100,100122,100,99920,100,100184,100,99908,100,100682,100,99901,100,100832,100,99895,100
2019-06-28 09:57:20.000000000,100056,265,100049,365,100061,265,99979,265,100090,100,99978,100,100093,100,99975,100,100106,100,99957,100,100120,100,99953,100,100122,100,99920,100,100184,100,99908,100,100682,100,99901,100,100832,100,99895,100
2019-06-28 09:57:26.483677286,100056,265,100049,365,100061,265,99979,265,100090,100,99978,100,100093,100,99975,100,100106,100,99957,100,100120,100,99953,100,100122,100,99920,100,100184,100,99908,100,100682,100,99901,100,100832,100,99895,100
2019-06-28 09:57:30.000000000,100056,265,100049,365,100061,265,99979,265,100090,100,99978,100,100093,100,99975,100,100106,100,99957,100,100120,100,99953,100,100122,100,99920,100,100184,100,99908,100,100682,100,99901,100,100832,100,99895,100
2019-06-28 09:57:34.857089075,100056,265,100049,365,100061,265,99979,165,100090,100,99978,100,100093,100,99975,100,100106,100,99957,100,100120,100,99953,100,100122,100,99920,100,100184,100,99908,100,100682,100,99901,100,100832,100,99895,100
2019-06-28 09:57:40.000000000,100056,212,100049,312,100061,209,99978,209,100090,209,99975,209,100093,100,99957,100,100106,100,99953,100,100120,100,99920,100,100122,100,99908,100,100184,100,99901,100,100682,100,99895,100,100832,100,99884,100
2019-06-28 09:57:50.000000000,100056,182,100049,282,100061,182,99978,182,100090,182,99975,182,100093,182,99957,182,100106,100,99953,100,100120,100,99920,100,100122,100,99908,100,100184,100,99901,100,100682,100,99895,100,100832,100,99884,100
2019-06-28 09:58:00.000000000,100056,265,100049,365,100061,265,99978,265,100090,100,99975,100,100093,100,99957,100,100106,100,99953,100,100120,100,99920,100,100122,100,99908,100,100184,100,99901,100,100682,100,99895,100,100832,100,99884,100
2019-06-28 09:58:02.305207029,100056,265,100049,465,100061,265,99978,265,100090,100,99975,100,100093,100,99957,100,100106,100,99953,100,100120,100,99920,100,100122,100,99908,100,100184,100,99901,100,100682,100,99895,100,100832,100,99884,100
2019-06-28 09:58:09.491373154,100056,265,100049,465,100061,265,99978,265,100090,100,99975,100,100093,100,99957,100,100106,100,99953,100,100120,100,99920,100,100122,100,99908,100,100184,100,99901,100,100682,100,99895,100,100832,100,99884,100
2019-06-28 09:58:10.000000000,100056,166,100049,366,100061,166,99978,166,100090,166,99975,166,100093,166,99957,166,100106,166,99953,166,100120,100,99920,100,100122,100,99908,100,100184,100,99901,100,100682,100,99895,100,100832,100,99884,100
2019-06-28 09:58:20.000000000,100056,212,100049,412,100061,209,99978,209,100090,209,99975,209,100093,100,99957,100,100106,100,99953,100,100120,100,99920,100,100122,100,99908,100,100184,100,99901,100,100682,100,99895,100,100832,100,99884,100
2019-06-28 09:58:30.000000000,100056,182,100049,382,100061,182,99978,182,100090,182,99975,182,100093,182,99957,182,100106,100,99953,100,100120,100,99920,100,100122,100,99908,100,100184,100,99901,100,100682,100,99895,100,100832,100,99884,100
2019-06-28 09:58:40.000000000,100056,182,100049,382,100061,182,99978,182,100090,182,99975,182,100093,182,99957,182,100106,100,99953,100,100120,100,99920,100,100122,100,99908,100,100184,100,99901,100,100682,100,99895,100,100832,100,99884,100
2019-06-28 09:58:50.000000000,100056,212,100049,412,100061,209,99978,209,100090,209,99975,209,100093,100,99957,100,100106,100,99953,100,100120,100,99920,100,100122,100,99908,100,100184,100,99901,100,100682,100,99895,100,100832,100,99884,100
2019-06-28 09:59:00.000000000,100056,212,100049,412,100061,209,99978,209,100090,209,99975,209,100093,100,99957,100,100106,100,99953,100,100120,100,99920,100,100122,100,99908,100,100184,100,99901,100,100682,100,99895,100,100832,100,99884,100
2019-06-28 09:59:10.000000000,100056,430,100049,630,100061,100,99978,100,100090,100,99975,100,100093,100,99957,100,100106,100,99953,100,100120,100,99920,100,100122,100,99908,100,100184,100,99901,100,100682,100,99895,100,100832,100,99884,100
2019-06-28 09:59:11.590391858,100056,330,100049,630,100061,100,99978,100,100090,100,99975,100,100093,100,99957,100,100106,100,99953,100,100120,100,99920,100,100122,100,99901,100,100184,100,99895,100,100682,100,99884,100,100832,100,99855,100
2019-06-28 09:59:17.691058284,100056,330,100049,630,100061,100,99978,100,100090,100,99975,100,100093,100,99957,100,100106,100,99953,100,100120,100,99920,100,100122,100,99901,100,100184,100,99895,100,100682,100,99884,100,100832,100,99855,100
2019-06-28 09:59:20.000000000,100061,166,100049,366,100090,166,99978,166,100093,166,99975,166,100106,166,99957,166,100120,166,99953,166,100122,100,99920,100,100184,100,99901,100,100682,100,99895,100,100832,100,99884,100,101023,100,99855,100
2019-06-28 09:59:23.224153769,100061,66,100049,366,100090,166,99978,166,100093,166,99975,166,100106,166,99957,166,100120,166,99953,166,100122,100,99920,100,100184,100,99901,100,100682,100,99895,100,100832,100,99884,100,101023,100,99855,100
2019-06-28 09:59:23.301949875,100090,166,100061,34,100093,166,100049,366,100106,166,99978,166,100120,166,99975,166,100122,100,99957,166,100184,100,99953,166,100682,100,99920,100,100832,100,99901,100,101023,100,99895,100,101062,100,99884,100
2019-06-28 09:59:30.000000000,100090,265,100061,199,100093,265,100049,465,100106,100,99978,100,100120,100,99975,100,100122,100,99957,100,100184,100,99953,100,100682,100,99920,100,100832,100,99901,100,101023,100,99895,100,101062,100,99884,100
2019-06-28 09:59:33.627368856,100090,265,100061,199,100093,265,100049,465,100106,100,99978,100,100120,100,99975,100,100122,100,99957,100,100184,100,99953,100,100682,100,99920,100,100832,100,99901,100,100969,100,99895,100,101023,100,99884,100
2019-06-28 09:59:40.000000000,100090,166,100061,100,100093,166,100049,366,100106,166,99978,166,100120,166,99975,166,100122,166,99957,166,100184,100,99953,100,100682,100,99920,100,100832,100,99901,100,100969,100,99895,100,101023,100,99884,100
2019-06-28 09:59:50.000000000,100090,182,100061,116,100093,182,100049,382,100106,182,99978,182,100120,182,99975,182,100122,100,99957,100,100184,100,99953,100,100682,100,99920,100,100832,100,99901,100,100969,100,99895,100,101023,100,99884,100
2019-06-28 09:59:55.066841955,100090,182,100061,116,100093,182,100049,382,100106,182,99978,182,100120,182,99975,182,100122,100,99957,100,100184,100,99953,100,100682,100,99920,100,100799,100,99901,100,100832,100,99895,100,100969,100,99884,100
2019-06-28 09:59:57.402309780,100090,82,100061,82,100093,182,100049,382,100106,182,99978,182,100120,182,99975,182,100122,100,99957,100,100184,100,99953,100,100682,100,99920,100,100799,100,99901,100,100832,100,99895,100,100969,100,99884,100
2019-06-28 10:00:00.000000000,100093,166,100049,366,100106,166,99978,166,100120,166,99975,166,100122,166,99957,166,100184,166,99953,166,100682,100,99920,100,100799,100,99901,100,100832,100,99895,100,100969,100,99884,100,101023,100,99855,100
2019-06-28 10:00:10.000000000,100093,430,100049,630,100106,100,99978,100,100120,100,99975,100,100122,100,99957,100,100184,100,99953,100,100682,100,99920,100,100799,100,99901,100,100832,100,99895,100,100969,100,99884,100,101023,100,99855,100
2019-06-28 10:00:20.000000000,100093,430,100049,630,100106,100,99978,100,100120,100,99975,100,100122,100,99957,100,100184,100,99953,100,100682,100,99920,100,100799,100,99901,100,100832,100,99895,100,100969,100,99884,100,101023,100,99855,100
2019-06-28 10:00:23.567354042,100093,330,100049,630,100106,100,99978,100,100120,100,99975,100,100122,100,99957,100,100184,100,99953,100,100682,100,99920,100,100799,100,99901,100,100832,100,99895,100,100969,100,99884,100,101023,100,99855,100
2019-06-28 10:00:30.000000000,100106,430,100049,630,100120,100,99978,100,100122,100,99975,100,100184,100,99957,100,100682,100,99953,100,100799,100,99920,100,100832,100,99901,100,100969,100,99895,100,101023,100,99884,100,101062,100,99855,100
2019-06-28 10:00:40.000000000,100106,166,100049,366,100120,166,99978,166,100122,166,99975,166,100184,166,99957,166,100682,166,99953,166,100799,100,99920,100,100832,100,99901,100,100969,100,99895,100,101023,100,99884,100,101062,100,99855,100
2019-06-28 10:00:50.000000000,100106,182,100049,382,100120,182,99978,182,100122,182,99975,182,100184,182,99957,182,100682,100,99953,100,100799,100,99920,100,100832,100,99901,100,100969,100,99895,100,101023,100,99884,100,101062,100,99855,100
2019-06-28 10:01:00.000000000,100106,265,100049,465,100120,265,99978,265,100122,100,99975,100,100184,100,99957,100,100682,100,99953,100,100799,100,99920,100,100832,100,99901,100,100969,100,99895,100,101023,100,99884,100,101062,100,99855,100
2019-06-28 10:01:10.000000000,100106,265,100049,465,100120,265,99978,265,100122,100,99975,100,100184,100,99957,100,100682,100,99953,100,100799,100,99920,100,100832,100,99901,100,100969,100,99895,100,101023,100,99884,100,101062,100,99855,100
2019-06-28 10:01:20.000000000,100106,212,100049,412,100120,209,99978,209,100122,209,99975,209,100184,100,99957,100,100682,100,99953,100,100799,100,99920,100,100832,100,99901,100,100969,100,99895,100,101023,100,99884,100,101062,100,99855,100
2019-06-28 10:01:25.127684000,100106,112,100049,412,100120,209,99978,209,100122,209,99975,209,100184,100,99957,100,100682,100,99953,100,100799,100,99920,100,100832,100,99901,100,100969,100,99895,100,101023,100,99884,100,101062,100,99855,100
2019-06-28 10:01:30.000000000,100120,430,100049,630,100122,100,99978,100,100184,100,99975,100,100682,100,99957,100,100799,100,99953,100,100832,100,99920,100,100969,100,99901,100,101023,100,99895,100,101062,100,99884,100,101854,100,99855,100
2019-06-28 10:01:32.206837430,100120,430,100093,100,100122,100,100049,630,100184,100,99978,100,100682,100,99975,100,100799,100,99957,100,100832,100,99953,100,100969,100,99920,100,101023,100,99901,100,101062,100,99895,100,101854,100,99884,100
2019-06-28 10:01:40.000000000,100120,212,100093,212,100122,209,100049,409,100184,209,99978,209,100682,100,99975,100,100799,100,99957,100,100832,100,99953,100,100969,100,99920,100,101023,100,99901,100,101062,100,99895,100,101854,100,99884,100
2019-06-28 10:01:50.000000000,100120,166,100093,166,100122,166,100049,366,100184,166,99978,166,100682,166,99975,166,100799,166,99957,166,100832,100,99953,100,100969,100,99920,100,101023,100,99901,100,101062,100,99895,100,101854,100,99884,100
2019-06-28 10:01:51.714065459,100120,66,100093,166,100122,166,100049,366,100184,166,99978,166,100682,166,99975,166,100799,166,99957,166,100832,100,99953,100,100969,100,99901,100,101023,100,99895,100,101062,100,99884,100,101854,100,99855,100
2019-06-28 10:01:57.602620409,100120,66,100093,166,100122,166,100049,266,100184,166,99978,166,100682,166,99975,166,100799,166,99957,166,100832,100,99953,100,100969,100,99901,100,101023,100,99895,100,101062,100,99884,100,101854,100,99855,100
2019-06-28 10:02:00.000000000,100122,166,100093,166,100184,166,100049,266,100682,166,99978,166,100799,166,99975,166,100832,166,99957,166,100969,100,99953,100,101023,100,99901,100,101062,100,99895,100,101854,100,99884,100,101969,100,99855,100
2019-06-28 10:02:10.000000000,100122,430,100093,430,100184,100,100049,200,100682,100,99978,100,100799,100,99975,100,100832,100,99957,100,100969,100,99953,100,101023,100,99901,100,101062,100,99895,100,101854,100,99884,100,101969,100,99855,100
2019-06-28 10:02:15.849919315,100122,430,100093,430,100184,100,100049,200,100643,100,99978,100,100682,100,99975,100,100799,100,99957,100,100832,100,99953,100,100969,100,99901,100,101023,100,99895,100,101062,100,99884,100,101854,100,99855,100
2019-06-28 10:02:16.456840040,100122,330,100093,430,100184,100,100049,200,100643,100,99978,100,100682,100,99975,100,100799,100,99957,100,100832,100,99953,100,100969,100,99901,100,101023,100,99895,100,101062,100,99884,100,101854,100,99855,100
2019-06-28 10:02:20.000000000,100184,212,100093,212,100643,209,100049,309,100682,209,99978,209,100799,100,99975,100,100832,100,99957,100,100969,100,99953,100,101023,100,99901,100,101062,100,99895,100,101854,100,99884,100,101969,100,99855,100
2019-06-28 10:02:21.327878323,100184,112,100093,212,100643,209,100049,309,100682,209,99978,209,100799,100,99975,100,100832,100,99957,100,100969,100,99953,100,101023,100,99901,100,101854,100,99895,100,101969,100,99884,100,102096,100,99855,100
2019-06-28 10:02:30.000000000,100643,430,100093,430,100682,100,100049,200,100799,100,99978,100,100832,100,99975,100,100969,100,99957,100,101023,100,99953,100,101854,100,99901,100,101969,100,99895,100,102096,100,99884,100,102168,100,99855,100
2019-06-28 10:02:34.837159295,100643,430,100093,330,100682,100,100049,200,100799,100,99978,100,100832,100,99975,100,100969,100,99957,100,101023,100,99953,100,101854,100,99901,100,101969,100,99895,100,102096,100,99884,100,102168,100,99855,100
2019-06-28 10:02:38.048154290,100643,330,100093,330,100682,100,100049,200,100799,100,99978,100,100832,100,99975,100,100969,100,99957,100,101023,100,99953,100,101854,100,99901,100,101969,100,99895,100,102168,100,99884,100,102456,100,99855,100
2019-06-28 10:02:40.000000000,100682,430,100049,530,100799,100,99978,100,100832,100,99975,100,100969,100,99957,100,101023,100,99953,100,101854,100,99901,100,101969,100,99895,100,102168,100,99884,100,102456,100,99855,100,,,99848,100
2019-06-28 10:02:48.741456099,100682,330,100049,530,100799,100,99978,100,100832,100,99975,100,100969,100,99957,100,101023,100,99953,100,101854,100,99901,100,101969,100,99895,100,102168,100,99884,100,102456,100,99855,100,,,99848,100
2019-06-28 10:02:50.000000000,100799,166,100049,266,100832,166,99978,166,100969,166,99975,166,101023,166,99957,166,101854,166,99953,166,101969,100,99901,100,102168,100,99895,100,102456,100,99884,100,,,99855,100,,,99848,100
2019-06-28 10:03:00.000000000,100799,430,100049,530,100832,100,99978,100,100969,100,99975,100,101023,100,99957,100,101854,100,99953,100,101969,100,99901,100,102168,100,99895,100,102456,100,99884,100,,,99855,100,,,99848,100
2019-06-28 10:03:10.000000000,100799,166,100049,266,100832,166,99978,166,100969,166,99975,166,101023,166,99957,166,101854,166,99953,166,101969,100,99901,100,102168,100,99895,100,102456,100,99884,100,,,99855,100,,,99848,100
2019-06-28 10:03:20.000000000,100799,212,100049,312,100832,209,99978,209,100969,209,99975,209,101023,100,99957,100,101854,100,99953,100,101969,100,99901,100,102168,100,99895,100,102456,100,99884,100,,,99855,100,,,99848,100
2019-06-28 10:03:30.000000000,100799,212,100049,312,100832,209,99978,209,100969,209,99975,209,101023,100,99957,100,101854,100,99953,100,101969,100,99901,100,102168,100,99895,100,102456,100,99884,100,,,99855,100,,,99848,100
2019-06-28 10:03:35.712191547,100466,100,100049,312,100799,212,99978,209,100832,209,99975,209,100969,209,99957,100,101023,100,99953,100,101854,100,99901,100,101969,100,99895,100,102168,100,99884,100,102456,100,99855,100,,,99848,100
2019-06-28 10:03:37.350272124,100466,100,100209,100,100799,212,100049,312,100832,209,99978,209,100969,209,99975,209,101023,100,99957,100,101854,100,99953,100,102168,100,99901,100,102456,100,99895,100,,,99884,100,,,99855,100
2019-06-28 10:03:40.000000000,100466,430,100209,430,100799,100,100049,200,100832,100,99978,100,100969,100,99975,100,101023,100,99957,100,101854,100,99953,100,102168,100,99901,100,102456,100,99895,100,,,99884,100,,,99855,100
2019-06-28 10:03:50.000000000,100466,212,100209,212,100799,209,100049,309,100832,209,99978,209,100969,100,99975,100,101023,100,99957,100,101854,100,99953,100,102168,100,99901,100,102456,100,99895,100,,,99884,100,,,99855,100
2019-06-28 10:04:00.000000000,100466,430,100209,430,100799,100,100049,200,100832,100,99978,100,100969,100,99975,100,101023,100,99957,100,101854,100,99953,100,102168,100,99901,100,102456,100,99895,100,,,99884,100,,,99855,100
2019-06-28 10:04:01.538088088,100466,430,100209,430,100642,100,100049,200,100799,100,99978,100,100832,100,99975,100,100969,100,99957,100,101023,100,99953,100,101854,100,99901,100,102168,100,99895,100,102456,100,99884,100,,,99855,100
2019-06-28 10:04:10.000000000,100466,430,100209,430,100642,100,100049,200,100799,100,99978,100,100832,100,99975,100,100969,100,99957,100,101023,100,99953,100,101854,100,99901,100,102168,100,99895,100,102456,100,99884,100,,,99855,100
2019-06-28 10:04:20.000000000,100466,182,100209,182,100642,182,100049,282,100799,182,99978,182,100832,182,99975,182,100969,100,99957,100,101023,100,99953,100,101854,100,99901,100,102168,100,99895,100,102456,100,99884,100,,,99855,100
2019-06-28 10:04:26.574312565,100402,100,100209,182,100466,182,100049,282,100642,182,99978,182,100799,182,99975,182,100832,182,99957,100,100969,100,99953,100,101023,100,99901,100,101854,100,99895,100,102168,100,99884,100,102456,100,99855,100
2019-06-28 10:04:30.000000000,100402,265,100209,265,100466,265,100049,365,100642,100,99978,100,100799,100,99975,100,100832,100,99957,100,100969,100,99953,100,101023,100,99901,100,101854,100,99895,100,102168,100,99884,100,102456,100,99855,100
2019-06-28 10:04:40.000000000,100402,182,100209,182,100466,182,100049,282,100642,182,99978,182,100799,182,99975,182,100832,100,99957,100,100969,100,99953,100,101023,100,99901,100,101854,100,99895,100,102168,100,99884,100,102456,100,99855,100
2019-06-28 10:04:50.000000000,100402,212,100209,212,100466,209,100049,309,100642,209,99978,209,100799,100,99975,100,100832,100,99957,100,100969,100,99953,100,101023,100,99901,100,101854,100,99895,100,102168,100,99884,100,102456,100,99855,100
2019-06-28 10:04:50.198823718,100402,212,100209,212,100466,209,100049,309,100642,309,99978,209,100799,100,99975,100,100832,100,99957,100,100969,100,99953,100,101023,100,99901,100,101854,100,99895,100,102168,100,99884,100,102456,100,99855,100
2019-06-28 10:05:00.000000000,100402,265,100209,265,100466,265,100049,365,100642,200,99978,100,100799,100,99975,100,100832,100,99957,100,100969,100,99953,100,101023,100,99901,100,101854,100,99895,100,102168,100,99884,100,102456,100,99855,100
2019-06-28 10:05:10.000000000,100402,430,100209,430,100466,100,100049,200,100642,200,99978,100,100799,100,99975,100,100832,100,99957,100,100969,100,99953,100,101023,100,99901,100,101854,100,99895,100,102168,100,99884,100,102456,100,99855,100
2019-06-28 10:05:20.000000000,100402,212,100209,212,100466,209,100049,309,100642,309,99978,209,100799,100,99975,100,100832,100,99957,100,100969,100,99953,100,101023,100,99901,100,101854,100,99895,100,102168,100,99884,100,102456,100,99855,100
2019-06-28 10:05:30.000000000,100402,430,100209,430,100466,100,100049,200,100642,200,99978,100,100799,100,99975,100,100832,100,99957,100,100969,100,99953,100,101023,100,99901,100,101854,100,99895,100,102168,100,99884,100,102456,100,99855,100
2019-06-28 10:05:33.655720304,100402,430,100209,430,100466,100,100049,100,100642,300,99978,100,100799,100,99975,100,100832,100,99957,100,100969,100,99953,100,101023,100,99901,100,101854,100,99895,100,102168,100,99884,100,102456,100,99855,100
2019-06-28 10:05:35.209880862,100402,430,100209,430,100466,100,100049,100,100642,400,99978,100,100799,100,99975,100,100832,100,99957,100,100969,100,99953,100,101023,100,99901,100,101854,100,99895,100,102168,100,99884,100,102456,100,99855,100
2019-06-28 10:05:40.000000000,100402,430,100209,430,100466,100,100049,100,100642,400,99978,100,100799,100,99975,100,100832,100,99957,100,100969,100,99953,100,101023,100,99901,100,101854,100,99895,100,102168,100,99884,100,102456,100,99855,100
2019-06-28 10:05:50.000000000,100402,166,100209,166,100466,166,100049,166,100642,466,99978,166,100799,166,99975,166,100832,166,99957,166,100969,100,99953,100,101023,100,99901,100,101854,100,99895,100,102168,100,99884,100,102456,100,99855,100
2019-06-28 10:06:00.000000000,100402,430,100209,430,100466,100,100049,100,100642,400,99978,100,100799,100,99975,100,100832,100,99957,100,100969,100,99953,100,101023,100,99901,100,101854,100,99895,100,102168,100,99884,100,102456,100,99855,100
2019-06-28 10:06:10.000000000,100402,182,100209,182,100466,182,100049,182,100642,482,99978,182,100799,182,99975,182,100832,100,99957,100,100969,100,99953,100,101023,100,99901,100,101854,100,99895,100,102168,100,99884,100,102456,100,99855,100
2019-06-28 10:06:20.000000000,100402,430,100209,430,100466,100,100049,100,100642,400,99978,100,100799,100,99975,100,100832,100,99957,100,100969,100,99953,100,101023,100,99901,100,101854,100,99895,100,102168,100,99884,100,102456,100,99855,100
2019-06-28 10:06:25.332363787,100402,330,100209,430,100466,100,100049,100,100642,400,99978,100,100799,100,99975,100,100832,100,99957,100,100969,100,99953,100,101023,100,99901,100,101854,100,99895,100,102168,100,99884,100,102456,100,99855,100
2019-06-28 10:06:25.676584671,100402,330,100209,430,100466,100,100049,100,100642,400,99978,100,100799,100,99975,100,100832,100,99957,100,100969,100,99953,100,101023,100,99901,100,101167,100,99895,100,101854,100,99884,100,102168,100,99855,100
2019-06-28 10:06:30.000000000,100466,265,100209,265,100642,565,100049,265,100799,100,99978,100,100832,100,99975,100,100969,100,99957,100,101023,100,99953,100,101167,100,99901,100,101854,100,99895,100,102168,100,99884,100,102456,100,99855,100
2019-06-28 10:06:33.541462453,100466,265,100209,265,100642,565,100049,265,100799,100,99978,100,100832,100,99975,100,100918,100,99957,100,100969,100,99953,100,101023,100,99901,100,101167,100,99895,100,101854,100,99884,100,102168,100,99855,100
2019-06-28 10:06:35.408652860,100466,265,100402,100,100642,565,100209,265,100799,100,100049,265,100832,100,99978,100,100918,100,99975,100,100969,100,99957,100,101023,100,99953,100,101167,100,99901,100,101854,100,99895,100,102168,100,99884,100
2019-06-28 10:06:40.000000000,100466,265,100402,265,100642,565,100209,265,100799,100,100049,100,100832,100,99978,100,100918,100,99975,100,100969,100,99957,100,101023,100,99953,100,101167,100,99901,100,101854,100,99895,100,102168,100,99884,100
2019-06-28 10:06:43.999854931,100466,265,100402,265,100642,565,100209,265,100799,100,100049,100,100825,100,99978,100,100832,100,99975,100,100918,100,99957,100,100969,100,99953,100,101023,100,99901,100,101167,100,99895,100,101854,100,99884,100
2019-06-28 10:06:50.000000000,100466,166,100402,166,100642,466,100209,166,100799,166,100049,166,100825,166,99978,166,100832,166,99975,166,100918,100,99957,100,100969,100,99953,100,101023,100,99901,100,101167,100,99895,100,101854,100,99884,100
2019-06-28 10:07:00.000000000,100466,166,100402,166,100642,466,100209,166,100799,166,100049,166,100825,166,99978,166,100832,166,99975,166,100918,100,99957,100,100969,100,99953,100,101023,100,99901,100,101167,100,99895,100,101854,100,99884,100
2019-06-28 10:07:10.000000000,100466,182,100402,182,100642,482,100209,182,100799,182,100049,182,100825,182,99978,182,100832,100,99975,100,100918,100,99957,100,100969,100,99953,100,101023,100,99901,100,101167,100,99895,100,101854,100,99884,100
2019-06-28 10:07:13.435400097,100466,182,100402,182,100642,482,100209,182,100779,100,100049,182,100799,182,99978,182,100825,182,99975,100,100832,100,99957,100,100918,100,99953,100,100969,100,99901,100,101023,100,99884,100,101167,100,99855,100
2019-06-28 10:07:20.000000000,100466,166,100402,166,100642,466,100209,166,100779,166,100049,166,100799,166,99978,166,100825,166,99975,166,100832,100,99957,100,100918,100,99953,100,100969,100,99901,100,101023,100,99884,100,101167,100,99855,100
2019-06-28 10:07:30.000000000,100466,212,100402,212,100642,509,100209,209,100779,209,100049,209,100799,100,99978,100,100825,100,99975,100,100832,100,99957,100,100918,100,99953,100,100969,100,99901,100,101023,100,99884,100,101167,100,99855,100
2019-06-28 10:07:40.000000000,100466,212,100402,212,100642,509,100209,209,100779,209,100049,209,100799,100,99978,100,100825,100,99975,100,100832,100,99957,100,100918,100,99953,100,100969,100,99901,100,101023,100,99884,100,101167,100,99855,100
2019-06-28 10:07:50.000000000,100466,212,100402,212,100642,509,100209,209,100779,209,100049,209,100799,100,99978,100,100825,100,99975,100,100832,100,99957,100,100918,100,99953,100,100969,100,99901,100,101023,100,99884,100,101167,100,99855,100
2019-06-28 10:07:59.417628188,100466,112,100402,212,100642,509,100209,209,100779,209,100049,209,100799,100,99978,100,100825,100,99975,100,100832,100,99957,100,100918,100,99901,100,100969,100,99884,100,101023,100,99855,100,101167,100,99848,100
2019-06-28 10:08:00.000000000,100642,730,100402,430,100779,100,100209,100,100799,100,100049,100,100825,100,99978,100,100832,100,99975,100,100918,100,99957,100,100969,100,99901,100,101023,100,99884,100,101167,100,99855,100,101854,100,99848,100
2019-06-28 10:08:10.000000000,100642,466,100402,166,100779,166,100209,166,100799,166,100049,166,100825,166,99978,166,100832,166,99975,166,100918,100,99957,100,100969,100,99901,100,101023,100,99884,100,101167,100,99855,100,101854,100,99848,100
2019-06-28 10:08:20.000000000,100642,482,100402,182,100779,182,100209,182,100799,182,100049,182,100825,182,99978,182,100832,100,99975,100,100918,100,99957,100,100969,100,99901,100,101023,100,99884,100,101167,100,99855,100,101854,100,99848,100
2019-06-28 10:08:30.000000000,100642,730,100402,430,100779,100,100209,100,100799,100,100049,100,100825,100,99978,100,100832,100,99975,100,100918,100,99957,100,100969,100,99901,100,101023,100,99884,100,101167,100,99855,100,101854,100,99848,100
2019-06-28 10:08:40.000000000,100642,512,100402,212,100779,209,100209,209,100799,209,100049,209,100825,100,99978,100,100832,100,99975,100,100918,100,99957,100,100969,100,99901,100,101023,100,99884,100,101167,100,99855,100,101854,100,99848,100
2019-06-28 10:08:44.143322914,100642,512,100402,112,100779,209,100209,209,100799,209,100049,209,100825,100,99978,100,100832,100,99975,100,100918,100,99957,100,100969,100,99901,100,101023,100,99884,100,101167,100,99855,100,101854,100,99848,100
2019-06-28 10:08:50.000000000,100642,565,100209,265,100779,265,100049,265,100799,100,99978,100,100825,100,99975,100,100832,100,99957,100,100918,100,99901,100,100969,100,99884,100,101023,100,99855,100,101167,100,99848,100,101854,100,,
2019-06-28 10:09:00.000000000,100642,730,100209,430,100779,100,100049,100,100799,100,99978,100,100825,100,99975,100,100832,100,99957,100,100918,100,99901,100,100969,100,99884,100,101023,100,99855,100,101167,100,99848,100,101854,100,,
2019-06-28 10:09:10.000000000,100642,565,100209,265,100779,265,100049,265,100799,100,99978,100,100825,100,99975,100,100832,100,99957,100,100918,100,99901,100,100969,100,99884,100,101023,100,99855,100,101167,100,99848,100,101854,100,,
2019-06-28 10:09:20.000000000,100642,512,100209,212,100779,209,100049,209,100799,209,99978,209,100825,100,99975,100,100832,100,99957,100,100918,100,99901,100,100969,100,99884,100,101023,100,99855,100,101167,100,99848,100,101854,100,,
2019-06-28 10:09:29.008415519,100642,512,100313,100,100779,209,100209,212,100799,209,100049,209,100825,100,99978,209,100832,100,99975,100,100918,100,99957,100,100969,100,99901,100,101023,100,99884,100,101167,100,99855,100,101854,100,99848,100
2019-06-28 10:09:30.000000000,100642,512,100313,212,100779,209,100209,209,100799,209,100049,209,100825,100,99978,100,100832,100,99975,100,100918,100,99957,100,100969,100,99901,100,101023,100,99884,100,101167,100,99855,100,101854,100,99848,100
2019-06-28 10:09:40.000000000,100642,466,100313,166,100779,166,100209,166,100799,166,100049,166,100825,166,99978,166,100832,166,99975,166,100918,100,99957,100,100969,100,99901,100,101023,100,99884,100,101167,100,99855,100,101854,100,99848,100
2019-06-28 10:09:40.558772239,100642,466,100313,166,100779,166,100209,166,100799,166,100049,166,100825,166,99978,166,100832,166,99975,166,100918,100,99957,100,100969,100,99901,100,101023,100,99884,100,101167,100,99855,100,101854,100,99848,100
2019-06-28 10:09:50.000000000,100642,730,100313,430,100779,100,100209,100,100799,100,100049,100,100825,100,99978,100,100832,100,99975,100,100918,100,99957,100,100969,100,99901,100,101023,100,99884,100,101167,100,99855,100,101854,100,99848,100
2019-06-28 10:10:00.000000000,100642,512,100313,212,100779,209,100209,209,100799,209,100049,209,100825,100,99978,100,100832,100,99975,100,100918,100,99957,100,100969,100,99901,100,101023,100,99884,100,101167,100,99855,100,101854,100,99848,100
2019-06-28 10:10:10.000000000,100642,512,100313,212,100779,209,100209,209,100799,209,100049,209,100825,100,99978,100,100832,100,99975,100,100918,100,99957,100,100969,100,99901,100,101023,100,99884,100,101167,100,99855,100,101854,100,99848,100
2019-06-28 10:10:14.135684598,100465,100,100313,212,100642,512,100209,209,100779,209,100049,209,100799,209,99978,100,100825,100,99975,100,100832,100,99957,100,100918,100,99901,100,100969,100,99884,100,101023,100,99855,100,101167,100,99848,100
2019-06-28 10:10:18.637449435,100465,100,100403,100,100642,512,100313,212,100779,209,100209,209,100799,209,100049,209,100825,100,99978,100,100832,100,99975,100,100918,100,99957,100,100969,100,99901,100,101023,100,99884,100,101167,100,99855,100
2019-06-28 10:10:20.000000000,100465,182,100403,182,100642,482,100313,182,100779,182,100209,182,100799,182,100049,182,100825,100,99978,100,100832,100,99975,100,100918,100,99957,100,100969,100,99901,100,101023,100,99884,100,101167,100,99855,100
2019-06-28 10:10:20.901577068,100465,282,100403,182,100642,482,100313,182,100779,182,100209,182,100799,182,100049,182,100825,100,99978,100,100832,100,99975,100,100918,100,99957,100,100969,100,99901,100,101023,100,99884,100,101167,100,99855,100
2019-06-28 10:10:30.000000000,100465,266,100403,166,100642,466,100313,166,100779,166,100209,166,100799,166,100049,166,100825,166,99978,166,100832,100,99975,100,100918,100,99957,100,100969,100,99901,100,101023,100,99884,100,101167,100,99855,100
2019-06-28 10:10:40.000000000,100465,530,100403,430,100642,400,100313,100,100779,100,100209,100,100799,100,100049,100,100825,100,99978,100,100832,100,99975,100,100918,100,99957,100,100969,100,99901,100,101023,100,99884,100,101167,100,99855,100
2019-06-28 10:10:48.419149493,100465,530,100403,430,100581,100,100313,100,100642,400,100209,100,100779,100,100049,100,100799,100,99978,100,100825,100,99975,100,100832,100,99957,100,100918,100,99901,100,100969,100,99884,100,101023,100,99855,100
