,ask_price_1,ask_size_1,bid_price_1,bid_size_1,ask_price_2,ask_size_2,bid_price_2,bid_size_2,ask_price_3,ask_size_3,bid_price_3,bid_size_3,ask_price_4,ask_size_4,bid_price_4,bid_size_4,ask_price_5,ask_size_5,bid_price_5,bid_size_5,ask_price_6,ask_size_6,bid_price_6,bid_size_6,ask_price_7,ask_size_7,bid_price_7,bid_size_7,ask_price_8,ask_size_8,bid_price_8,bid_size_8,ask_price_9,ask_size_9,bid_price_9,bid_size_9,ask_price_10,ask_size_10,bid_price_10,bid_size_10
2019-06-28 09:30:00.000000000,100101,100,,,,,,,,,,,,,,,,,,,,,,,,,,,,,,,,,,,,,,
2019-06-28 09:30:00.000000002,99975,100,,,100101,100,,,,,,,,,,,,,,,,,,,,,,,,,,,,,,,,,,
2019-06-28 09:30:00.000000005,99975,100,,,100031,100,,,100101,100,,,,,,,,,,,,,,,,,,,,,,,,,,,,,,
2019-06-28 09:30:00.000000006,99975,100,99890,100,100031,100,,,100101,100,,,,,,,,,,,,,,,,,,,,,,,,,,,,,,
2019-06-28 09:30:00.000000009,99964,100,99890,100,99975,100,,,100031,100,,,100101,100,,,,,,,,,,,,,,,,,,,,,,,,,,
2019-06-28 09:30:00.000000010,99975,100,99890,100,100031,100,,,100048,100,,,100101,100,,,,,,,,,,,,,,,,,,,,,,,,,,
2019-06-28 09:30:00.000000013,100031,100,99890,100,100048,100,,,100101,100,,,,,,,,,,,,,,,,,,,,,,,,,,,,,,
2019-06-28 09:30:00.000000014,100031,100,99971,100,100048,100,99890,100,100101,100,,,,,,,,,,,,,,,,,,,,,,,,,,,,,,
2019-06-28 09:30:00.000000019,100031,100,99971,100,100048,100,99890,100,100101,100,,,100135,100,,,,,,,,,,,,,,,,,,,,,,,,,,
2019-06-28 09:30:00.000000022,100031,100,99971,100,100048,100,99937,100,100101,100,99890,100,100135,100,,,,,,,,,,,,,,,,,,,,,,,,,,
2019-06-28 09:30:00.000000023,99975,200,99971,100,100031,100,99937,100,100048,100,99890,100,100086,100,,,100101,100,,,100135,100,,,,,,,,,,,,,,,,,,
2019-06-28 09:30:00.000000024,99975,200,99971,100,100031,100,99937,100,100048,100,99890,100,100086,100,,,100087,100,,,100101,100,,,100135,100,,,,,,,,,,,,,,
2019-06-28 09:30:00.000000025,99975,200,99971,100,100031,100,99937,100,100048,100,99890,100,100086,100,99865,100,100087,100,,,100101,100,,,100135,100,,,,,,,,,,,,,,
2019-06-28 09:30:00.000000026,99975,200,99971,100,100031,100,99937,100,100048,100,99922,100,100086,100,99890,100,100087,100,99865,100,100101,100,,,100135,100,,,,,,,,,,,,,,
2019-06-28 09:30:00.000000027,99975,200,99971,100,100031,100,99964,100,100048,100,99937,100,100086,100,99922,100,100087,100,99890,100,100101,100,99865,100,100135,100,,,100214,100,,,,,,,,,,
2019-06-28 09:30:00.000000028,99975,200,99971,100,100031,100,99964,100,100048,100,99937,100,100086,100,99922,100,100087,200,99890,100,100101,100,99865,100,100135,100,,,100214,100,,,,,,,,,,
2019-06-28 09:30:00.000000031,99975,100,99971,100,100031,100,99964,100,100048,100,99937,100,100086,100,99922,100,100087,200,99890,100,100101,100,99865,100,100102,100,,,100135,100,,,100214,100,,,,,,
2019-06-28 09:30:00.000000033,99975,100,99971,100,100031,100,99964,100,100048,100,99937,100,100076,100,99922,100,100086,100,99890,100,100087,200,99865,100,100101,100,,,100102,100,,,100135,100,,,100214,100,,
2019-06-28 09:30:00.000000034,99975,100,99971,100,100015,100,99964,100,100031,100,99937,100,100048,100,99922,100,100076,100,99890,100,100086,100,99865,100,100087,200,,,100101,100,,,100102,100,,,100135,100,,
2019-06-28 09:30:00.000000043,99974,100,99971,100,99975,100,99964,100,100015,100,99937,100,100031,100,99922,100,100048,100,99890,100,100076,100,99865,100,100086,100,,,100087,200,,,100101,100,,,100102,100,,
2019-06-28 09:30:00.000000046,99974,100,99964,100,99975,100,99937,100,100015,100,99922,100,100031,100,99890,100,100044,100,99865,100,100048,100,,,100058,100,,,100076,100,,,100086,100,,,100087,200,,
2019-06-28 09:30:00.000000048,99974,100,99971,100,99975,100,99964,100,100015,100,99937,100,100031,100,99922,100,100044,100,99890,100,100048,100,99865,100,100058,100,,,100076,100,,,100086,100,,,100087,200,,
2019-06-28 09:30:00.000000051,99974,100,99971,100,99975,100,99970,100,100015,100,99964,100,100031,100,99937,100,100044,100,99922,100,100048,100,99890,100,100058,100,99865,100,100076,100,99806,100,100081,100,,,100086,100,,
2019-06-28 09:30:00.000000059,99974,100,99971,100,99975,100,99970,100,99987,100,99964,100,100015,100,99937,100,100031,100,99922,100,100044,100,99890,100,100048,100,99865,100,100058,100,99806,100,100076,100,,,100081,100,,
2019-06-28 09:30:00.000000060,99974,100,99971,100,99975,100,99970,100,99987,100,99964,100,100012,100,99937,100,100015,100,99922,100,100031,100,99890,100,100044,100,99865,100,100048,100,99806,100,100058,100,,,100076,100,,
2019-06-28 09:30:00.000000065,99974,100,99971,200,99975,100,99970,100,99987,100,99964,100,100012,100,99937,100,100015,100,99922,100,100031,100,99890,100,100044,100,99865,100,100048,100,99806,100,100058,100,,,100076,100,,
2019-06-28 09:30:00.000000067,99974,100,99971,300,99975,100,99970,100,99987,100,99964,100,100012,100,99937,100,100015,100,99922,100,100031,100,99917,100,100044,100,99890,100,100048,100,99865,100,100058,100,99806,100,100076,100,,
2019-06-28 09:30:00.000000068,99974,100,99971,500,99975,100,99970,100,99987,100,99964,100,100012,100,99937,100,100015,100,99922,100,100031,100,99917,100,100044,100,99890,100,100048,100,99865,100,100058,100,99806,100,100076,100,,
2019-06-28 09:30:00.000000069,99974,100,99971,500,99975,100,99970,100,99987,100,99964,100,100012,100,99937,100,100015,100,99922,100,100031,100,99917,100,100044,100,99890,100,100048,100,99865,100,100058,100,99845,100,100076,100,99806,100
2019-06-28 09:30:00.000000076,99974,100,99971,500,99975,100,99970,100,99987,200,99964,100,100012,100,99937,100,100015,100,99922,100,100031,100,99917,100,100044,100,99890,100,100048,200,99865,100,100058,100,99845,100,100076,100,99806,100
2019-06-28 09:30:00.000000079,99974,100,99971,500,99975,100,99970,100,99987,200,99964,100,100012,100,99937,100,100015,100,99922,100,100019,100,99917,100,100031,100,99890,100,100035,100,99865,100,100044,100,99845,100,100048,200,99806,100
2019-06-28 09:30:00.000000080,99972,100,99971,500,99974,100,99970,100,99975,100,99964,100,99987,200,99944,100,100012,100,99937,100,100015,100,99922,100,100019,100,99917,100,100031,100,99906,100,100035,100,99890,100,100044,100,99865,100
2019-06-28 09:30:00.000000081,99972,100,99971,600,99974,100,99970,100,99975,100,99964,100,99987,200,99944,100,100012,100,99937,100,100015,100,99922,100,100019,100,99917,100,100031,100,99906,100,100035,100,99890,100,100044,100,99865,100
2019-06-28 09:30:00.000000083,99972,100,99971,600,99974,100,99970,100,99975,100,99964,100,99987,200,99944,100,100012,100,99937,100,100015,100,99922,100,100019,100,99917,100,100031,100,99906,100,100035,100,99890,100,100044,100,99878,100
2019-06-28 09:30:00.000000084,99974,100,99971,600,99975,100,99970,100,99987,200,99964,100,100012,100,99944,100,100015,100,99937,100,100019,100,99922,100,100031,100,99917,100,100035,100,99906,100,100044,100,99890,100,100048,300,99878,100
2019-06-28 09:30:00.000000088,99974,100,99971,600,99975,100,99970,100,99987,200,99964,100,100012,100,99944,100,100015,100,99937,100,100019,100,99922,100,100031,100,99917,100,100035,100,99906,100,100044,100,99890,100,100048,300,99878,100
2019-06-28 09:30:00.000000091,99974,100,99972,100,99975,100,99971,600,99987,200,99970,100,100012,100,99964,100,100015,100,99944,100,100019,100,99937,100,100031,100,99922,100,100035,100,99917,100,100044,100,99907,100,100048,300,99906,100
2019-06-28 09:30:00.000000092,99974,100,99972,100,99975,100,99971,600,99987,200,99970,100,100012,100,99964,100,100015,100,99944,100,100019,100,99937,100,100031,100,99922,100,100035,100,99917,100,100044,100,99907,100,100048,300,99906,100
2019-06-28 09:30:00.000000093,99974,100,99972,100,99975,100,99971,600,99987,200,99970,100,100012,100,99964,100,100015,100,99944,100,100019,100,99937,100,100031,100,99922,100,100035,100,99917,100,100044,100,99907,100,100048,300,99906,100
2019-06-28 09:30:00.000000094,99974,100,99972,100,99975,100,99971,600,99987,200,99970,100,100012,100,99964,100,100015,100,99944,100,100019,100,99937,100,100031,100,99922,100,100035,100,99917,100,100044,100,99907,100,100048,300,99906,100
2019-06-28 09:30:00.000000095,99974,100,99972,100,99975,100,99971,600,99987,200,99970,100,100012,100,99964,100,100015,100,99944,100,100019,100,99937,100,100031,100,99922,100,100035,100,99917,100,100044,100,99907,100,100048,300,99906,100
2019-06-28 09:30:00.000000096,99975,100,99972,100,99987,200,99971,600,100012,100,99970,100,100015,100,99964,100,100019,100,99961,100,100031,100,99944,100,100035,100,99937,100,100044,100,99922,100,100048,300,99917,100,100058,100,99907,100
2019-06-28 09:30:00.000000097,99975,100,99972,100,99987,200,99971,600,100012,100,99970,100,100015,100,99964,100,100019,100,99961,100,100031,100,99952,100,100035,100,99944,100,100044,100,99937,100,100048,300,99922,100,100058,100,99917,100
2019-06-28 09:30:02.734817186,99975,100,99973,100,99987,200,99972,100,100012,100,99971,600,100015,100,99970,100,100019,100,99964,100,100031,100,99961,100,100035,100,99952,100,100044,100,99944,100,100048,300,99937,100,100058,100,99922,100
2019-06-28 09:30:08.734412684,99975,100,99973,100,99987,200,99972,100,100012,100,99971,600,100015,100,99970,100,100019,100,99964,100,100031,100,99961,100,100035,100,99952,100,100044,100,99944,100,100048,300,99937,100,100058,100,99922,100
2019-06-28 09:30:10.000000000,99975,561,99973,561,99987,200,99972,100,100012,100,99971,600,100015,100,99970,100,100019,100,99964,100,100031,100,99961,100,100035,100,99952,100,100044,100,99944,100,100048,300,99937,100,100058,100,99922,100
2019-06-28 09:30:14.104498843,99975,561,99973,561,99987,200,99972,100,100012,100,99971,600,100015,100,99970,100,100019,100,99964,100,100031,100,99961,100,100035,100,99952,100,100048,300,99944,100,100058,100,99937,100,100066,100,99922,100
2019-06-28 09:30:19.646589984,99975,561,99973,561,99987,200,99972,100,100012,100,99971,600,100015,100,99970,100,100019,100,99964,100,100031,100,99961,100,100035,100,99952,100,100048,300,99944,100,100058,100,99937,100,100066,100,99922,100
2019-06-28 09:30:20.000000000,99975,561,99973,561,99987,200,99972,100,100012,100,99971,600,100015,100,99970,100,100019,100,99964,100,100031,100,99961,100,100035,100,99952,100,100048,300,99944,100,100058,100,99937,100,100066,100,99922,100
2019-06-28 09:30:28.571407332,99975,561,99973,661,99987,200,99972,100,100012,100,99971,500,100015,100,99970,100,100019,100,99964,100,100031,100,99961,100,100035,100,99952,100,100048,300,99944,100,100058,100,99937,100,100066,100,99922,100
2019-06-28 09:30:30.000000000,99975,330,99973,430,99987,430,99972,330,100012,100,99971,500,100015,100,99970,100,100019,100,99964,100,100031,100,99961,100,100035,100,99952,100,100048,300,99944,100,100058,100,99937,100,100066,100,99922,100
2019-06-28 09:30:40.000000000,99975,561,99973,661,99987,200,99972,100,100012,100,99971,500,100015,100,99970,100,100019,100,99964,100,100031,100,99961,100,100035,100,99952,100,100048,300,99944,100,100058,100,99937,100,100066,100,99922,100
2019-06-28 09:30:50.000000000,99975,192,99973,292,99987,292,99972,192,100012,192,99971,592,100015,192,99970,192,100019,192,99964,192,100031,100,99961,100,100035,100,99952,100,100048,300,99944,100,100058,100,99937,100,100066,100,99922,100
2019-06-28 09:31:00.000000000,99975,257,99973,357,99987,352,99972,252,100012,252,99971,652,100015,100,99970,100,100019,100,99964,100,100031,100,99961,100,100035,100,99952,100,100048,300,99944,100,100058,100,99937,100,100066,100,99922,100
2019-06-28 09:31:09.939412691,99975,257,99973,357,99987,352,99972,252,100012,252,99971,652,100015,100,99970,100,100019,100,99964,100,100031,100,99961,100,100035,100,99952,100,100048,200,99944,100,100058,100,99937,100,100066,100,99922,100
2019-06-28 09:31:10.000000000,99975,561,99973,661,99987,200,99972,100,100012,100,99971,500,100015,100,99970,100,100019,100,99964,100,100031,100,99961,100,100035,100,99952,100,100048,200,99944,100,100058,100,99937,100,100066,100,99922,100
2019-06-28 09:31:14.939210680,99975,561,99973,561,99987,200,99972,100,100012,100,99971,500,100015,100,99970,100,100019,100,99964,100,100031,100,99961,100,100035,100,99952,100,100048,100,99944,100,100058,100,99937,100,100066,100,99922,100
2019-06-28 09:31:20.000000000,99975,561,99973,561,99987,200,99972,100,100012,100,99971,500,100015,100,99970,100,100019,100,99964,100,100031,100,99961,100,100035,100,99952,100,100048,100,99944,100,100058,100,99937,100,100066,100,99922,100
2019-06-28 09:31:30.000000000,99975,330,99973,330,99987,430,99972,330,100012,100,99971,500,100015,100,99970,100,100019,100,99964,100,100031,100,99961,100,100035,100,99952,100,100048,100,99944,100,100058,100,99937,100,100066,100,99922,100
2019-06-28 09:31:40.000000000,99975,561,99973,561,99987,200,99972,100,100012,100,99971,500,100015,100,99970,100,100019,100,99964,100,100031,100,99961,100,100035,100,99952,100,100048,100,99944,100,100058,100,99937,100,100066,100,99922,100
2019-06-28 09:31:45.271686452,99975,561,99973,561,99987,200,99972,100,100012,100,99971,400,100015,100,99970,100,100019,100,99964,100,100031,100,99961,100,100035,100,99952,100,100048,100,99944,100,100058,100,99937,100,100066,100,99922,100
2019-06-28 09:31:50.000000000,99975,192,99973,192,99987,292,99972,192,100012,192,99971,492,100015,192,99970,192,100019,192,99964,192,100031,100,99961,100,100035,100,99952,100,100048,100,99944,100,100058,100,99937,100,100066,100,99922,100
2019-06-28 09:31:51.280318712,99975,192,99973,192,99987,292,99972,192,100012,192,99971,592,100015,192,99970,192,100019,192,99964,192,100031,100,99961,100,100035,100,99952,100,100048,100,99944,100,100058,100,99937,100,100066,100,99922,100
2019-06-28 09:31:58.275501263,99975,192,99973,192,99987,292,99972,192,100012,192,99971,492,100015,192,99970,192,100019,192,99964,192,100031,100,99961,100,100035,100,99952,100,100048,100,99944,100,100058,100,99937,100,100066,100,99922,100
2019-06-28 09:31:58.839587552,99975,192,99974,100,99987,292,99973,192,100012,192,99972,192,100015,192,99971,492,100019,192,99970,192,100031,100,99964,192,100035,100,99961,100,100048,100,99952,100,100058,100,99944,100,100066,100,99937,100
2019-06-28 09:32:00.000000000,99975,257,99974,257,99987,352,99973,252,100012,252,99972,252,100015,100,99971,400,100019,100,99970,100,100031,100,99964,100,100035,100,99961,100,100048,100,99952,100,100058,100,99944,100,100066,100,99937,100
2019-06-28 09:32:10.000000000,99975,192,99974,192,99987,292,99973,192,100012,192,99972,192,100015,192,99971,492,100019,192,99970,192,100031,100,99964,100,100035,100,99961,100,100048,100,99952,100,100058,100,99944,100,100066,100,99937,100
2019-06-28 09:32:11.227904844,99975,192,99974,292,99987,292,99973,192,100012,192,99972,192,100015,192,99971,492,100019,192,99970,192,100031,100,99964,100,100035,100,99961,100,100048,100,99952,100,100058,100,99944,100,100066,100,99937,100
2019-06-28 09:32:14.975545665,99975,192,99974,292,99987,292,99973,192,100012,192,99972,192,100015,192,99971,492,100019,192,99970,192,100031,100,99964,100,100035,100,99961,100,100048,100,99952,100,100058,100,99944,100,100066,100,99937,100
2019-06-28 09:32:20.000000000,99975,192,99974,292,99987,292,99973,192,100012,192,99972,192,100015,192,99971,492,100019,192,99970,192,100031,100,99964,100,100035,100,99961,100,100048,100,99952,100,100058,100,99944,100,100066,100,99937,100
2019-06-28 09:32:30.000000000,99975,330,99974,430,99987,430,99973,330,100012,100,99972,100,100015,100,99971,400,100019,100,99970,100,100031,100,99964,100,100035,100,99961,100,100048,100,99952,100,100058,100,99944,100,100066,100,99937,100
2019-06-28 09:32:40.000000000,99975,330,99974,430,99987,430,99973,330,100012,100,99972,100,100015,100,99971,400,100019,100,99970,100,100031,100,99964,100,100035,100,99961,100,100048,100,99952,100,100058,100,99944,100,100066,100,99937,100
2019-06-28 09:32:50.000000000,99975,215,99974,315,99987,315,99973,215,100012,215,99972,215,100015,215,99971,515,100019,100,99970,100,100031,100,99964,100,100035,100,99961,100,100048,100,99952,100,100058,100,99944,100,100066,100,99937,100
2019-06-28 09:32:56.028005224,99975,115,99974,315,99987,315,99973,215,100012,215,99972,215,100015,215,99971,515,100019,100,99970,100,100031,100,99964,100,100035,100,99961,100,100048,100,99952,100,100058,100,99944,100,100066,100,99937,100
2019-06-28 09:33:00.000000000,99987,292,99974,292,100012,192,99973,192,100015,192,99972,192,100019,192,99971,492,100031,192,99970,192,100035,100,99964,100,100048,100,99961,100,100058,100,99952,100,100066,100,99944,100,100072,100,99937,100
2019-06-28 09:33:10.000000000,99987,315,99974,315,100012,215,99973,215,100015,215,99972,215,100019,215,99971,515,100031,100,99970,100,100035,100,99964,100,100048,100,99961,100,100058,100,99952,100,100066,100,99944,100,100072,100,99937,100
2019-06-28 09:33:20.000000000,99987,315,99974,315,100012,215,99973,215,100015,215,99972,215,100019,215,99971,515,100031,100,99970,100,100035,100,99964,100,100048,100,99961,100,100058,100,99952,100,100066,100,99944,100,100072,100,99937,100
2019-06-28 09:33:30.000000000,99987,315,99974,315,100012,215,99973,215,100015,215,99972,215,100019,215,99971,515,100031,100,99970,100,100035,100,99964,100,100048,100,99961,100,100058,100,99952,100,100066,100,99944,100,100072,100,99937,100
2019-06-28 09:33:32.606782845,99987,215,99974,315,100012,215,99973,215,100015,215,99972,215,100019,215,99971,515,100031,100,99970,100,100035,100,99964,100,100048,100,99961,100,100058,100,99952,100,100066,100,99944,100,100072,100,99937,100
2019-06-28 09:33:40.000000000,99987,192,99974,292,100012,192,99973,192,100015,192,99972,192,100019,192,99971,492,100031,192,99970,192,100035,100,99964,100,100048,100,99961,100,100058,100,99952,100,100066,100,99944,100,100072,100,99937,100
2019-06-28 09:33:50.000000000,99987,257,99974,357,100012,252,99973,252,100015,252,99972,252,100019,100,99971,400,100031,100,99970,100,100035,100,99964,100,100048,100,99961,100,100058,100,99952,100,100066,100,99944,100,100072,100,99937,100
2019-06-28 09:34:00.000000000,99987,257,99974,357,100012,252,99973,252,100015,252,99972,252,100019,100,99971,400,100031,100,99970,100,100035,100,99964,100,100048,100,99961,100,100058,100,99952,100,100066,100,99944,100,100072,100,99937,100
2019-06-28 09:34:10.000000000,99987,192,99974,292,100012,192,99973,192,100015,192,99972,192,100019,192,99971,492,100031,192,99970,192,100035,100,99964,100,100048,100,99961,100,100058,100,99952,100,100066,100,99944,100,100072,100,99937,100
2019-06-28 09:34:20.000000000,99987,330,99974,430,100012,330,99973,330,100015,100,99972,100,100019,100,99971,400,100031,100,99970,100,100035,100,99964,100,100048,100,99961,100,100058,100,99952,100,100066,100,99944,100,100072,100,99937,100
2019-06-28 09:34:24.412130952,99987,330,99974,430,100012,330,99973,330,100015,100,99972,100,100019,100,99971,400,100031,100,99970,100,100035,100,99964,100,100048,100,99961,100,100058,100,99952,100,100066,100,99944,100,100072,100,99937,100
2019-06-28 09:34:30.000000000,99987,257,99974,357,100012,252,99973,252,100015,252,99972,252,100019,100,99971,400,100031,100,99970,100,100035,100,99964,100,100048,100,99961,100,100058,100,99952,100,100066,100,99944,100,100072,100,99937,100
2019-06-28 09:34:39.957220672,99987,257,99975,100,100012,252,99974,357,100015,252,99973,252,100019,100,99972,252,100031,100,99971,400,100035,100,99970,100,100048,100,99964,100,100058,100,99961,100,100066,100,99952,100,100072,100,99944,100
2019-06-28 09:34:40.000000000,99987,330,99975,330,100012,330,99974,430,100015,100,99973,100,100019,100,99972,100,100031,100,99971,400,100035,100,99970,100,100048,100,99964,100,100058,100,99961,100,100066,100,99952,100,100072,100,99944,100
2019-06-28 09:34:42.480671686,99987,330,99975,330,100012,330,99974,430,100015,100,99973,100,100019,100,99972,100,100031,100,99971,400,100035,100,99970,100,100048,100,99964,100,100058,100,99961,100,100066,100,99952,100,100072,100,99944,100
2019-06-28 09:34:50.000000000,99987,215,99975,215,100012,215,99974,315,100015,215,99973,215,100019,215,99972,215,100031,100,99971,400,100035,100,99970,100,100048,100,99964,100,100058,100,99961,100,100066,100,99952,100,100072,100,99944,100
2019-06-28 09:34:55.559678028,99987,215,99975,315,100012,215,99974,315,100015,215,99973,115,100019,215,99972,215,100031,100,99971,400,100035,100,99970,100,100048,100,99964,100,100058,100,99961,100,100066,100,99952,100,100072,100,99944,100
2019-06-28 09:35:00.000000000,99987,257,99975,357,100012,252,99974,352,100015,252,99972,252,100019,100,99971,400,100031,100,99970,100,100035,100,99964,100,100048,100,99961,100,100058,100,99952,100,100066,100,99944,100,100072,100,99937,100
2019-06-28 09:35:02.498351703,99987,257,99975,357,100012,252,99974,352,100015,252,99972,252,100019,100,99971,400,100031,100,99970,100,100035,100,99964,100,100048,100,99961,100,100058,100,99952,100,100066,100,99944,100,100072,100,99937,100
2019-06-28 09:35:04.137536317,99987,257,99975,357,100012,252,99974,352,100015,252,99972,252,100019,100,99971,400,100031,100,99970,100,100035,100,99964,100,100048,100,99961,100,100058,100,99952,100,100066,100,99944,100,100072,100,99937,100
2019-06-28 09:35:10.000000000,99987,330,99975,430,100012,330,99974,430,100015,100,99972,100,100019,100,99971,400,100031,100,99970,100,100035,100,99964,100,100048,100,99961,100,100058,100,99952,100,100066,100,99944,100,100072,100,99937,100
2019-06-28 09:35:20.000000000,99987,257,99975,357,100012,252,99974,352,100015,252,99972,252,100019,100,99971,400,100031,100,99970,100,100035,100,99964,100,100048,100,99961,100,100058,100,99952,100,100066,100,99944,100,100072,100,99937,100
2019-06-28 09:35:26.697163120,99987,257,99975,257,100012,252,99974,352,100015,252,99972,252,100019,100,99971,400,100031,100,99970,100,100035,100,99964,100,100048,100,99961,100,100058,100,99952,100,100072,100,99944,100,100076,100,99937,100
2019-06-28 09:35:30.000000000,99987,257,99975,257,100012,252,99974,352,100015,252,99972,252,100019,100,99971,400,100031,100,99970,100,100035,100,99964,100,100048,100,99961,100,100058,100,99952,100,100072,100,99944,100,100076,100,99937,100
2019-06-28 09:35:34.591043554,99987,157,99975,257,100012,252,99974,352,100015,252,99972,252,100019,100,99971,400,100031,100,99970,100,100035,100,99964,100,100048,100,99961,100,100058,100,99952,100,100072,100,99944,100,100076,100,99937,100
2019-06-28 09:35:37.012952290,99987,157,99975,257,100012,252,99974,352,100015,252,99972,252,100019,100,99971,400,100031,100,99970,100,100035,100,99964,100,100048,100,99961,100,100058,100,99952,100,100072,100,99944,100,100076,100,99937,100
2019-06-28 09:35:40.000000000,100012,257,99975,257,100015,252,99974,352,100019,252,99972,252,100031,100,99971,400,100035,100,99970,100,100048,100,99964,100,100058,100,99961,100,100072,100,99952,100,100076,100,99944,100,100086,100,99937,100
2019-06-28 09:35:45.709439924,100012,257,99975,157,100015,252,99974,352,100019,252,99972,252,100031,100,99971,400,100035,100,99970,100,100048,100,99964,100,100058,100,99961,100,100072,100,99952,100,100076,100,99944,100,100086,100,99937,100
2019-06-28 09:35:50.000000000,100012,330,99974,430,100015,330,99972,330,100019,100,99971,400,100031,100,99970,100,100035,100,99964,100,100048,100,99961,100,100058,100,99952,100,100072,100,99944,100,100076,100,99937,100,100086,100,99925,100
2019-06-28 09:36:00.000000000,100012,330,99974,430,100015,330,99972,330,100019,100,99971,400,100031,100,99970,100,100035,100,99964,100,100048,100,99961,100,100058,100,99952,100,100072,100,99944,100,100076,100,99937,100,100086,100,99925,100
2019-06-28 09:36:06.553083129,100012,330,99974,330,100015,330,99972,330,100019,100,99971,400,100031,100,99970,100,100048,100,99964,100,100058,100,99961,100,100072,100,99952,100,100076,100,99944,100,100086,100,99937,100,100087,200,99925,100
2019-06-28 09:36:10.000000000,100012,192,99974,192,100015,192,99972,192,100019,192,99971,492,100031,192,99970,192,100048,192,99964,192,100058,100,99961,100,100072,100,99952,100,100076,100,99944,100,100086,100,99937,100,100087,200,99925,100
2019-06-28 09:36:20.000000000,100012,192,99974,192,100015,192,99972,192,100019,192,99971,492,100031,192,99970,192,100048,192,99964,192,100058,100,99961,100,100072,100,99952,100,100076,100,99944,100,100086,100,99937,100,100087,200,99925,100
2019-06-28 09:36:30.000000000,100012,192,99974,192,100015,192,99972,192,100019,192,99971,492,100031,192,99970,192,100048,192,99964,192,100058,100,99961,100,100072,100,99952,100,100076,100,99944,100,100086,100,99937,100,100087,200,99925,100
2019-06-28 09:36:40.000000000,100012,215,99974,215,100015,215,99972,215,100019,215,99971,515,100031,215,99970,215,100048,100,99964,100,100058,100,99961,100,100072,100,99952,100,100076,100,99944,100,100086,100,99937,100,100087,200,99925,100
2019-06-28 09:36:44.676174699,100012,215,99974,115,100015,215,99972,215,100019,215,99971,515,100031,215,99970,215,100048,100,99964,100,100058,100,99961,100,100072,100,99952,100,100076,100,99944,100,100086,100,99937,100,100087,200,99925,100
2019-06-28 09:36:50.000000000,100012,215,99972,215,100015,215,99971,515,100019,215,99970,215,100031,215,99964,215,100048,100,99961,100,100058,100,99952,100,100072,100,99944,100,100076,100,99937,100,100086,100,99925,100,100087,200,99922,100
2019-06-28 09:36:56.090073585,100012,215,99972,215,100015,215,99971,515,100019,215,99970,215,100031,215,99964,215,100048,100,99961,100,100058,100,99952,100,100072,100,99944,100,100076,100,99937,100,100086,100,99925,100,100087,200,99922,100
2019-06-28 09:37:00.000000000,100012,192,99972,192,100015,192,99971,492,100019,192,99970,192,100031,192,99964,192,100048,192,99961,192,100058,100,99952,100,100072,100,99944,100,100076,100,99937,100,100086,100,99925,100,100087,200,99922,100
2019-06-28 09:37:10.000000000,100012,215,99972,215,100015,215,99971,515,100019,215,99970,215,100031,215,99964,215,100048,100,99961,100,100058,100,99952,100,100072,100,99944,100,100076,100,99937,100,100086,100,99925,100,100087,200,99922,100
2019-06-28 09:37:14.478007091,99974,100,99972,215,100012,215,99971,415,100015,215,99970,215,100019,215,99964,215,100031,215,99961,100,100048,100,99952,100,100058,100,99944,100,100072,100,99937,100,100076,100,99925,100,100086,100,99922,100
2019-06-28 09:37:20.000000000,99974,192,99972,192,100012,192,99971,392,100015,192,99970,192,100019,192,99964,192,100031,192,99961,192,100048,100,99952,100,100058,100,99944,100,100072,100,99937,100,100076,100,99925,100,100086,100,99922,100
2019-06-28 09:37:30.000000000,99974,192,99972,192,100012,192,99971,392,100015,192,99970,192,100019,192,99964,192,100031,192,99961,192,100048,100,99952,100,100058,100,99944,100,100072,100,99937,100,100076,100,99925,100,100086,100,99922,100
2019-06-28 09:37:40.000000000,99974,192,99972,192,100012,192,99971,392,100015,192,99970,192,100019,192,99964,192,100031,192,99961,192,100048,100,99952,100,100058,100,99944,100,100072,100,99937,100,100076,100,99925,100,100086,100,99922,100
2019-06-28 09:37:44.950640108,99974,192,99972,92,100012,192,99971,392,100015,192,99970,192,100019,192,99964,192,100031,192,99961,192,100048,100,99952,100,100058,100,99944,100,100072,100,99937,100,100076,100,99925,100,100086,100,99922,100
2019-06-28 09:37:50.000000000,99974,257,99971,457,100012,252,99970,252,100015,252,99964,252,100019,100,99961,100,100031,100,99952,100,100048,100,99944,100,100058,100,99937,100,100072,100,99925,100,100076,100,99922,100,100086,100,99906,100
2019-06-28 09:38:00.000000000,99974,257,99971,457,100012,252,99970,252,100015,252,99964,252,100019,100,99961,100,100031,100,99952,100,100048,100,99944,100,100058,100,99937,100,100072,100,99925,100,100076,100,99922,100,100086,100,99906,100
2019-06-28 09:38:04.459445970,99974,257,99971,457,100012,252,99970,252,100015,252,99964,252,100019,100,99961,100,100031,100,99952,100,100048,100,99944,100,100058,100,99937,100,100072,100,99925,100,100076,100,99922,100,100086,100,99906,100
2019-06-28 09:38:10.000000000,99974,192,99971,392,100012,192,99970,192,100015,192,99964,192,100019,192,99961,192,100031,192,99952,192,100048,100,99944,100,100058,100,99937,100,100072,100,99925,100,100076,100,99922,100,100086,100,99906,100
2019-06-28 09:38:10.040807152,99974,192,99971,292,100012,192,99970,192,100015,192,99964,192,100019,192,99961,192,100031,192,99952,192,100048,100,99944,100,100058,100,99937,100,100076,100,99925,100,100086,100,99922,100,100087,200,99906,100
2019-06-28 09:38:20.000000000,99974,215,99971,315,100012,215,99970,215,100015,215,99964,215,100019,215,99961,215,100031,100,99952,100,100048,100,99944,100,100058,100,99937,100,100076,100,99925,100,100086,100,99922,100,100087,200,99906,100
2019-06-28 09:38:30.000000000,99974,192,99971,292,100012,192,99970,192,100015,192,99964,192,100019,192,99961,192,100031,192,99952,192,100048,100,99944,100,100058,100,99937,100,100076,100,99925,100,100086,100,99922,100,100087,200,99906,100
2019-06-28 09:38:40.000000000,99974,215,99971,315,100012,215,99970,215,100015,215,99964,215,100019,215,99961,215,100031,100,99952,100,100048,100,99944,100,100058,100,99937,100,100076,100,99925,100,100086,100,99922,100,100087,200,99906,100
2019-06-28 09:38:48.036258308,99974,215,99971,315,100012,215,99970,215,100015,215,99964,215,100019,215,99961,215,100031,100,99952,100,100048,100,99944,100,100058,100,99937,100,100076,100,99925,100,100086,100,99922,100,100087,200,99906,100
2019-06-28 09:38:50.000000000,99974,561,99971,661,100012,100,99970,100,100015,100,99964,100,100019,100,99961,100,100031,100,99952,100,100048,100,99944,100,100058,100,99937,100,100076,100,99925,100,100086,100,99922,100,100087,200,99906,100
2019-06-28 09:38:50.884363399,99974,561,99971,661,100012,100,99970,100,100015,100,99964,100,100019,100,99961,100,100031,100,99944,100,100048,100,99937,100,100058,100,99925,100,100076,100,99922,100,100086,100,99906,100,100087,200,99891,100
2019-06-28 09:39:00.000000000,99974,257,99971,357,100012,252,99970,252,100015,252,99964,252,100019,100,99961,100,100031,100,99944,100,100048,100,99937,100,100058,100,99925,100,100076,100,99922,100,100086,100,99906,100,100087,200,99891,100
2019-06-28 09:39:06.951299648,99974,257,99971,357,100012,252,99970,252,100015,252,99964,252,100019,100,99961,100,100031,100,99937,100,100048,100,99925,100,100058,100,99922,100,100076,100,99906,100,100086,100,99891,100,100087,200,99890,100
2019-06-28 09:39:10.000000000,99974,257,99971,357,100012,252,99970,252,100015,252,99964,252,100019,100,99961,100,100031,100,99937,100,100048,100,99925,100,100058,100,99922,100,100076,100,99906,100,100086,100,99891,100,100087,200,99890,100
2019-06-28 09:39:10.751073096,99974,257,99971,257,100012,252,99970,252,100015,252,99964,252,100031,100,99961,100,100048,100,99937,100,100058,100,99925,100,100076,100,99922,100,100086,100,99906,100,100087,200,99891,100,100128,100,99890,100
2019-06-28 09:39:20.000000000,99974,561,99971,561,100012,100,99970,100,100015,100,99964,100,100031,100,99961,100,100048,100,99937,100,100058,100,99925,100,100076,100,99922,100,100086,100,99906,100,100087,200,99891,100,100128,100,99890,100
2019-06-28 09:39:30.000000000,99974,192,99971,192,100012,192,99970,192,100015,192,99964,192,100031,192,99961,192,100048,192,99937,192,100058,100,99925,100,100076,100,99922,100,100086,100,99906,100,100087,200,99891,100,100128,100,99890,100
2019-06-28 09:39:40.000000000,99974,561,99971,561,100012,100,99970,100,100015,100,99964,100,100031,100,99961,100,100048,100,99937,100,100058,100,99925,100,100076,100,99922,100,100086,100,99906,100,100087,200,99891,100,100128,100,99890,100
2019-06-28 09:39:41.740863499,99974,561,99971,461,100012,100,99970,100,100015,100,99964,100,100031,100,99961,100,100048,100,99937,100,100058,100,99925,100,100076,100,99922,100,100086,100,99906,100,100087,200,99891,100,100128,100,99890,100
2019-06-28 09:39:50.000000000,99974,257,99970,257,100012,252,99964,252,100015,252,99961,252,100031,100,99937,100,100048,100,99925,100,100058,100,99922,100,100076,100,99906,100,100086,100,99891,100,100087,200,99890,100,100128,100,99881,100
2019-06-28 09:40:00.000000000,99974,561,99970,561,100012,100,99964,100,100015,100,99961,100,100031,100,99937,100,100048,100,99925,100,100058,100,99922,100,100076,100,99906,100,100086,100,99891,100,100087,200,99890,100,100128,100,99881,100
2019-06-28 09:40:10.000000000,99974,561,99970,561,100012,100,99964,100,100015,100,99961,100,100031,100,99937,100,100048,100,99925,100,100058,100,99922,100,100076,100,99906,100,100086,100,99891,100,100087,200,99890,100,100128,100,99881,100
2019-06-28 09:40:16.442263336,99974,561,99970,461,100012,100,99964,100,100015,100,99961,100,100031,100,99937,100,100048,100,99925,100,100058,100,99922,100,100076,100,99906,100,100086,100,99891,100,100087,200,99890,100,100128,100,99881,100
2019-06-28 09:40:17.074955118,99974,561,99970,361,100012,100,99964,100,100015,100,99961,100,100031,100,99937,100,100048,100,99925,100,100058,100,99922,100,100076,100,99906,100,100086,100,99891,100,100087,200,99890,100,100128,100,99881,100
2019-06-28 09:40:17.369277875,99974,561,99970,261,100012,100,99964,100,100015,100,99961,100,100031,100,99937,100,100048,100,99925,100,100058,100,99922,100,100076,100,99906,100,100086,100,99891,100,100087,200,99890,100,100128,100,99881,100
2019-06-28 09:40:17.824995550,99974,561,99970,161,100012,100,99964,100,100015,100,99961,100,100031,100,99937,100,100048,100,99925,100,100058,100,99922,100,100076,100,99906,100,100086,100,99891,100,100087,200,99890,100,100128,100,99881,100
2019-06-28 09:40:20.000000000,99974,257,99964,257,100012,252,99961,252,100015,252,99937,252,100031,100,99925,100,100048,100,99922,100,100058,100,99906,100,100076,100,99891,100,100086,100,99890,100,100087,200,99881,100,100128,100,99879,100
2019-06-28 09:40:30.000000000,99974,192,99964,192,100012,192,99961,192,100015,192,99937,192,100031,192,99925,192,100048,192,99922,192,100058,100,99906,100,100076,100,99891,100,100086,100,99890,100,100087,200,99881,100,100128,100,99879,100
2019-06-28 09:40:36.346091102,99974,192,99964,192,100012,192,99961,92,100015,192,99937,192,100031,192,99925,192,100048,192,99922,192,100058,100,99906,100,100076,100,99891,100,100086,100,99890,100,100087,200,99881,100,100128,100,99879,100
2019-06-28 09:40:40.000000000,99974,215,99964,215,100012,215,99937,215,100015,215,99925,215,100031,215,99922,215,100048,100,99906,100,100058,100,99891,100,100076,100,99890,100,100086,100,99881,100,100087,200,99879,100,100128,100,99875,100
2019-06-28 09:40:50.000000000,99974,192,99964,192,100012,192,99937,192,100015,192,99925,192,100031,192,99922,192,100048,192,99906,192,100058,100,99891,100,100076,100,99890,100,100086,100,99881,100,100087,200,99879,100,100128,100,99875,100
2019-06-28 09:40:58.261786649,99974,192,99964,192,100012,192,99937,192,100015,192,99925,192,100031,192,99922,192,100048,192,99906,192,100058,100,99891,100,100076,100,99890,100,100086,100,99881,100,100087,200,99879,100,100128,100,99875,100
2019-06-28 09:41:00.000000000,99974,330,99964,330,100012,330,99937,330,100015,100,99925,100,100031,100,99922,100,100048,100,99906,100,100058,100,99891,100,100076,100,99890,100,100086,100,99881,100,100087,200,99879,100,100128,100,99875,100
2019-06-28 09:41:06.720749741,99974,330,99964,330,100012,330,99937,330,100015,100,99925,100,100031,100,99922,100,100048,100,99906,100,100058,100,99891,100,100076,100,99890,100,100086,100,99881,100,100087,200,99879,100,100128,100,99875,100
2019-06-28 09:41:10.000000000,99974,192,99964,192,100012,192,99937,192,100015,192,99925,192,100031,192,99922,192,100048,192,99906,192,100058,100,99891,100,100076,100,99890,100,100086,100,99881,100,100087,200,99879,100,100128,100,99875,100
2019-06-28 09:41:20.000000000,99974,192,99964,192,100012,192,99937,192,100015,192,99925,192,100031,192,99922,192,100048,192,99906,192,100058,100,99891,100,100076,100,99890,100,100086,100,99881,100,100087,200,99879,100,100128,100,99875,100
2019-06-28 09:41:30.000000000,99974,330,99964,330,100012,330,99937,330,100015,100,99925,100,100031,100,99922,100,100048,100,99906,100,100058,100,99891,100,100076,100,99890,100,100086,100,99881,100,100087,200,99879,100,100128,100,99875,100
2019-06-28 09:41:40.000000000,99974,192,99964,192,100012,192,99937,192,100015,192,99925,192,100031,192,99922,192,100048,192,99906,192,100058,100,99891,100,100076,100,99890,100,100086,100,99881,100,100087,200,99879,100,100128,100,99875,100
2019-06-28 09:41:50.000000000,99974,561,99964,561,100012,100,99937,100,100015,100,99925,100,100031,100,99922,100,100048,100,99906,100,100058,100,99891,100,100076,100,99890,100,100086,100,99881,100,100087,200,99879,100,100128,100,99875,100
2019-06-28 09:42:00.000000000,99974,330,99964,330,100012,330,99937,330,100015,100,99925,100,100031,100,99922,100,100048,100,99906,100,100058,100,99891,100,100076,100,99890,100,100086,100,99881,100,100087,200,99879,100,100128,100,99875,100
2019-06-28 09:42:10.000000000,99974,330,99964,330,100012,330,99937,330,100015,100,99925,100,100031,100,99922,100,100048,100,99906,100,100058,100,99891,100,100076,100,99890,100,100086,100,99881,100,100087,200,99879,100,100128,100,99875,100
2019-06-28 09:42:11.910095092,99974,330,99964,330,100012,330,99937,330,100015,100,99925,100,100031,100,99922,100,100048,100,99906,100,100058,100,99891,100,100076,100,99890,100,100086,100,99881,100,100087,200,99879,100,100128,100,99875,100
2019-06-28 09:42:20.000000000,99974,561,99964,561,100012,100,99937,100,100015,100,99925,100,100031,100,99922,100,100048,100,99906,100,100058,100,99891,100,100076,100,99890,100,100086,100,99881,100,100087,200,99879,100,100128,100,99875,100
2019-06-28 09:42:30.000000000,99974,257,99964,257,100012,252,99937,252,100015,252,99925,252,100031,100,99922,100,100048,100,99906,100,100058,100,99891,100,100076,100,99890,100,100086,100,99881,100,100087,200,99879,100,100128,100,99875,100
2019-06-28 09:42:31.101954721,99974,257,99964,257,100012,252,99937,252,100015,252,99925,252,100031,100,99922,100,100048,100,99906,100,100058,100,99891,100,100076,100,99890,100,100086,100,99881,100,100087,200,99879,100,100128,100,99875,100
2019-06-28 09:42:40.000000000,99974,561,99964,561,100012,100,99937,100,100015,100,99925,100,100031,100,99922,100,100048,100,99906,100,100058,100,99891,100,100076,100,99890,100,100086,100,99881,100,100087,200,99879,100,100128,100,99875,100
2019-06-28 09:42:50.000000000,99974,257,99964,257,100012,252,99937,252,100015,252,99925,252,100031,100,99922,100,100048,100,99906,100,100058,100,99891,100,100076,100,99890,100,100086,100,99881,100,100087,200,99879,100,100128,100,99875,100
2019-06-28 09:43:00.000000000,99974,192,99964,192,100012,192,99937,192,100015,192,99925,192,100031,192,99922,192,100048,192,99906,192,100058,100,99891,100,100076,100,99890,100,100086,100,99881,100,100087,200,99879,100,100128,100,99875,100
2019-06-28 09:43:10.000000000,99974,561,99964,561,100012,100,99937,100,100015,100,99925,100,100031,100,99922,100,100048,100,99906,100,100058,100,99891,100,100076,100,99890,100,100086,100,99881,100,100087,200,99879,100,100128,100,99875,100
2019-06-28 09:43:20.000000000,99974,192,99964,192,100012,192,99937,192,100015,192,99925,192,100031,192,99922,192,100048,192,99906,192,100058,100,99891,100,100076,100,99890,100,100086,100,99881,100,100087,200,99879,100,100128,100,99875,100
2019-06-28 09:43:30.000000000,99974,257,99964,257,100012,252,99937,252,100015,252,99925,252,100031,100,99922,100,100048,100,99906,100,100058,100,99891,100,100076,100,99890,100,100086,100,99881,100,100087,200,99879,100,100128,100,99875,100
2019-06-28 09:43:37.829323269,99974,257,99964,257,100012,252,99937,252,100015,252,99925,252,100031,100,99922,100,100048,100,99906,100,100058,100,99891,100,100076,100,99890,100,100086,100,99881,100,100087,200,99879,100,100128,100,99875,100
2019-06-28 09:43:40.000000000,99974,330,99964,330,100012,330,99937,330,100015,100,99925,100,100031,100,99922,100,100048,100,99906,100,100058,100,99891,100,100076,100,99890,100,100086,100,99881,100,100087,200,99879,100,100128,100,99875,100
2019-06-28 09:43:50.000000000,99974,561,99964,561,100012,100,99937,100,100015,100,99925,100,100031,100,99922,100,100048,100,99906,100,100058,100,99891,100,100076,100,99890,100,100086,100,99881,100,100087,200,99879,100,100128,100,99875,100
2019-06-28 09:44:00.000000000,99974,330,99964,330,100012,330,99937,330,100015,100,99925,100,100031,100,99922,100,100048,100,99906,100,100058,100,99891,100,100076,100,99890,100,100086,100,99881,100,100087,200,99879,100,100128,100,99875,100
2019-06-28 09:44:01.682711034,99974,330,99964,330,100012,330,99937,330,100015,100,99925,100,100031,100,99922,100,100048,100,99906,100,100058,100,99891,100,100076,100,99890,100,100086,100,99881,100,100087,200,99879,100,100128,100,99875,100
2019-06-28 09:44:09.399757401,99974,230,99964,330,100012,330,99937,330,100015,100,99925,100,100031,100,99922,100,100048,100,99906,100,100058,100,99891,100,100076,100,99890,100,100086,100,99881,100,100087,200,99879,100,100128,100,99875,100
2019-06-28 09:44:10.000000000,100012,215,99964,215,100015,215,99937,215,100031,215,99925,215,100048,215,99922,215,100058,100,99906,100,100076,100,99891,100,100086,100,99890,100,100087,200,99881,100,100128,100,99879,100,100161,100,99875,100
2019-06-28 09:44:20.000000000,100012,330,99964,330,100015,330,99937,330,100031,100,99925,100,100048,100,99922,100,100058,100,99906,100,100076,100,99891,100,100086,100,99890,100,100087,200,99881,100,100128,100,99879,100,100161,100,99875,100
2019-06-28 09:44:30.000000000,100012,257,99964,257,100015,252,99937,252,100031,252,99925,252,100048,100,99922,100,100058,100,99906,100,100076,100,99891,100,100086,100,99890,100,100087,200,99881,100,100128,100,99879,100,100161,100,99875,100
2019-06-28 09:44:40.000000000,100012,330,99964,330,100015,330,99937,330,100031,100,99925,100,100048,100,99922,100,100058,100,99906,100,100076,100,99891,100,100086,100,99890,100,100087,200,99881,100,100128,100,99879,100,100161,100,99875,100
2019-06-28 09:44:50.000000000,100012,561,99964,561,100015,100,99937,100,100031,100,99925,100,100048,100,99922,100,100058,100,99906,100,100076,100,99891,100,100086,100,99890,100,100087,200,99881,100,100128,100,99879,100,100161,100,99875,100
2019-06-28 09:44:54.619717612,100012,561,99964,561,100015,100,99937,100,100031,100,99925,100,100048,100,99922,100,100058,100,99906,100,100076,100,99891,100,100086,100,99890,100,100087,200,99881,100,100128,100,99879,100,100209,100,99875,100
2019-06-28 09:44:55.132716313,100012,561,99964,561,100015,100,99937,100,100031,100,99925,100,100048,100,99922,100,100058,100,99906,100,100076,100,99891,100,100086,100,99890,100,100087,200,99881,100,100128,100,99879,100,100209,100,99875,100
2019-06-28 09:45:00.000000000,100012,561,99964,561,100015,100,99937,100,100031,100,99925,100,100048,100,99922,100,100058,100,99906,100,100076,100,99891,100,100086,100,99890,100,100087,200,99881,100,100128,100,99879,100,100209,100,99875,100
2019-06-28 09:45:03.475492921,100012,461,99964,561,100015,100,99937,100,100031,100,99925,100,100048,100,99922,100,100058,100,99906,100,100076,100,99891,100,100086,100,99890,100,100087,200,99881,100,100128,100,99879,100,100209,100,99875,100
2019-06-28 09:45:05.774776971,100012,461,99964,561,100015,100,99937,100,100031,100,99925,100,100048,100,99922,100,100058,100,99906,100,100076,100,99891,100,100086,100,99881,100,100087,200,99879,100,100128,100,99875,100,100209,100,99850,100
2019-06-28 09:45:10.000000000,100015,561,99964,561,100031,100,99937,100,100048,100,99925,100,100058,100,99922,100,100076,100,99906,100,100086,100,99891,100,100087,200,99881,100,100128,100,99879,100,100209,100,99875,100,100214,100,99850,100
2019-06-28 09:45:17.879523587,100015,361,99964,561,100031,100,99937,100,100048,100,99925,100,100058,100,99922,100,100076,100,99906,100,100086,100,99891,100,100087,200,99881,100,100128,100,99879,100,100209,100,99875,100,100214,100,99850,100
2019-06-28 09:45:20.000000000,100031,330,99964,330,100048,330,99937,330,100058,100,99925,100,100076,100,99922,100,100086,100,99906,100,100087,200,99891,100,100128,100,99881,100,100209,100,99879,100,100214,100,99875,100,100250,100,99850,100
2019-06-28 09:45:30.000000000,100031,215,99964,215,100048,215,99937,215,100058,215,99925,215,100076,215,99922,215,100086,100,99906,100,100087,200,99891,100,100128,100,99881,100,100209,100,99879,100,100214,100,99875,100,100250,100,99850,100
2019-06-28 09:45:36.517592048,100031,215,99964,215,100048,215,99937,215,100058,215,99925,215,100076,215,99922,215,100086,100,99906,100,100087,200,99891,100,100128,100,99881,100,100209,100,99879,100,100214,100,99875,100,100250,100,99850,100
2019-06-28 09:45:40.000000000,100031,561,99964,561,100048,100,99937,100,100058,100,99925,100,100076,100,99922,100,100086,100,99906,100,100087,200,99891,100,100128,100,99881,100,100209,100,99879,100,100214,100,99875,100,100250,100,99850,100
2019-06-28 09:45:47.866694545,100031,461,99964,561,100048,100,99937,100,100058,100,99925,100,100076,100,99922,100,100086,100,99906,100,100087,200,99891,100,100128,100,99881,100,100209,100,99879,100,100214,100,99875,100,100250,100,99850,100
2019-06-28 09:45:50.000000000,100048,257,99964,257,100058,252,99937,252,100076,252,99925,252,100086,100,99922,100,100087,200,99906,100,100128,100,99891,100,100209,100,99881,100,100214,100,99879,100,100250,100,99875,100,100792,100,99850,100
2019-06-28 09:46:00.000000000,100048,561,99964,561,100058,100,99937,100,100076,100,99925,100,100086,100,99922,100,100087,200,99906,100,100128,100,99891,100,100209,100,99881,100,100214,100,99879,100,100250,100,99875,100,100792,100,99850,100
2019-06-28 09:46:10.000000000,100048,192,99964,192,100058,192,99937,192,100076,192,99925,192,100086,192,99922,192,100087,292,99906,192,100128,100,99891,100,100209,100,99881,100,100214,100,99879,100,100250,100,99875,100,100792,100,99850,100
2019-06-28 09:46:12.952355236,100048,192,99964,192,100058,192,99937,192,100076,192,99925,192,100086,192,99922,192,100087,292,99906,192,100128,100,99891,100,100209,100,99881,100,100250,100,99879,100,100792,100,99875,100,100808,100,99850,100
2019-06-28 09:46:20.000000000,100048,192,99964,192,100058,192,99937,192,100076,192,99925,192,100086,192,99922,192,100087,292,99906,192,100128,100,99891,100,100209,100,99881,100,100250,100,99879,100,100792,100,99875,100,100808,100,99850,100
2019-06-28 09:46:30.000000000,100048,330,99964,330,100058,330,99937,330,100076,100,99925,100,100086,100,99922,100,100087,200,99906,100,100128,100,99891,100,100209,100,99881,100,100250,100,99879,100,100792,100,99875,100,100808,100,99850,100
2019-06-28 09:46:40.000000000,100048,257,99964,257,100058,252,99937,252,100076,252,99925,252,100086,100,99922,100,100087,200,99906,100,100128,100,99891,100,100209,100,99881,100,100250,100,99879,100,100792,100,99875,100,100808,100,99850,100
2019-06-28 09:46:50.000000000,100048,215,99964,215,100058,215,99937,215,100076,215,99925,215,100086,215,99922,215,100087,200,99906,100,100128,100,99891,100,100209,100,99881,100,100250,100,99879,100,100792,100,99875,100,100808,100,99850,100
2019-06-28 09:47:00.000000000,100048,257,99964,257,100058,252,99937,252,100076,252,99925,252,100086,100,99922,100,100087,200,99906,100,100128,100,99891,100,100209,100,99881,100,100250,100,99879,100,100792,100,99875,100,100808,100,99850,100
2019-06-28 09:47:10.000000000,100048,257,99964,257,100058,252,99937,252,100076,252,99925,252,100086,100,99922,100,100087,200,99906,100,100128,100,99891,100,100209,100,99881,100,100250,100,99879,100,100792,100,99875,100,100808,100,99850,100
2019-06-28 09:47:20.000000000,100048,257,99964,257,100058,252,99937,252,100076,252,99925,252,100086,100,99922,100,100087,200,99906,100,100128,100,99891,100,100209,100,99881,100,100250,100,99879,100,100792,100,99875,100,100808,100,99850,100
2019-06-28 09:47:30.000000000,100048,192,99964,192,100058,192,99937,192,100076,192,99925,192,100086,192,99922,192,100087,292,99906,192,100128,100,99891,100,100209,100,99881,100,100250,100,99879,100,100792,100,99875,100,100808,100,99850,100
2019-06-28 09:47:37.643442023,100048,192,100015,100,100058,192,99964,192,100076,192,99937,192,100086,192,99925,192,100087,292,99922,192,100128,100,99906,192,100209,100,99891,100,100250,100,99881,100,100792,100,99879,100,100808,100,99875,100
2019-06-28 09:47:40.000000000,100048,330,100015,330,100058,330,99964,330,100076,100,99937,100,100086,100,99925,100,100087,200,99922,100,100128,100,99906,100,100209,100,99891,100,100250,100,99881,100,100792,100,99879,100,100808,100,99875,100
2019-06-28 09:47:50.000000000,100048,561,100015,561,100058,100,99964,100,100076,100,99937,100,100086,100,99925,100,100087,200,99922,100,100128,100,99906,100,100209,100,99891,100,100250,100,99881,100,100792,100,99879,100,100808,100,99875,100
2019-06-28 09:48:00.000000000,100048,215,100015,215,100058,215,99964,215,100076,215,99937,215,100086,215,99925,215,100087,200,99922,100,100128,100,99906,100,100209,100,99891,100,100250,100,99881,100,100792,100,99879,100,100808,100,99875,100
2019-06-28 09:48:10.000000000,100048,192,100015,192,100058,192,99964,192,100076,192,99937,192,100086,192,99925,192,100087,292,99922,192,100128,100,99906,100,100209,100,99891,100,100250,100,99881,100,100792,100,99879,100,100808,100,99875,100
2019-06-28 09:48:13.941119261,100048,92,100015,192,100058,192,99964,192,100076,192,99937,192,100086,192,99925,192,100087,292,99922,192,100128,100,99906,100,100209,100,99891,100,100250,100,99881,100,100792,100,99879,100,100808,100,99875,100
2019-06-28 09:48:20.000000000,100058,330,100015,330,100076,330,99964,330,100086,100,99937,100,100087,200,99925,100,100128,100,99922,100,100209,100,99906,100,100250,100,99891,100,100792,100,99881,100,100808,100,99879,100,100824,100,99875,100
2019-06-28 09:48:28.064822543,100058,330,100031,100,100076,330,100015,330,100086,100,99964,330,100087,200,99937,100,100128,100,99925,100,100209,100,99922,100,100250,100,99906,100,100792,100,99891,100,100808,100,99881,100,100824,100,99879,100
2019-06-28 09:48:30.000000000,100058,561,100031,561,100076,100,100015,100,100086,100,99964,100,100087,200,99937,100,100128,100,99925,100,100209,100,99922,100,100250,100,99906,100,100792,100,99891,100,100808,100,99881,100,100824,100,99879,100
2019-06-28 09:48:40.000000000,100058,192,100031,192,100076,192,100015,192,100086,192,99964,192,100087,292,99937,192,100128,192,99925,192,100209,100,99922,100,100250,100,99906,100,100792,100,99891,100,100808,100,99881,100,100824,100,99879,100
2019-06-28 09:48:40.476159428,100058,192,100031,292,100076,192,100015,192,100086,192,99964,192,100087,292,99937,192,100128,192,99925,192,100209,100,99922,100,100250,100,99906,100,100792,100,99891,100,100808,100,99881,100,100824,100,99879,100
2019-06-28 09:48:50.000000000,100058,215,100031,315,100076,215,100015,215,100086,215,99964,215,100087,315,99937,215,100128,100,99925,100,100209,100,99922,100,100250,100,99906,100,100792,100,99891,100,100808,100,99881,100,100824,100,99879,100
2019-06-28 09:49:00.000000000,100058,215,100031,315,100076,215,100015,215,100086,215,99964,215,100087,315,99937,215,100128,100,99925,100,100209,100,99922,100,100250,100,99906,100,100792,100,99891,100,100808,100,99881,100,100824,100,99879,100
2019-06-28 09:49:10.000000000,100058,192,100031,292,100076,192,100015,192,100086,192,99964,192,100087,292,99937,192,100128,192,99925,192,100209,100,99922,100,100250,100,99906,100,100792,100,99891,100,100808,100,99881,100,100824,100,99879,100
2019-06-28 09:49:10.141859178,100058,192,100031,292,100076,192,100015,192,100086,192,99964,192,100087,292,99937,192,100128,192,99925,192,100209,100,99922,100,100250,100,99906,100,100792,100,99891,100,100808,100,99881,100,100824,100,99879,100
2019-06-28 09:49:20.000000000,100058,561,100031,661,100076,100,100015,100,100086,100,99964,100,100087,200,99937,100,100128,100,99925,100,100209,100,99922,100,100250,100,99906,100,100792,100,99891,100,100808,100,99881,100,100824,100,99879,100
2019-06-28 09:49:26.875727201,100058,561,100031,661,100076,100,100015,100,100086,100,99964,100,100087,200,99937,100,100128,100,99925,100,100209,100,99922,100,100250,100,99906,100,100808,100,99891,100,100824,100,99881,100,100906,100,99879,100
2019-06-28 09:49:30.000000000,100058,215,100031,315,100076,215,100015,215,100086,215,99964,215,100087,315,99937,215,100128,100,99925,100,100209,100,99922,100,100250,100,99906,100,100808,100,99891,100,100824,100,99881,100,100906,100,99879,100
2019-06-28 09:49:30.491501651,100058,215,100031,315,100076,215,100015,215,100086,215,99964,215,100087,315,99937,215,100128,100,99925,100,100209,100,99922,100,100250,100,99906,100,100808,100,99891,100,100824,100,99881,100,100906,100,99879,100
2019-06-28 09:49:34.363797380,100058,115,100031,315,100076,215,100015,215,100086,215,99964,215,100087,315,99937,215,100128,100,99925,100,100209,100,99922,100,100250,100,99906,100,100808,100,99891,100,100824,100,99881,100,100906,100,99879,100
2019-06-28 09:49:38.226431682,100058,115,100031,315,100076,215,100015,115,100086,215,99964,215,100087,315,99937,215,100128,100,99925,100,100209,100,99922,100,100250,100,99906,100,100808,100,99891,100,100824,100,99881,100,100906,100,99879,100
2019-06-28 09:49:40.000000000,100076,215,100031,315,100086,215,99964,215,100087,315,99937,215,100128,215,99925,215,100209,100,99922,100,100250,100,99906,100,100808,100,99891,100,100824,100,99881,100,100906,100,99879,100,100955,100,99875,100
2019-06-28 09:49:50.000000000,100076,257,100031,357,100086,252,99964,252,100087,352,99937,252,100128,100,99925,100,100209,100,99922,100,100250,100,99906,100,100808,100,99891,100,100824,100,99881,100,100906,100,99879,100,100955,100,99875,100
2019-06-28 09:50:00.000000000,100076,192,100031,292,100086,192,99964,192,100087,292,99937,192,100128,192,99925,192,100209,192,99922,192,100250,100,99906,100,100808,100,99891,100,100824,100,99881,100,100906,100,99879,100,100955,100,99875,100
2019-06-28 09:50:10.000000000,100076,257,100031,357,100086,252,99964,252,100087,352,99937,252,100128,100,99925,100,100209,100,99922,100,100250,100,99906,100,100808,100,99891,100,100824,100,99881,100,100906,100,99879,100,100955,100,99875,100
2019-06-28 09:50:13.961050191,100076,257,100048,100,100086,252,100031,357,100087,352,99964,252,100128,100,99937,252,100209,100,99925,100,100250,100,99922,100,100808,100,99906,100,100824,100,99891,100,100906,100,99881,100,100955,100,99879,100
2019-06-28 09:50:20.000000000,100076,330,100048,330,100086,330,100031,430,100087,200,99964,100,100128,100,99937,100,100209,100,99925,100,100250,100,99922,100,100808,100,99906,100,100824,100,99891,100,100906,100,99881,100,100955,100,99879,100
2019-06-28 09:50:30.000000000,100076,330,100048,330,100086,330,100031,430,100087,200,99964,100,100128,100,99937,100,100209,100,99925,100,100250,100,99922,100,100808,100,99906,100,100824,100,99891,100,100906,100,99881,100,100955,100,99879,100
2019-06-28 09:50:32.978990179,100076,330,100048,430,100086,330,100031,430,100087,200,99964,100,100128,100,99937,100,100209,100,99925,100,100250,100,99922,100,100808,100,99906,100,100824,100,99891,100,100906,100,99881,100,100955,100,99879,100
2019-06-28 09:50:40.000000000,100076,257,100048,357,100086,252,100031,352,100087,352,99964,252,100128,100,99937,100,100209,100,99925,100,100250,100,99922,100,100808,100,99906,100,100824,100,99891,100,100906,100,99881,100,100955,100,99879,100
2019-06-28 09:50:40.706286675,100076,257,100048,357,100086,252,100031,352,100087,252,99964,252,100128,100,99937,100,100209,100,99925,100,100250,100,99922,100,100338,100,99906,100,100808,100,99891,100,100824,100,99881,100,100906,100,99879,100
2019-06-28 09:50:46.074141421,100076,157,100048,357,100086,252,100031,352,100087,252,99964,252,100128,100,99937,100,100209,100,99925,100,100250,100,99922,100,100338,100,99906,100,100808,100,99891,100,100824,100,99881,100,100906,100,99879,100
2019-06-28 09:50:50.000000000,100086,215,100048,315,100087,215,100031,315,100128,215,99964,215,100209,215,99937,215,100250,100,99925,100,100338,100,99922,100,100808,100,99906,100,100824,100,99891,100,100906,100,99881,100,100955,100,99879,100
2019-06-28 09:51:00.000000000,100086,215,100048,315,100087,215,100031,315,100128,215,99964,215,100209,215,99937,215,100250,100,99925,100,100338,100,99922,100,100808,100,99906,100,100824,100,99891,100,100906,100,99881,100,100955,100,99879,100
2019-06-28 09:51:05.415445394,100086,215,100048,315,100087,215,100031,315,100128,215,99964,215,100209,215,99937,315,100250,100,99925,100,100338,100,99922,100,100808,100,99906,100,100824,100,99891,100,100906,100,99881,100,100955,100,99879,100
2019-06-28 09:51:10.000000000,100086,257,100048,357,100087,252,100031,352,100128,252,99964,252,100209,100,99937,200,100250,100,99925,100,100338,100,99922,100,100808,100,99906,100,100824,100,99891,100,100906,100,99881,100,100955,100,99879,100
2019-06-28 09:51:20.000000000,100086,257,100048,357,100087,252,100031,352,100128,252,99964,252,100209,100,99937,200,100250,100,99925,100,100338,100,99922,100,100808,100,99906,100,100824,100,99891,100,100906,100,99881,100,100955,100,99879,100
2019-06-28 09:51:24.658082272,100086,257,100048,357,100087,252,100031,352,100128,252,100022,100,100209,100,99964,252,100250,100,99937,200,100338,100,99925,100,100808,100,99922,100,100824,100,99906,100,100906,100,99891,100,100955,100,99881,100
2019-06-28 09:51:30.000000000,100086,257,100048,357,100087,252,100031,352,100128,252,100022,252,100209,100,99964,100,100250,100,99937,200,100338,100,99925,100,100808,100,99922,100,100824,100,99906,100,100906,100,99891,100,100955,100,99881,100
2019-06-28 09:51:40.000000000,100086,330,100048,430,100087,330,100031,430,100128,100,100022,100,100209,100,99964,100,100250,100,99937,200,100338,100,99925,100,100808,100,99922,100,100824,100,99906,100,100906,100,99891,100,100955,100,99881,100
2019-06-28 09:51:40.336825512,100086,230,100048,430,100087,330,100031,430,100128,100,99964,100,100209,100,99937,200,100250,100,99925,100,100338,100,99922,100,100808,100,99906,100,100824,100,99891,100,100906,100,99881,100,100955,100,99879,100
2019-06-28 09:51:50.000000000,100087,257,100048,357,100128,252,100031,352,100209,252,99964,252,100250,100,99937,200,100338,100,99925,100,100808,100,99922,100,100824,100,99906,100,100906,100,99891,100,100955,100,99881,100,101117,100,99879,100
2019-06-28 09:52:00.000000000,100087,257,100048,357,100128,252,100031,352,100209,252,99964,252,100250,100,99937,200,100338,100,99925,100,100808,100,99922,100,100824,100,99906,100,100906,100,99891,100,100955,100,99881,100,101117,100,99879,100
2019-06-28 09:52:10.000000000,100087,330,100048,430,100128,330,100031,430,100209,100,99964,100,100250,100,99937,200,100338,100,99925,100,100808,100,99922,100,100824,100,99906,100,100906,100,99891,100,100955,100,99881,100,101117,100,99879,100
2019-06-28 09:52:20.000000000,100087,215,100048,315,100128,215,100031,315,100209,215,99964,215,100250,215,99937,315,100338,100,99925,100,100808,100,99922,100,100824,100,99906,100,100906,100,99891,100,100955,100,99881,100,101117,100,99879,100
2019-06-28 09:52:21.334228280,100087,215,100048,315,100128,215,100031,315,100209,215,99964,215,100250,215,99937,315,100258,100,99925,100,100338,100,99922,100,100808,100,99906,100,100824,100,99891,100,100906,100,99881,100,100955,100,99879,100
2019-06-28 09:52:30.000000000,100087,561,100048,661,100128,100,100031,200,100209,100,99964,100,100250,100,99937,200,100258,100,99925,100,100338,100,99922,100,100808,100,99906,100,100824,100,99891,100,100906,100,99881,100,100955,100,99879,100
2019-06-28 09:52:31.907087451,100087,461,100048,661,100128,100,100031,200,100209,100,99964,100,100250,100,99937,200,100258,100,99925,100,100338,100,99922,100,100808,100,99906,100,100824,100,99891,100,100906,100,99881,100,100955,100,99879,100
2019-06-28 09:52:36.488686428,100087,461,100048,561,100128,100,100031,200,100209,100,99964,100,100250,100,99937,200,100258,100,99925,100,100338,100,99922,100,100808,100,99906,100,100824,100,99891,100,100906,100,99881,100,100955,100,99879,100
2019-06-28 09:52:40.000000000,100128,330,100048,330,100209,330,100031,430,100250,100,99964,100,100258,100,99937,200,100338,100,99925,100,100808,100,99922,100,100824,100,99906,100,100906,100,99891,100,100955,100,99881,100,101117,100,99879,100
2019-06-28 09:52:50.000000000,100128,330,100048,330,100209,330,100031,430,100250,100,99964,100,100258,100,99937,200,100338,100,99925,100,100808,100,99922,100,100824,100,99906,100,100906,100,99891,100,100955,100,99881,100,101117,100,99879,100
2019-06-28 09:52:57.110416911,100128,230,100048,330,100209,330,100031,430,100250,100,99964,100,100258,100,99937,200,100338,100,99925,100,100808,100,99922,100,100824,100,99906,100,100906,100,99891,100,100955,100,99881,100,101117,100,99879,100
2019-06-28 09:53:00.000000000,100209,561,100048,561,100250,100,100031,200,100258,100,99964,100,100338,100,99937,200,100808,100,99925,100,100824,100,99922,100,100906,100,99906,100,100955,100,99891,100,101117,100,99881,100,101169,100,99879,100
2019-06-28 09:53:09.673773505,100209,561,100087,100,100250,100,100048,561,100258,100,100031,200,100338,100,99964,100,100808,100,99937,200,100824,100,99925,100,100906,100,99922,100,100955,100,99906,100,101117,100,99891,100,101169,100,99881,100
2019-06-28 09:53:10.000000000,100209,192,100087,192,100250,192,100048,192,100258,192,100031,292,100338,192,99964,192,100808,192,99937,292,100824,100,99925,100,100906,100,99922,100,100955,100,99906,100,101117,100,99891,100,101169,100,99881,100
2019-06-28 09:53:20.000000000,100209,215,100087,215,100250,215,100048,215,100258,215,100031,315,100338,215,99964,215,100808,100,99937,200,100824,100,99925,100,100906,100,99922,100,100955,100,99906,100,101117,100,99891,100,101169,100,99881,100
2019-06-28 09:53:30.000000000,100209,330,100087,330,100250,330,100048,330,100258,100,100031,200,100338,100,99964,100,100808,100,99937,200,100824,100,99925,100,100906,100,99922,100,100955,100,99906,100,101117,100,99891,100,101169,100,99881,100
2019-06-28 09:53:35.296800158,100209,330,100087,330,100250,330,100048,330,100258,100,100031,200,100338,100,99964,100,100808,100,99937,200,100824,100,99925,100,100906,100,99922,100,100955,100,99906,100,101117,100,99891,100,101169,100,99881,100
2019-06-28 09:53:40.000000000,100209,215,100087,215,100250,215,100048,215,100258,215,100031,315,100338,215,99964,215,100808,100,99937,200,100824,100,99925,100,100906,100,99922,100,100955,100,99906,100,101117,100,99891,100,101169,100,99881,100
2019-06-28 09:53:50.000000000,100209,330,100087,330,100250,330,100048,330,100258,100,100031,200,100338,100,99964,100,100808,100,99937,200,100824,100,99925,100,100906,100,99922,100,100955,100,99906,100,101117,100,99891,100,101169,100,99881,100
2019-06-28 09:53:51.123011956,100209,330,100087,430,100250,330,100048,330,100258,100,100031,200,100338,100,99964,100,100808,100,99937,200,100824,100,99925,100,100906,100,99922,100,100955,100,99906,100,101117,100,99891,100,101169,100,99881,100
2019-06-28 09:53:51.345164595,100209,330,100087,430,100250,330,100048,330,100258,100,100031,200,100338,100,99964,100,100808,100,99937,200,100824,100,99925,100,100906,100,99922,100,100955,100,99906,100,101117,100,99891,100,101169,100,99881,100
2019-06-28 09:54:00.000000000,100209,561,100087,661,100250,100,100048,100,100258,100,100031,200,100338,100,99964,100,100808,100,99937,200,100824,100,99925,100,100906,100,99922,100,100955,100,99906,100,101117,100,99891,100,101169,100,99881,100
2019-06-28 09:54:10.000000000,100209,561,100087,661,100250,100,100048,100,100258,100,100031,200,100338,100,99964,100,100808,100,99937,200,100824,100,99925,100,100906,100,99922,100,100955,100,99906,100,101117,100,99891,100,101169,100,99881,100
2019-06-28 09:54:20.000000000,100209,215,100087,315,100250,215,100048,215,100258,215,100031,315,100338,215,99964,215,100808,100,99937,200,100824,100,99925,100,100906,100,99922,100,100955,100,99906,100,101117,100,99891,100,101169,100,99881,100
2019-06-28 09:54:30.000000000,100209,192,100087,292,100250,192,100048,192,100258,192,100031,292,100338,192,99964,192,100808,192,99937,292,100824,100,99925,100,100906,100,99922,100,100955,100,99906,100,101117,100,99891,100,101169,100,99881,100
2019-06-28 09:54:40.000000000,100209,561,100087,661,100250,100,100048,100,100258,100,100031,200,100338,100,99964,100,100808,100,99937,200,100824,100,99925,100,100906,100,99922,100,100955,100,99906,100,101117,100,99891,100,101169,100,99881,100
2019-06-28 09:54:50.000000000,100209,257,100087,357,100250,252,100048,252,100258,252,100031,352,100338,100,99964,100,100808,100,99937,200,100824,100,99925,100,100906,100,99922,100,100955,100,99906,100,101117,100,99891,100,101169,100,99881,100
2019-06-28 09:55:00.000000000,100209,257,100087,357,100250,252,100048,252,100258,252,100031,352,100338,100,99964,100,100808,100,99937,200,100824,100,99925,100,100906,100,99922,100,100955,100,99906,100,101117,100,99891,100,101169,100,99881,100
2019-06-28 09:55:07.729371750,100209,257,100087,357,100250,252,100048,252,100258,252,100031,352,100338,100,99937,200,100808,100,99925,100,100824,100,99922,100,100906,100,99906,100,100955,100,99891,100,101117,100,99881,100,101169,100,99875,100
2019-06-28 09:55:10.000000000,100209,561,100087,661,100250,100,100048,100,100258,100,100031,200,100338,100,99937,200,100808,100,99925,100,100824,100,99922,100,100906,100,99906,100,100955,100,99891,100,101117,100,99881,100,101169,100,99875,100
2019-06-28 09:55:20.000000000,100209,192,100087,292,100250,192,100048,192,100258,192,100031,292,100338,192,99937,292,100808,192,99925,192,100824,100,99922,100,100906,100,99906,100,100955,100,99891,100,101117,100,99881,100,101169,100,99875,100
2019-06-28 09:55:21.648092737,100209,192,100087,292,100250,192,100048,92,100258,192,100031,292,100338,192,99937,292,100808,192,99925,192,100824,100,99922,100,100906,100,99906,100,100955,100,99891,100,101117,100,99881,100,101169,100,99875,100
2019-06-28 09:55:30.000000000,100209,330,100087,430,100250,330,100031,430,100258,100,99937,200,100338,100,99925,100,100808,100,99922,100,100824,100,99906,100,100906,100,99891,100,100955,100,99881,100,101117,100,99875,100,101169,100,99845,100
2019-06-28 09:55:40.000000000,100209,330,100087,430,100250,330,100031,430,100258,100,99937,200,100338,100,99925,100,100808,100,99922,100,100824,100,99906,100,100906,100,99891,100,100955,100,99881,100,101117,100,99875,100,101169,100,99845,100
2019-06-28 09:55:40.586956037,100209,330,100087,430,100250,330,100031,430,100258,100,99937,200,100338,100,99925,100,100808,100,99922,100,100824,100,99906,100,100906,100,99891,100,100955,100,99881,100,101169,100,99875,100,101202,100,99845,100
2019-06-28 09:55:50.000000000,100209,257,100087,357,100250,252,100031,352,100258,252,99937,352,100338,100,99925,100,100808,100,99922,100,100824,100,99906,100,100906,100,99891,100,100955,100,99881,100,101169,100,99875,100,101202,100,99845,100
2019-06-28 09:56:00.000000000,100209,192,100087,292,100250,192,100031,292,100258,192,99937,292,100338,192,99925,192,100808,192,99922,192,100824,100,99906,100,100906,100,99891,100,100955,100,99881,100,101169,100,99875,100,101202,100,99845,100
2019-06-28 09:56:02.896089992,100209,192,100087,292,100250,192,100031,292,100258,192,99937,292,100338,192,99925,192,100808,192,99922,192,100824,100,99906,100,100906,100,99891,100,100955,100,99881,100,101169,100,99875,100,101202,100,99845,100
2019-06-28 09:56:05.644099079,100209,192,100087,292,100250,192,100031,292,100258,192,99937,292,100338,192,99925,192,100808,192,99922,192,100824,100,99906,100,100906,100,99891,100,100955,100,99881,100,101169,100,99875,100,101202,100,99845,100
2019-06-28 09:56:06.722078790,100209,92,100087,292,100250,192,100031,292,100258,192,99937,292,100338,92,99925,192,100808,192,99922,192,100824,100,99906,100,100906,100,99891,100,100955,100,99881,100,101169,100,99875,100,101202,100,99845,100
2019-06-28 09:56:10.000000000,100250,192,100087,292,100258,192,100031,292,100808,192,99937,292,100824,192,99925,192,100906,192,99922,192,100955,100,99906,100,101169,100,99891,100,101202,100,99881,100,101436,100,99875,100,101569,100,99845,100
2019-06-28 09:56:20.000000000,100250,330,100087,430,100258,330,100031,430,100808,100,99937,200,100824,100,99925,100,100906,100,99922,100,100955,100,99906,100,101169,100,99891,100,101202,100,99881,100,101436,100,99875,100,101569,100,99845,100
2019-06-28 09:56:30.000000000,100250,561,100087,661,100258,100,100031,200,100808,100,99937,200,100824,100,99925,100,100906,100,99922,100,100955,100,99906,100,101169,100,99891,100,101202,100,99881,100,101436,100,99875,100,101569,100,99845,100
2019-06-28 09:56:34.464010667,100250,561,100087,661,100258,100,100031,100,100808,100,99937,200,100824,100,99925,100,100906,100,99922,100,100955,100,99906,100,101169,100,99891,100,101202,100,99881,100,101436,100,99875,100,101569,100,99845,100
2019-06-28 09:56:40.000000000,100250,330,100087,430,100258,330,100031,330,100808,100,99937,200,100824,100,99925,100,100906,100,99922,100,100955,100,99906,100,101169,100,99891,100,101202,100,99881,100,101436,100,99875,100,101569,100,99845,100
2019-06-28 09:56:50.000000000,100250,561,100087,661,100258,100,100031,100,100808,100,99937,200,100824,100,99925,100,100906,100,99922,100,100955,100,99906,100,101169,100,99891,100,101202,100,99881,100,101436,100,99875,100,101569,100,99845,100
2019-06-28 09:57:00.000000000,100250,257,100087,357,100258,252,100031,252,100808,252,99937,352,100824,100,99925,100,100906,100,99922,100,100955,100,99906,100,101169,100,99891,100,101202,100,99881,100,101436,100,99875,100,101569,100,99845,100
2019-06-28 09:57:05.540062357,100250,257,100128,100,100258,252,100087,357,100808,252,100031,252,100824,100,99937,352,100906,100,99925,100,100955,100,99922,100,101169,100,99906,100,101202,100,99891,100,101436,100,99881,100,101569,100,99875,100
2019-06-28 09:57:07.316057735,100250,257,100128,100,100258,252,100087,357,100808,252,100031,152,100824,100,99937,352,100906,100,99925,100,100955,100,99922,100,101169,100,99906,100,101202,100,99891,100,101436,100,99881,100,101569,100,99875,100
2019-06-28 09:57:10.000000000,100250,192,100128,192,100258,192,100087,292,100808,192,99937,292,100824,192,99925,192,100906,192,99922,192,100955,100,99906,100,101169,100,99891,100,101202,100,99881,100,101436,100,99875,100,101569,100,99845,100
2019-06-28 09:57:20.000000000,100250,215,100128,215,100258,215,100087,315,100808,215,99937,315,100824,215,99925,215,100906,100,99922,100,100955,100,99906,100,101169,100,99891,100,101202,100,99881,100,101436,100,99875,100,101569,100,99845,100
2019-06-28 09:57:27.337771826,100250,215,100128,315,100258,215,100087,315,100808,215,99937,315,100824,215,99925,215,100906,100,99922,100,100955,100,99906,100,101169,100,99891,100,101202,100,99881,100,101436,100,99875,100,101569,100,99845,100
2019-06-28 09:57:30.000000000,100250,215,100128,315,100258,215,100087,315,100808,215,99937,315,100824,215,99925,215,100906,100,99922,100,100955,100,99906,100,101169,100,99891,100,101202,100,99881,100,101436,100,99875,100,101569,100,99845,100
2019-06-28 09:57:40.000000000,100250,215,100128,315,100258,215,100087,315,100808,215,99937,315,100824,215,99925,215,100906,100,99922,100,100955,100,99906,100,101169,100,99891,100,101202,100,99881,100,101436,100,99875,100,101569,100,99845,100
2019-06-28 09:57:46.888195318,100250,115,100128,315,100258,215,100087,315,100808,215,99937,315,100824,215,99925,215,100906,100,99922,100,100955,100,99906,100,101169,100,99891,100,101202,100,99881,100,101436,100,99875,100,101569,100,99845,100
2019-06-28 09:57:50.000000000,100258,192,100128,292,100808,192,100087,292,100824,192,99937,292,100906,192,99925,192,100955,192,99922,192,101169,100,99906,100,101202,100,99891,100,101436,100,99881,100,101569,100,99875,100,101704,100,99845,100
2019-06-28 09:58:00.000000000,100258,257,100128,357,100808,252,100087,352,100824,252,99937,352,100906,100,99925,100,100955,100,99922,100,101169,100,99906,100,101202,100,99891,100,101436,100,99881,100,101569,100,99875,100,101704,100,99845,100
2019-06-28 09:58:10.000000000,100258,257,100128,357,100808,252,100087,352,100824,252,99937,352,100906,100,99925,100,100955,100,99922,100,101169,100,99906,100,101202,100,99891,100,101436,100,99881,100,101569,100,99875,100,101704,100,99845,100
2019-06-28 09:58:14.296382014,100258,257,100225,100,100808,252,100128,357,100824,252,100087,352,100906,100,99937,352,100955,100,99925,100,101169,100,99922,100,101202,100,99906,100,101436,100,99891,100,101569,100,99881,100,101704,100,99875,100
2019-06-28 09:58:20.000000000,100258,257,100225,257,100808,252,100128,352,100824,252,100087,352,100906,100,99937,200,100955,100,99925,100,101169,100,99922,100,101202,100,99906,100,101436,100,99891,100,101569,100,99881,100,101704,100,99875,100
2019-06-28 09:58:22.849237785,100258,257,100225,257,100344,100,100128,352,100808,252,100087,352,100824,252,99937,200,100906,100,99925,100,100955,100,99922,100,101169,100,99906,100,101202,100,99891,100,101436,100,99881,100,101569,100,99875,100
2019-06-28 09:58:30.000000000,100258,330,100225,330,100344,330,100128,430,100808,100,100087,200,100824,100,99937,200,100906,100,99925,100,100955,100,99922,100,101169,100,99906,100,101202,100,99891,100,101436,100,99881,100,101569,100,99875,100
2019-06-28 09:58:32.720058387,100258,230,100225,330,100344,330,100128,430,100808,100,100087,200,100824,100,99937,200,100906,100,99925,100,101169,100,99922,100,101202,100,99906,100,101436,100,99891,100,101569,100,99881,100,101704,100,99875,100
2019-06-28 09:58:40.000000000,100344,257,100225,257,100808,252,100128,352,100824,252,100087,352,100906,100,99937,200,101169,100,99925,100,101202,100,99922,100,101436,100,99906,100,101569,100,99891,100,101704,100,99881,100,101756,100,99875,100
2019-06-28 09:58:43.612266419,100344,157,100225,157,100808,252,100128,352,100824,252,100087,352,100906,100,99937,200,101169,100,99925,100,101202,100,99922,100,101436,100,99906,100,101569,100,99891,100,101704,100,99881,100,101756,100,99875,100
2019-06-28 09:58:43.999543187,100344,57,100225,157,100808,252,100128,352,100824,252,100087,352,100906,100,99937,200,101169,100,99925,100,101202,100,99922,100,101436,100,99906,100,101569,100,99891,100,101704,100,99881,100,101756,100,99875,100
2019-06-28 09:58:45.530744873,100344,57,100225,157,100808,252,100128,352,100824,252,100087,352,100847,100,99937,200,100906,100,99925,100,101169,100,99922,100,101202,100,99906,100,101436,100,99891,100,101569,100,99881,100,101704,100,99875,100
2019-06-28 09:58:50.000000000,100808,561,100128,661,100824,100,100087,200,100847,100,99937,200,100906,100,99925,100,101169,100,99922,100,101202,100,99906,100,101436,100,99891,100,101569,100,99881,100,101704,100,99875,100,101756,100,99845,100
2019-06-28 09:59:00.000000000,100808,330,100128,430,100824,330,100087,430,100847,100,99937,200,100906,100,99925,100,101169,100,99922,100,101202,100,99906,100,101436,100,99891,100,101569,100,99881,100,101704,100,99875,100,101756,100,99845,100
2019-06-28 09:59:07.021042249,100808,330,100128,430,100824,330,100087,430,100847,100,99937,200,100885,100,99925,100,100906,100,99922,100,101169,100,99906,100,101202,100,99891,100,101436,100,99881,100,101569,100,99875,100,101704,100,99845,100
2019-06-28 09:59:10.000000000,100808,215,100128,315,100824,215,100087,315,100847,215,99937,315,100885,215,99925,215,100906,100,99922,100,101169,100,99906,100,101202,100,99891,100,101436,100,99881,100,101569,100,99875,100,101704,100,99845,100
2019-06-28 09:59:20.000000000,100808,257,100128,357,100824,252,100087,352,100847,252,99937,352,100885,100,99925,100,100906,100,99922,100,101169,100,99906,100,101202,100,99891,100,101436,100,99881,100,101569,100,99875,100,101704,100,99845,100
2019-06-28 09:59:30.000000000,100808,215,100128,315,100824,215,100087,315,100847,215,99937,315,100885,215,99925,215,100906,100,99922,100,101169,100,99906,100,101202,100,99891,100,101436,100,99881,100,101569,100,99875,100,101704,100,99845,100
2019-06-28 09:59:40.000000000,100808,330,100128,430,100824,330,100087,430,100847,100,99937,200,100885,100,99925,100,100906,100,99922,100,101169,100,99906,100,101202,100,99891,100,101436,100,99881,100,101569,100,99875,100,101704,100,99845,100
2019-06-28 09:59:43.586999131,100344,100,100128,430,100808,330,100087,430,100824,330,99937,200,100847,100,99925,100,100885,100,99922,100,100906,100,99906,100,101169,100,99891,100,101202,100,99881,100,101436,100,99875,100,101569,100,99845,100
2019-06-28 09:59:49.356750135,100344,100,100128,430,100353,100,100087,430,100808,330,99937,200,100824,330,99925,100,100847,100,99922,100,100885,100,99906,100,100906,100,99891,100,101169,100,99881,100,101202,100,99875,100,101436,100,99845,100
2019-06-28 09:59:50.000000000,100344,330,100128,430,100353,330,100087,430,100808,100,99937,200,100824,100,99925,100,100847,100,99922,100,100885,100,99906,100,100906,100,99891,100,101169,100,99881,100,101202,100,99875,100,101436,100,99845,100
2019-06-28 10:00:00.000000000,100344,561,100128,661,100353,100,100087,200,100808,100,99937,200,100824,100,99925,100,100847,100,99922,100,100885,100,99906,100,100906,100,99891,100,101169,100,99881,100,101202,100,99875,100,101436,100,99845,100
2019-06-28 10:00:06.870697580,100344,561,100260,100,100353,100,100128,661,100808,100,100087,200,100824,100,99937,200,100847,100,99925,100,100885,100,99922,100,100906,100,99906,100,101169,100,99891,100,101202,100,99881,100,101569,100,99875,100
2019-06-28 10:00:10.000000000,100344,215,100260,215,100353,215,100128,315,100808,215,100087,315,100824,215,99937,315,100847,100,99925,100,100885,100,99922,100,100906,100,99906,100,101169,100,99891,100,101202,100,99881,100,101569,100,99875,100
2019-06-28 10:00:20.000000000,100344,257,100260,257,100353,252,100128,352,100808,252,100087,352,100824,100,99937,200,100847,100,99925,100,100885,100,99922,100,100906,100,99906,100,101169,100,99891,100,101202,100,99881,100,101569,100,99875,100
2019-06-28 10:00:30.000000000,100344,215,100260,215,100353,215,100128,315,100808,215,100087,315,100824,215,99937,315,100847,100,99925,100,100885,100,99922,100,100906,100,99906,100,101169,100,99891,100,101202,100,99881,100,101569,100,99875,100
2019-06-28 10:00:40.000000000,100344,215,100260,215,100353,215,100128,315,100808,215,100087,315,100824,215,99937,315,100847,100,99925,100,100885,100,99922,100,100906,100,99906,100,101169,100,99891,100,101202,100,99881,100,101569,100,99875,100
2019-06-28 10:00:50.000000000,100344,330,100260,330,100353,330,100128,430,100808,100,100087,200,100824,100,99937,200,100847,100,99925,100,100885,100,99922,100,100906,100,99906,100,101169,100,99891,100,101202,100,99881,100,101569,100,99875,100
2019-06-28 10:00:50.373903560,100344,330,100260,330,100353,330,100128,430,100808,100,100087,200,100824,100,100001,100,100847,100,99937,200,100885,100,99925,100,100906,100,99922,100,101169,100,99906,100,101202,100,99891,100,101569,100,99881,100
2019-06-28 10:00:51.041986305,100344,430,100260,330,100353,330,100128,430,100808,100,100087,200,100824,100,100001,100,100847,100,99937,200,100885,100,99925,100,100906,100,99922,100,101169,100,99906,100,101202,100,99891,100,101569,100,99881,100
2019-06-28 10:00:55.919865347,100344,530,100260,330,100353,330,100128,430,100808,100,100087,200,100824,100,100001,100,100847,100,99937,200,100885,100,99925,100,100906,100,99922,100,101169,100,99906,100,101202,100,99891,100,101569,100,99881,100
2019-06-28 10:00:59.739540252,100344,630,100260,330,100353,330,100128,430,100808,100,100087,200,100824,100,100001,100,100847,100,99937,200,100885,100,99925,100,100906,100,99922,100,101169,100,99906,100,101202,100,99891,100,101569,100,99881,100
2019-06-28 10:01:00.000000000,100344,557,100260,257,100353,252,100128,352,100808,252,100087,352,100824,100,100001,100,100847,100,99937,200,100885,100,99925,100,100906,100,99922,100,101169,100,99906,100,101202,100,99891,100,101569,100,99881,100
2019-06-28 10:01:10.000000000,100344,515,100260,215,100353,215,100128,315,100808,215,100087,315,100824,215,100001,215,100847,100,99937,200,100885,100,99925,100,100906,100,99922,100,101169,100,99906,100,101202,100,99891,100,101569,100,99881,100
2019-06-28 10:01:15.145217073,100344,515,100260,115,100353,215,100128,315,100808,215,100087,315,100824,215,100001,215,100847,100,99937,200,100885,100,99925,100,100906,100,99922,100,101169,100,99906,100,101202,100,99891,100,101704,100,99881,100
2019-06-28 10:01:17.988702072,100344,515,100260,115,100353,215,100190,100,100808,215,100128,315,100824,215,100087,315,100847,100,100001,115,100885,100,99937,200,100906,100,99925,100,101169,100,99922,100,101202,100,99906,100,101704,100,99891,100
2019-06-28 10:01:18.236473678,100343,100,100260,115,100344,515,100190,100,100353,215,100128,315,100808,215,100087,315,100824,215,100001,115,100847,100,99937,200,100885,100,99925,100,100906,100,99922,100,101169,100,99906,100,101202,100,99891,100
2019-06-28 10:01:20.000000000,100343,192,100190,192,100344,492,100128,292,100353,192,100087,292,100808,192,99937,292,100824,192,99925,192,100847,100,99922,100,100885,100,99906,100,100906,100,99891,100,101169,100,99881,100,101202,100,99845,100
2019-06-28 10:01:29.057384624,100343,192,100190,192,100344,492,100163,100,100353,192,100128,292,100808,192,100087,292,100824,92,99937,292,100847,100,99925,192,100885,100,99922,100,100906,100,99906,100,101169,100,99891,100,101202,100,99881,100
2019-06-28 10:01:30.000000000,100343,257,100190,257,100344,552,100163,252,100353,252,100128,352,100808,100,100087,200,100847,100,99937,200,100885,100,99925,100,100906,100,99922,100,101169,100,99906,100,101202,100,99891,100,101704,100,99881,100
2019-06-28 10:01:40.000000000,100343,561,100190,561,100344,400,100163,100,100353,100,100128,200,100808,100,100087,200,100847,100,99937,200,100885,100,99925,100,100906,100,99922,100,101169,100,99906,100,101202,100,99891,100,101704,100,99881,100
2019-06-28 10:01:47.574739933,100343,561,100261,100,100344,300,100190,561,100353,100,100163,100,100808,100,100128,200,100847,100,100087,200,100885,100,99937,200,100906,100,99925,100,101169,100,99922,100,101202,100,99906,100,101704,100,99891,100
2019-06-28 10:01:50.000000000,100343,215,100261,215,100344,415,100190,215,100353,215,100163,215,100808,215,100128,315,100847,100,100087,200,100885,100,99937,200,100906,100,99925,100,101169,100,99922,100,101202,100,99906,100,101704,100,99891,100
2019-06-28 10:01:50.615771402,100343,215,100261,215,100344,415,100190,215,100353,215,100163,215,100578,100,100128,315,100808,215,100087,200,100847,100,99937,200,100885,100,99925,100,100906,100,99922,100,101169,100,99906,100,101202,100,99891,100
2019-06-28 10:02:00.000000000,100343,330,100261,330,100344,530,100190,330,100353,100,100163,100,100578,100,100128,200,100808,100,100087,200,100847,100,99937,200,100885,100,99925,100,100906,100,99922,100,101169,100,99906,100,101202,100,99891,100
2019-06-28 10:02:05.812733121,100343,230,100261,330,100344,530,100190,330,100353,100,100163,100,100808,100,100128,200,100847,100,100087,200,100885,100,99937,200,100906,100,99925,100,101169,100,99922,100,101202,100,99906,100,101704,100,99891,100
2019-06-28 10:02:10.000000000,100344,392,100261,192,100353,192,100190,192,100808,192,100163,192,100847,192,100128,292,100885,192,100087,292,100906,100,99937,200,101169,100,99925,100,101202,100,99922,100,101704,100,99906,100,101756,100,99891,100
2019-06-28 10:02:19.149965684,100344,392,100262,100,100353,192,100261,192,100808,192,100190,192,100847,192,100163,192,100885,192,100128,292,100906,100,100087,292,101169,100,99937,200,101202,100,99925,100,101704,100,99922,100,101756,100,99906,100
2019-06-28 10:02:20.000000000,100344,415,100262,215,100353,215,100261,215,100808,215,100190,215,100847,215,100163,215,100885,100,100128,200,100906,100,100087,200,101169,100,99937,200,101202,100,99925,100,101704,100,99922,100,101756,100,99906,100
2019-06-28 10:02:24.303792740,100344,415,100262,215,100353,215,100261,215,100662,100,100190,215,100808,215,100163,215,100847,215,100128,200,100885,100,100087,200,100906,100,99937,200,101169,100,99925,100,101202,100,99922,100,101704,100,99906,100
2019-06-28 10:02:30.000000000,100344,761,100262,561,100353,100,100261,100,100662,100,100190,100,100808,100,100163,100,100847,100,100128,200,100885,100,100087,200,100906,100,99937,200,101169,100,99925,100,101202,100,99922,100,101704,100,99906,100
2019-06-28 10:02:34.917219615,100344,661,100262,561,100353,100,100261,100,100662,100,100190,100,100808,100,100163,100,100847,100,100128,200,100885,100,100087,200,100906,100,99937,200,101169,100,99925,100,101202,100,99922,100,101704,100,99906,100
2019-06-28 10:02:38.290607800,100344,661,100262,561,100353,100,100261,100,100518,100,100190,100,100662,100,100163,100,100808,100,100128,200,100847,100,100087,200,100885,100,99937,200,100906,100,99925,100,101169,100,99922,100,101202,100,99906,100
2019-06-28 10:02:40.000000000,100344,430,100262,330,100353,330,100261,330,100518,100,100190,100,100662,100,100163,100,100808,100,100128,200,100847,100,100087,200,100885,100,99937,200,100906,100,99925,100,101169,100,99922,100,101202,100,99906,100
2019-06-28 10:02:50.000000000,100344,315,100262,215,100353,215,100261,215,100518,215,100190,215,100662,215,100163,215,100808,100,100128,200,100847,100,100087,200,100885,100,99937,200,100906,100,99925,100,101169,100,99922,100,101202,100,99906,100
2019-06-28 10:02:58.527206591,100344,315,100343,100,100353,215,100262,215,100518,215,100261,215,100662,215,100190,215,100808,100,100163,215,100847,100,100128,200,100885,100,100087,200,100906,100,99937,200,101169,100,99925,100,101202,100,99922,100
2019-06-28 10:03:00.000000000,100344,357,100343,257,100353,252,100262,252,100518,252,100261,252,100662,100,100190,100,100808,100,100163,100,100847,100,100128,200,100885,100,100087,200,100906,100,99937,200,101169,100,99925,100,101202,100,99922,100
2019-06-28 10:03:08.176030657,100344,257,100343,257,100353,252,100262,252,100518,252,100261,252,100662,100,100190,100,100808,100,100163,100,100847,100,100128,200,100885,100,100087,200,100906,100,99937,200,101169,100,99925,100,101202,100,99922,100
2019-06-28 10:03:10.000000000,100344,330,100343,330,100353,330,100262,330,100518,100,100261,100,100662,100,100190,100,100808,100,100163,100,100847,100,100128,200,100885,100,100087,200,100906,100,99937,200,101169,100,99925,100,101202,100,99922,100
2019-06-28 10:03:10.641601983,100344,330,100343,330,100353,330,100266,100,100518,100,100262,330,100662,100,100261,100,100808,100,100190,100,100847,100,100163,100,100885,100,100128,200,100906,100,100087,200,101169,100,99937,200,101202,100,99925,100
2019-06-28 10:03:15.435285961,100344,330,100343,330,100353,330,100266,100,100445,100,100262,330,100518,100,100261,100,100662,100,100190,100,100808,100,100163,100,100847,100,100128,200,100885,100,100087,200,100906,100,99937,200,101169,100,99925,100
2019-06-28 10:03:20.000000000,100344,561,100343,561,100353,100,100266,100,100445,100,100262,100,100518,100,100261,100,100662,100,100190,100,100808,100,100163,100,100847,100,100128,200,100885,100,100087,200,100906,100,99937,200,101169,100,99925,100
2019-06-28 10:03:30.000000000,100344,215,100343,215,100353,215,100266,215,100445,215,100262,215,100518,215,100261,215,100662,100,100190,100,100808,100,100163,100,100847,100,100128,200,100885,100,100087,200,100906,100,99937,200,101169,100,99925,100
2019-06-28 10:03:40.000000000,100344,257,100343,257,100353,252,100266,252,100445,252,100262,252,100518,100,100261,100,100662,100,100190,100,100808,100,100163,100,100847,100,100128,200,100885,100,100087,200,100906,100,99937,200,101169,100,99925,100
2019-06-28 10:03:50.000000000,100344,561,100343,561,100353,100,100266,100,100445,100,100262,100,100518,100,100261,100,100662,100,100190,100,100808,100,100163,100,100847,100,100128,200,100885,100,100087,200,100906,100,99937,200,101169,100,99925,100
2019-06-28 10:03:58.600319820,100344,461,100343,561,100353,100,100266,100,100445,100,100262,100,100518,100,100261,100,100662,100,100190,100,100808,100,100163,100,100847,100,100128,200,100885,100,100087,200,100906,100,99937,200,101169,100,99925,100
2019-06-28 10:04:00.000000000,100353,192,100343,192,100445,192,100266,192,100518,192,100262,192,100662,192,100261,192,100808,192,100190,192,100847,100,100163,100,100885,100,100128,200,100906,100,100087,200,101169,100,99937,200,101202,100,99925,100
2019-06-28 10:04:10.000000000,100353,192,100343,192,100445,192,100266,192,100518,192,100262,192,100662,192,100261,192,100808,192,100190,192,100847,100,100163,100,100885,100,100128,200,100906,100,100087,200,101169,100,99937,200,101202,100,99925,100
2019-06-28 10:04:20.000000000,100353,215,100343,215,100445,215,100266,215,100518,215,100262,215,100662,215,100261,215,100808,100,100190,100,100847,100,100163,100,100885,100,100128,200,100906,100,100087,200,101169,100,99937,200,101202,100,99925,100
2019-06-28 10:04:30.000000000,100353,215,100343,215,100445,215,100266,215,100518,215,100262,215,100662,215,100261,215,100808,100,100190,100,100847,100,100163,100,100885,100,100128,200,100906,100,100087,200,101169,100,99937,200,101202,100,99925,100
2019-06-28 10:04:40.000000000,100353,561,100343,561,100445,100,100266,100,100518,100,100262,100,100662,100,100261,100,100808,100,100190,100,100847,100,100163,100,100885,100,100128,200,100906,100,100087,200,101169,100,99937,200,101202,100,99925,100
2019-06-28 10:04:50.000000000,100353,330,100343,330,100445,330,100266,330,100518,100,100262,100,100662,100,100261,100,100808,100,100190,100,100847,100,100163,100,100885,100,100128,200,100906,100,100087,200,101169,100,99937,200,101202,100,99925,100
2019-06-28 10:04:55.550437393,100353,230,100343,330,100445,330,100266,330,100518,100,100262,100,100662,100,100261,100,100808,100,100190,100,100847,100,100163,100,100906,100,100128,200,101169,100,100087,200,101202,100,99937,200,101704,100,99925,100
2019-06-28 10:05:00.000000000,100445,561,100343,561,100518,100,100266,100,100662,100,100262,100,100808,100,100261,100,100847,100,100190,100,100906,100,100163,100,101169,100,100128,200,101202,100,100087,200,101704,100,99937,200,101756,100,99925,100
2019-06-28 10:05:09.777394833,100445,561,100343,561,100518,100,100266,100,100662,100,100262,100,100700,100,100261,100,100808,100,100190,100,100847,100,100163,100,100906,100,100128,200,101169,100,100087,200,101202,100,99937,200,101704,100,99925,100
2019-06-28 10:05:10.000000000,100445,330,100343,330,100518,330,100266,330,100662,100,100262,100,100700,100,100261,100,100808,100,100190,100,100847,100,100163,100,100906,100,100128,200,101169,100,100087,200,101202,100,99937,200,101704,100,99925,100
2019-06-28 10:05:10.100185563,100445,230,100343,330,100518,330,100266,330,100662,100,100262,100,100700,100,100261,100,100808,100,100190,100,100847,100,100163,100,100906,100,100128,200,101169,100,100087,200,101202,100,99937,200,101704,100,99925,100
2019-06-28 10:05:20.000000000,100518,257,100343,257,100662,252,100266,252,100700,252,100262,252,100808,100,100261,100,100847,100,100190,100,100906,100,100163,100,101169,100,100128,200,101202,100,100087,200,101704,100,99937,200,101756,100,99925,100
2019-06-28 10:05:30.000000000,100518,215,100343,215,100662,215,100266,215,100700,215,100262,215,100808,215,100261,215,100847,100,100190,100,100906,100,100163,100,101169,100,100128,200,101202,100,100087,200,101704,100,99937,200,101756,100,99925,100
2019-06-28 10:05:35.484064132,100518,115,100343,215,100662,215,100266,215,100700,215,100262,215,100808,215,100261,215,100847,100,100190,100,100906,100,100163,100,101169,100,100128,200,101202,100,100087,200,101704,100,99937,200,101756,100,99925,100
2019-06-28 10:05:40.000000000,100662,192,100343,192,100700,192,100266,192,100808,192,100262,192,100847,192,100261,192,100906,192,100190,192,101169,100,100163,100,101202,100,100128,200,101704,100,100087,200,101756,100,99937,200,,,99925,100
2019-06-28 10:05:50.000000000,100662,561,100343,561,100700,100,100266,100,100808,100,100262,100,100847,100,100261,100,100906,100,100190,100,101169,100,100163,100,101202,100,100128,200,101704,100,100087,200,101756,100,99937,200,,,99925,100
2019-06-28 10:06:00.000000000,100662,192,100343,192,100700,192,100266,192,100808,192,100262,192,100847,192,100261,192,100906,192,100190,192,101169,100,100163,100,101202,100,100128,200,101704,100,100087,200,101756,100,99937,200,,,99925,100
2019-06-28 10:06:03.776853766,100662,92,100343,192,100700,192,100266,192,100808,192,100262,192,100847,192,100261,192,100906,192,100190,192,101169,100,100163,100,101202,100,100128,200,101704,100,100087,200,101756,100,99937,200,,,99925,100
2019-06-28 10:06:10.000000000,100700,257,100343,257,100808,252,100266,252,100847,252,100262,252,100906,100,100261,100,101169,100,100190,100,101202,100,100163,100,101704,100,100128,200,101756,100,100087,200,,,99937,200,,,99925,100
2019-06-28 10:06:20.000000000,100700,330,100343,330,100808,330,100266,330,100847,100,100262,100,100906,100,100261,100,101169,100,100190,100,101202,100,100163,100,101704,100,100128,200,101756,100,100087,200,,,99937,200,,,99925,100
2019-06-28 10:06:30.000000000,100700,561,100343,561,100808,100,100266,100,100847,100,100262,100,100906,100,100261,100,101169,100,100190,100,101202,100,100163,100,101704,100,100128,200,101756,100,100087,200,,,99937,200,,,99925,100
2019-06-28 10:06:40.000000000,100700,192,100343,192,100808,192,100266,192,100847,192,100262,192,100906,192,100261,192,101169,192,100190,192,101202,100,100163,100,101704,100,100128,200,101756,100,100087,200,,,99937,200,,,99925,100
2019-06-28 10:06:50.000000000,100700,215,100343,215,100808,215,100266,215,100847,215,100262,215,100906,215,100261,215,101169,100,100190,100,101202,100,100163,100,101704,100,100128,200,101756,100,100087,200,,,99937,200,,,99925,100
2019-06-28 10:06:53.742525520,100700,215,100370,100,100808,215,100343,215,100847,215,100266,215,100906,215,100262,215,101169,100,100261,215,101202,100,100190,100,101704,100,100163,100,101756,100,100128,200,,,100087,200,,,99937,200
2019-06-28 10:07:00.000000000,100700,192,100370,192,100808,192,100343,192,100847,192,100266,192,100906,192,100262,192,101169,192,100261,192,101202,100,100190,100,101704,100,100163,100,101756,100,100128,200,,,100087,200,,,99937,200
2019-06-28 10:07:00.193469793,100517,100,100370,192,100700,192,100343,192,100808,192,100266,192,100847,192,100262,192,100906,192,100261,92,101169,192,100190,100,101202,100,100163,100,101704,100,100128,200,101756,100,100087,200,,,99937,200
2019-06-28 10:07:06.985446896,100517,100,100370,192,100582,100,100343,192,100700,192,100266,192,100808,192,100262,192,100847,192,100261,92,100906,192,100190,100,101169,192,100163,100,101202,100,100128,200,101704,100,100087,200,101756,100,99937,200
2019-06-28 10:07:10.000000000,100517,257,100370,257,100582,252,100343,252,100700,252,100266,252,100808,100,100262,100,100847,100,100190,100,100906,100,100163,100,101169,100,100128,200,101202,100,100087,200,101704,100,99937,200,101756,100,99925,100
2019-06-28 10:07:20.000000000,100517,215,100370,215,100582,215,100343,215,100700,215,100266,215,100808,215,100262,215,100847,100,100190,100,100906,100,100163,100,101169,100,100128,200,101202,100,100087,200,101704,100,99937,200,101756,100,99925,100
2019-06-28 10:07:30.000000000,100517,561,100370,561,100582,100,100343,100,100700,100,100266,100,100808,100,100262,100,100847,100,100190,100,100906,100,100163,100,101169,100,100128,200,101202,100,100087,200,101704,100,99937,200,101756,100,99925,100
2019-06-28 10:07:40.000000000,100517,561,100370,561,100582,100,100343,100,100700,100,100266,100,100808,100,100262,100,100847,100,100190,100,100906,100,100163,100,101169,100,100128,200,101202,100,100087,200,101704,100,99937,200,101756,100,99925,100
2019-06-28 10:07:42.559394527,100517,561,100370,561,100582,100,100343,100,100700,100,100266,100,100808,100,100262,100,100847,100,100190,100,100906,100,100163,100,101000,100,100128,200,101169,100,100087,200,101202,100,99937,200,101704,100,99925,100
2019-06-28 10:07:50.000000000,100517,330,100370,330,100582,330,100343,330,100700,100,100266,100,100808,100,100262,100,100847,100,100190,100,100906,100,100163,100,101000,100,100128,200,101169,100,100087,200,101202,100,99937,200,101704,100,99925,100
2019-06-28 10:08:00.000000000,100517,330,100370,330,100582,330,100343,330,100700,100,100266,100,100808,100,100262,100,100847,100,100190,100,100906,100,100163,100,101000,100,100128,200,101169,100,100087,200,101202,100,99937,200,101704,100,99925,100
2019-06-28 10:08:10.000000000,100517,561,100370,561,100582,100,100343,100,100700,100,100266,100,100808,100,100262,100,100847,100,100190,100,100906,100,100163,100,101000,100,100128,200,101169,100,100087,200,101202,100,99937,200,101704,100,99925,100
2019-06-28 10:08:20.000000000,100517,561,100370,561,100582,100,100343,100,100700,100,100266,100,100808,100,100262,100,100847,100,100190,100,100906,100,100163,100,101000,100,100128,200,101169,100,100087,200,101202,100,99937,200,101704,100,99925,100
2019-06-28 10:08:30.000000000,100517,257,100370,257,100582,252,100343,252,100700,252,100266,252,100808,100,100262,100,100847,100,100190,100,100906,100,100163,100,101000,100,100128,200,101169,100,100087,200,101202,100,99937,200,101704,100,99925,100
2019-06-28 10:08:36.738943075,100517,257,100500,100,100582,252,100370,257,100700,252,100343,252,100808,100,100266,252,100847,100,100262,100,100906,100,100190,100,101000,100,100163,100,101169,100,100128,200,101202,100,100087,200,101704,100,99937,200
2019-06-28 10:08:40.000000000,100517,330,100500,330,100582,330,100370,330,100700,100,100343,100,100808,100,100266,100,100847,100,100262,100,100906,100,100190,100,101000,100,100163,100,101169,100,100128,200,101202,100,100087,200,101704,100,99937,200
2019-06-28 10:08:44.314962682,100517,330,100500,330,100582,330,100394,100,100700,100,100370,330,100808,100,100343,100,100906,100,100266,100,101000,100,100262,100,101169,100,100190,100,101202,100,100163,100,101704,100,100128,200,101756,100,100087,200
2019-06-28 10:08:50.000000000,100517,192,100500,192,100582,192,100394,192,100700,192,100370,192,100808,192,100343,192,100906,192,100266,192,101000,100,100262,100,101169,100,100190,100,101202,100,100163,100,101704,100,100128,200,101756,100,100087,200
2019-06-28 10:08:54.114904063,100517,192,100500,192,100582,192,100394,192,100700,192,100370,192,100808,192,100343,192,100906,192,100266,192,101000,100,100262,100,101169,100,100226,100,101202,100,100190,100,101704,100,100163,100,101756,100,100128,200
2019-06-28 10:09:00.000000000,100517,192,100500,192,100582,192,100394,192,100700,192,100370,192,100808,192,100343,192,100906,192,100266,192,101000,100,100262,100,101169,100,100226,100,101202,100,100190,100,101704,100,100163,100,101756,100,100128,200
2019-06-28 10:09:02.208923852,100507,100,100500,192,100517,192,100394,192,100582,192,100370,192,100700,192,100343,192,100808,192,100266,192,100906,192,100262,100,101000,100,100226,100,101169,100,100190,100,101202,100,100163,100,101704,100,100128,200
2019-06-28 10:09:07.269286376,100507,100,100500,192,100517,292,100394,192,100582,192,100370,192,100700,192,100343,192,100808,192,100266,192,100906,192,100262,100,101000,100,100226,100,101169,100,100190,100,101202,100,100163,100,101704,100,100128,100
2019-06-28 10:09:10.000000000,100507,330,100500,330,100517,430,100394,330,100582,100,100370,100,100700,100,100343,100,100808,100,100266,100,100906,100,100262,100,101000,100,100226,100,101169,100,100190,100,101202,100,100163,100,101704,100,100128,100
2019-06-28 10:09:20.000000000,100507,215,100500,215,100517,315,100394,215,100582,215,100370,215,100700,215,100343,215,100808,100,100266,100,100906,100,100262,100,101000,100,100226,100,101169,100,100190,100,101202,100,100163,100,101704,100,100128,100
2019-06-28 10:09:22.429503695,100507,215,100500,115,100517,315,100394,215,100582,215,100370,215,100700,215,100343,215,100808,100,100266,100,100906,100,100262,100,101000,100,100226,100,101169,100,100190,100,101202,100,100163,100,101704,100,100128,100
2019-06-28 10:09:28.128550429,100507,215,100500,115,100517,315,100394,215,100582,215,100370,215,100637,100,100343,215,100700,215,100266,100,100808,100,100262,100,100906,100,100226,100,101000,100,100190,100,101169,100,100163,100,101704,100,100128,100
2019-06-28 10:09:30.000000000,100507,215,100394,215,100517,315,100370,215,100582,215,100343,215,100637,215,100266,215,100700,100,100262,100,100808,100,100226,100,100906,100,100190,100,101000,100,100163,100,101169,100,100128,100,101704,100,100087,200
2019-06-28 10:09:38.562352632,100506,100,100394,215,100507,215,100370,215,100517,315,100343,215,100582,215,100266,215,100637,215,100262,100,100700,100,100226,100,100808,100,100190,100,100906,100,100163,100,101000,100,100128,100,101169,100,100087,200
2019-06-28 10:09:40.000000000,100506,257,100394,257,100507,252,100370,252,100517,352,100343,252,100582,100,100266,100,100637,100,100262,100,100700,100,100226,100,100808,100,100190,100,100906,100,100163,100,101000,100,100128,100,101169,100,100087,200
