,ask_price_1,ask_size_1,bid_price_1,bid_size_1,ask_price_2,ask_size_2,bid_price_2,bid_size_2,ask_price_3,ask_size_3,bid_price_3,bid_size_3,ask_price_4,ask_size_4,bid_price_4,bid_size_4,ask_price_5,ask_size_5,bid_price_5,bid_size_5,ask_price_6,ask_size_6,bid_price_6,bid_size_6,ask_price_7,ask_size_7,bid_price_7,bid_size_7,ask_price_8,ask_size_8,bid_price_8,bid_size_8,ask_price_9,ask_size_9,bid_price_9,bid_size_9,ask_price_10,ask_size_10,bid_price_10,bid_size_10
2019-06-28 09:30:00.000000000,100071,100,,,,,,,,,,,,,,,,,,,,,,,,,,,,,,,,,,,,,,
2019-06-28 09:30:00.000000001,100014,100,,,100071,100,,,100194,100,,,,,,,,,,,,,,,,,,,,,,,,,,,,,,
2019-06-28 09:30:00.000000002,100071,100,100005,100,100194,100,99899,100,,,,,,,,,,,,,,,,,,,,,,,,,,,,,,,,
2019-06-28 09:30:00.000000003,100071,100,99899,100,100194,100,,,,,,,,,,,,,,,,,,,,,,,,,,,,,,,,,,
2019-06-28 09:30:00.000000004,100030,100,99899,100,100071,100,99761,100,100194,100,,,,,,,,,,,,,,,,,,,,,,,,,,,,,,
2019-06-28 09:30:00.000000006,100014,100,100009,100,100030,100,99899,100,100071,100,99761,100,100194,100,,,,,,,,,,,,,,,,,,,,,,,,,,
2019-06-28 09:30:00.000000008,100014,100,100009,100,100030,100,100005,100,100071,100,99899,100,100194,100,99761,100,,,,,,,,,,,,,,,,,,,,,,,,
2019-06-28 09:30:00.000000013,100014,100,100009,100,100030,100,100005,100,100071,100,99993,100,100194,100,99964,100,,,99899,100,,,99761,100,,,,,,,,,,,,,,,,
2019-06-28 09:30:00.000000015,100014,100,100013,100,100030,100,100009,100,100071,100,100005,100,100194,100,99993,100,,,99964,100,,,99899,100,,,99761,100,,,,,,,,,,,,
2019-06-28 09:30:00.000000016,100014,200,100013,100,100030,100,100009,100,100071,100,100005,100,100194,100,99993,100,,,99964,100,,,99899,100,,,99761,100,,,,,,,,,,,,
2019-06-28 09:30:00.000000017,100014,300,100013,100,100030,100,100009,100,100071,100,100005,100,100194,100,99993,100,,,99964,100,,,99899,100,,,99761,100,,,,,,,,,,,,
2019-06-28 09:30:00.000000018,100014,300,100013,100,100030,100,100009,100,100071,100,100005,100,100153,100,99993,100,100194,100,99964,100,,,99899,100,,,99761,100,,,,,,,,,,,,
2019-06-28 09:30:00.000000021,100014,300,100013,100,100030,100,100009,100,100054,100,100005,100,100071,100,99993,100,100153,100,99964,100,100194,100,99899,100,,,99761,100,,,,,,,,,,,,
2019-06-28 09:30:00.000000022,100014,300,100005,100,100030,100,99993,100,100054,100,99964,100,100071,100,99899,100,100153,100,99761,100,100194,100,,,,,,,,,,,,,,,,,,
2019-06-28 09:30:00.000000028,100014,300,100005,100,100030,100,99993,100,100054,100,99964,100,100071,100,99899,100,100153,100,99872,100,100194,100,99761,100,,,,,,,,,,,,,,,,
2019-06-28 09:30:00.000000029,100014,300,100005,100,100030,100,99993,100,100054,100,99964,100,100071,100,99899,100,100153,100,99872,100,100194,100,99852,100,,,99761,100,,,,,,,,,,,,
2019-06-28 09:30:00.000000030,100014,300,100005,100,100030,100,99993,100,100054,100,99964,100,100071,100,99899,100,100148,100,99872,100,100153,100,99852,100,100194,100,99761,100,,,,,,,,,,,,
2019-06-28 09:30:00.000000031,100014,300,100005,100,100030,100,99993,100,100054,100,99964,100,100071,100,99899,100,100148,100,99872,100,100153,100,99852,100,100187,100,99761,100,100194,100,,,,,,,,,,
2019-06-28 09:30:00.000000033,100014,300,100005,100,100030,100,99993,100,100037,100,99964,100,100054,100,99899,100,100071,100,99872,100,100148,100,99852,100,100153,100,99761,100,100187,100,,,100194,100,,,,,,
2019-06-28 09:30:00.000000036,100014,300,100005,100,100030,100,99993,100,100037,100,99964,100,100052,100,99899,100,100054,100,99872,100,100071,100,99852,100,100148,100,99761,100,100153,100,,,100187,100,,,100194,100,,
2019-06-28 09:30:00.000000041,100014,300,100005,100,100030,100,99993,100,100037,100,99986,100,100052,100,99964,100,100054,100,99899,100,100071,100,99872,100,100148,100,99852,100,100153,100,99761,100,100187,100,,,100194,100,,
2019-06-28 09:30:00.000000042,100014,300,100005,100,100030,100,99993,100,100037,100,99986,100,100052,100,99964,100,100054,100,99899,100,100071,100,99872,100,100072,100,99852,100,100148,100,99761,100,100153,100,,,100187,100,,
2019-06-28 09:30:00.000000047,100014,300,100005,100,100030,100,99993,100,100037,100,99986,100,100052,100,99964,100,100054,100,99899,100,100071,100,99887,100,100072,100,99872,100,100148,100,99852,100,100153,100,99761,100,100187,100,,
2019-06-28 09:30:00.000000051,100014,300,100005,100,100030,100,99993,100,100037,100,99986,100,100052,100,99964,100,100054,100,99925,100,100071,100,99899,100,100072,100,99887,100,100148,100,99872,100,100153,100,99852,100,100187,100,99761,100
2019-06-28 09:30:00.000000054,100014,300,100009,100,100030,100,100005,100,100037,100,99993,100,100052,100,99986,100,100054,100,99964,100,100071,100,99925,100,100072,100,99899,100,100148,100,99887,100,100153,100,99872,100,100187,100,99852,100
2019-06-28 09:30:00.000000055,100014,300,100009,100,100030,100,100005,100,100037,100,99993,100,100052,100,99986,100,100054,100,99964,100,100071,100,99925,100,100072,100,99899,100,100117,100,99887,100,100148,100,99872,100,100153,100,99852,100
2019-06-28 09:30:00.000000057,100014,300,100013,100,100030,100,100009,100,100037,100,100005,100,100052,100,99993,100,100054,100,99986,100,100071,100,99964,100,100072,100,99925,100,100117,100,99899,100,100148,100,99887,100,100153,100,99872,100
2019-06-28 09:30:00.000000058,100014,300,100010,100,100030,100,100009,100,100037,100,100005,100,100052,100,99993,100,100054,100,99986,100,100071,100,99964,100,100072,100,99925,100,100117,100,99899,100,100148,100,99887,100,100153,100,99872,100
2019-06-28 09:30:00.000000060,100014,300,100010,200,100030,100,100009,100,100037,100,100005,100,100052,100,99993,100,100054,100,99986,100,100071,100,99964,100,100072,100,99925,100,100117,100,99899,100,100148,100,99887,100,100153,100,99872,100
2019-06-28 09:30:00.000000062,100014,300,100010,200,100030,100,100009,100,100037,100,100005,100,100052,100,99993,100,100054,100,99986,100,100071,100,99964,100,100072,100,99925,100,100117,100,99899,100,100148,100,99887,100,100153,100,99884,100
2019-06-28 09:30:00.000000064,100013,100,100010,200,100014,300,100009,100,100030,100,100005,100,100037,100,99993,100,100052,100,99986,100,100054,100,99964,100,100071,100,99925,100,100072,100,99899,100,100117,100,99887,100,100148,100,99884,100
2019-06-28 09:30:00.000000065,100013,100,100010,200,100014,300,100009,100,100030,100,100005,100,100037,100,99993,100,100052,100,99986,100,100054,100,99964,100,100060,100,99925,100,100064,100,99899,100,100071,100,99887,100,100072,100,99884,100
2019-06-28 09:30:00.000000068,100013,100,100010,200,100014,300,100009,100,100030,100,100005,100,100037,100,99993,100,100052,100,99986,100,100054,100,99964,100,100060,100,99946,100,100064,100,99925,100,100071,100,99899,100,100072,100,99887,100
2019-06-28 09:30:00.000000070,100013,100,100010,200,100014,300,100009,100,100030,100,100005,100,100037,100,99993,100,100052,100,99986,100,100054,100,99964,100,100060,100,99953,100,100064,100,99946,100,100071,100,99925,100,100072,100,99899,100
2019-06-28 09:30:00.000000071,100013,100,100010,200,100014,300,100009,100,100030,100,100005,100,100037,100,99993,100,100052,100,99986,100,100054,100,99964,100,100060,100,99953,100,100064,100,99946,100,100071,100,99940,100,100072,100,99925,100
2019-06-28 09:30:00.000000074,100013,100,100010,200,100014,300,100009,100,100030,100,100005,100,100037,100,99993,100,100052,100,99986,100,100054,100,99964,100,100060,100,99953,100,100064,100,99946,100,100071,100,99940,100,100072,100,99925,100
2019-06-28 09:30:00.000000076,100013,100,100010,200,100014,300,100009,100,100030,100,100005,100,100037,100,99993,100,100052,100,99986,100,100054,100,99964,100,100060,100,99953,100,100064,100,99946,100,100071,100,99940,100,100072,100,99925,100
2019-06-28 09:30:00.000000077,100013,100,100010,200,100014,300,100009,100,100030,100,100005,100,100037,100,99993,100,100052,100,99986,100,100054,100,99985,100,100060,100,99964,100,100064,100,99953,100,100071,100,99946,100,100072,100,99940,100
2019-06-28 09:30:00.000000078,100013,200,100010,200,100014,300,100009,100,100030,100,100005,100,100037,100,99993,100,100052,100,99986,100,100054,100,99985,100,100060,100,99964,100,100064,100,99953,100,100071,100,99946,100,100072,100,99940,100
2019-06-28 09:30:00.000000079,100013,200,100010,200,100014,300,100009,100,100030,100,100005,100,100037,100,99993,100,100052,100,99986,100,100054,100,99985,100,100060,100,99964,100,100064,100,99953,100,100071,100,99946,100,100072,100,99940,100
2019-06-28 09:30:00.000000082,100013,200,100010,200,100014,300,100009,100,100030,100,100005,100,100037,100,99999,100,100052,100,99993,100,100054,100,99986,100,100060,100,99985,100,100064,100,99964,100,100071,100,99953,100,100072,100,99946,100
2019-06-28 09:30:00.000000083,100013,300,100010,200,100014,300,100009,100,100030,100,100005,100,100037,100,99999,100,100052,100,99993,100,100054,100,99986,100,100060,100,99985,100,100064,100,99964,100,100071,100,99953,100,100072,100,99946,100
2019-06-28 09:30:00.000000085,100013,300,100010,200,100014,300,100009,100,100030,100,100005,100,100037,100,99999,100,100052,100,99993,100,100054,100,99986,100,100060,100,99985,100,100064,100,99980,100,100071,100,99964,100,100072,100,99953,100
2019-06-28 09:30:00.000000086,100013,300,100010,200,100014,300,100009,100,100030,100,100005,100,100037,100,99999,100,100052,100,99993,100,100054,100,99986,100,100060,100,99985,100,100064,100,99980,100,100071,100,99964,100,100072,100,99953,100
2019-06-28 09:30:00.000000088,100013,300,100010,200,100014,300,100009,100,100030,100,100005,100,100037,100,99999,100,100052,100,99993,100,100054,100,99986,100,100060,100,99985,100,100064,100,99980,100,100071,100,99964,100,100072,100,99953,100
2019-06-28 09:30:00.000000092,100013,300,100010,200,100014,300,100009,100,100030,100,100005,100,100037,100,99999,100,100052,100,99993,100,100054,100,99986,100,100060,100,99985,100,100064,100,99980,100,100071,100,99973,100,100072,100,99966,100
2019-06-28 09:30:00.000000095,100013,400,100010,200,100014,300,100009,100,100030,100,100005,100,100037,100,99999,100,100052,100,99993,100,100054,100,99986,100,100060,100,99985,100,100064,100,99980,100,100071,100,99973,100,100072,100,99966,100
2019-06-28 09:30:00.000000099,100013,400,100010,100,100014,300,100009,100,100030,100,100005,100,100037,100,99999,100,100052,100,99993,100,100054,100,99986,100,100060,100,99985,100,100064,100,99980,100,100071,100,99973,100,100072,100,99966,100
2019-06-28 09:30:10.000000000,100013,618,100010,318,100014,518,100009,318,100030,100,100005,100,100037,100,99999,100,100052,100,99993,100,100054,100,99986,100,100060,100,99985,100,100064,100,99980,100,100071,100,99973,100,100072,100,99966,100
2019-06-28 09:30:20.000000000,100013,509,100010,209,100014,409,100009,209,100030,209,100005,209,100037,209,99999,209,100052,100,99993,100,100054,100,99986,100,100060,100,99985,100,100064,100,99980,100,100071,100,99973,100,100072,100,99966,100
2019-06-28 09:30:28.682700708,100013,509,100010,109,100014,409,100009,209,100030,209,100005,209,100037,209,99999,209,100052,100,99993,100,100054,100,99986,100,100060,100,99985,100,100064,100,99980,100,100071,100,99973,100,100072,100,99966,100
2019-06-28 09:30:30.000000000,100013,487,100009,187,100014,387,100005,187,100030,187,99999,187,100037,187,99993,187,100052,187,99986,187,100054,100,99985,100,100060,100,99980,100,100064,100,99973,100,100071,100,99966,100,100072,100,99964,100
2019-06-28 09:30:40.000000000,100013,618,100009,318,100014,518,100005,318,100030,100,99999,100,100037,100,99993,100,100052,100,99986,100,100054,100,99985,100,100060,100,99980,100,100064,100,99973,100,100071,100,99966,100,100072,100,99964,100
2019-06-28 09:30:49.695364138,100013,518,100009,318,100014,518,100005,318,100030,100,99999,100,100037,100,99993,100,100052,100,99986,100,100054,100,99985,100,100060,100,99980,100,100064,100,99973,100,100071,100,99966,100,100072,100,99964,100
2019-06-28 09:30:50.000000000,100013,518,100009,318,100014,518,100005,318,100030,100,99999,100,100037,100,99993,100,100052,100,99986,100,100054,100,99985,100,100060,100,99980,100,100064,100,99973,100,100071,100,99966,100,100072,100,99964,100
2019-06-28 09:30:54.116771306,100013,418,100009,318,100014,518,100005,318,100030,100,99999,100,100037,100,99993,100,100052,100,99986,100,100054,100,99985,100,100060,100,99980,100,100064,100,99973,100,100071,100,99966,100,100099,100,99964,100
2019-06-28 09:30:56.146016128,100013,418,100009,318,100014,418,100005,318,100030,100,99999,100,100037,100,99993,100,100052,100,99986,100,100054,100,99985,100,100060,100,99980,100,100064,100,99973,100,100071,100,99966,100,100099,100,99964,100
2019-06-28 09:31:00.000000000,100013,309,100009,209,100014,309,100005,209,100030,209,99999,209,100037,209,99993,209,100052,100,99986,100,100054,100,99985,100,100060,100,99980,100,100064,100,99973,100,100071,100,99966,100,100099,100,99964,100
2019-06-28 09:31:10.000000000,100013,309,100009,209,100014,309,100005,209,100030,209,99999,209,100037,209,99993,209,100052,100,99986,100,100054,100,99985,100,100060,100,99980,100,100064,100,99973,100,100071,100,99966,100,100099,100,99964,100
2019-06-28 09:31:20.000000000,100013,287,100009,187,100014,287,100005,187,100030,187,99999,187,100037,187,99993,187,100052,187,99986,187,100054,100,99985,100,100060,100,99980,100,100064,100,99973,100,100071,100,99966,100,100099,100,99964,100
2019-06-28 09:31:30.000000000,100013,287,100009,187,100014,287,100005,187,100030,187,99999,187,100037,187,99993,187,100052,187,99986,187,100054,100,99985,100,100060,100,99980,100,100064,100,99973,100,100071,100,99966,100,100099,100,99964,100
2019-06-28 09:31:40.000000000,100013,418,100009,318,100014,418,100005,318,100030,100,99999,100,100037,100,99993,100,100052,100,99986,100,100054,100,99985,100,100060,100,99980,100,100064,100,99973,100,100071,100,99966,100,100099,100,99964,100
2019-06-28 09:31:50.000000000,100013,309,100009,209,100014,309,100005,209,100030,209,99999,209,100037,209,99993,209,100052,100,99986,100,100054,100,99985,100,100060,100,99980,100,100064,100,99973,100,100071,100,99966,100,100099,100,99964,100
2019-06-28 09:31:54.683600054,100013,209,100009,209,100014,309,100005,209,100030,209,99999,209,100037,209,99993,209,100052,100,99986,100,100054,100,99985,100,100060,100,99980,100,100064,100,99973,100,100071,100,99966,100,100099,100,99964,100
2019-06-28 09:31:55.580546980,100013,109,100009,209,100014,309,100005,209,100030,209,99999,209,100037,209,99993,209,100052,100,99986,100,100054,100,99985,100,100060,100,99980,100,100064,100,99973,100,100071,100,99966,100,100099,100,99964,100
2019-06-28 09:32:00.000000000,100014,418,100009,318,100030,318,100005,318,100037,100,99999,100,100052,100,99993,100,100054,100,99986,100,100060,100,99985,100,100064,100,99980,100,100071,100,99973,100,100099,100,99966,100,100109,100,99964,100
2019-06-28 09:32:08.108365934,100014,318,100009,318,100030,318,100005,318,100052,100,99999,100,100054,100,99993,100,100060,100,99986,100,100064,100,99985,100,100071,100,99980,100,100099,100,99973,100,100109,100,99966,100,100113,100,99964,100
2019-06-28 09:32:10.000000000,100014,536,100009,536,100030,100,100005,100,100052,100,99999,100,100054,100,99993,100,100060,100,99986,100,100064,100,99985,100,100071,100,99980,100,100099,100,99973,100,100109,100,99966,100,100113,100,99964,100
2019-06-28 09:32:20.000000000,100014,318,100009,318,100030,318,100005,318,100052,100,99999,100,100054,100,99993,100,100060,100,99986,100,100064,100,99985,100,100071,100,99980,100,100099,100,99973,100,100109,100,99966,100,100113,100,99964,100
2019-06-28 09:32:30.000000000,100014,209,100009,209,100030,209,100005,209,100052,209,99999,209,100054,209,99993,209,100060,100,99986,100,100064,100,99985,100,100071,100,99980,100,100099,100,99973,100,100109,100,99966,100,100113,100,99964,100
2019-06-28 09:32:38.189394890,100014,209,100009,209,100030,209,100005,209,100052,209,99999,209,100054,209,99993,209,100060,100,99986,100,100064,100,99980,100,100071,100,99973,100,100099,100,99966,100,100109,100,99964,100,100113,100,99953,100
2019-06-28 09:32:40.000000000,100014,187,100009,187,100030,187,100005,187,100052,187,99999,187,100054,187,99993,187,100060,187,99986,187,100064,100,99980,100,100071,100,99973,100,100099,100,99966,100,100109,100,99964,100,100113,100,99953,100
2019-06-28 09:32:48.116205214,100014,187,100009,187,100030,187,100005,187,100052,187,99999,187,100054,187,99993,187,100060,187,99986,187,100064,100,99980,100,100071,100,99973,100,100099,100,99966,100,100109,100,99964,100,100113,100,99953,100
2019-06-28 09:32:50.000000000,100014,248,100009,248,100030,244,100005,244,100052,244,99999,244,100054,100,99993,100,100060,100,99986,100,100064,100,99980,100,100071,100,99973,100,100099,100,99966,100,100109,100,99964,100,100113,100,99953,100
2019-06-28 09:33:00.000000000,100014,318,100009,318,100030,318,100005,318,100052,100,99999,100,100054,100,99993,100,100060,100,99986,100,100064,100,99980,100,100071,100,99973,100,100099,100,99966,100,100109,100,99964,100,100113,100,99953,100
2019-06-28 09:33:07.617861218,100014,318,100013,100,100030,318,100009,318,100052,100,100005,318,100054,100,99999,100,100060,100,99993,100,100064,100,99986,100,100071,100,99980,100,100099,100,99973,100,100109,100,99966,100,100113,100,99964,100
2019-06-28 09:33:10.000000000,100014,536,100013,536,100030,100,100009,100,100052,100,100005,100,100054,100,99999,100,100060,100,99993,100,100064,100,99986,100,100071,100,99980,100,100099,100,99973,100,100109,100,99966,100,100113,100,99964,100
2019-06-28 09:33:11.698884647,100014,436,100013,536,100030,100,100009,100,100052,100,100005,100,100054,100,99999,100,100060,100,99993,100,100064,100,99986,100,100071,100,99980,100,100099,100,99973,100,100109,100,99966,100,100113,100,99964,100
2019-06-28 09:33:11.820413087,100014,336,100013,536,100030,100,100009,100,100052,100,100005,100,100054,100,99999,100,100060,100,99993,100,100064,100,99986,100,100071,100,99980,100,100099,100,99973,100,100109,100,99966,100,100117,100,99964,100
2019-06-28 09:33:18.687712013,100014,336,100013,536,100030,100,100009,100,100052,100,100005,100,100054,100,99999,100,100060,100,99993,100,100064,100,99986,100,100071,100,99980,100,100099,100,99973,100,100109,100,99966,100,100117,100,99964,100
2019-06-28 09:33:20.000000000,100030,536,100013,536,100052,100,100009,100,100054,100,100005,100,100060,100,99999,100,100064,100,99993,100,100071,100,99986,100,100099,100,99980,100,100109,100,99973,100,100117,100,99966,100,100148,100,99964,100
2019-06-28 09:33:30.000000000,100030,318,100013,318,100052,318,100009,318,100054,100,100005,100,100060,100,99999,100,100064,100,99993,100,100071,100,99986,100,100099,100,99980,100,100109,100,99973,100,100117,100,99966,100,100148,100,99964,100
2019-06-28 09:33:36.293731259,100030,218,100013,318,100052,318,100009,318,100054,100,100005,100,100060,100,99999,100,100064,100,99993,100,100071,100,99986,100,100099,100,99980,100,100109,100,99973,100,100117,100,99966,100,100148,100,99964,100
2019-06-28 09:33:40.000000000,100052,318,100013,318,100054,318,100009,318,100060,100,100005,100,100064,100,99999,100,100071,100,99993,100,100099,100,99986,100,100109,100,99980,100,100117,100,99973,100,100148,100,99966,100,100153,100,99964,100
2019-06-28 09:33:48.738125591,100052,318,100013,318,100054,318,100009,318,100060,100,100005,100,100064,100,99999,100,100071,100,99993,100,100099,100,99986,100,100109,100,99980,100,100117,100,99973,100,100148,100,99966,100,100153,100,99964,100
2019-06-28 09:33:50.000000000,100052,209,100013,209,100054,209,100009,209,100060,209,100005,209,100064,209,99999,209,100071,100,99993,100,100099,100,99986,100,100109,100,99980,100,100117,100,99973,100,100148,100,99966,100,100153,100,99964,100
2019-06-28 09:34:00.000000000,100052,187,100013,187,100054,187,100009,187,100060,187,100005,187,100064,187,99999,187,100071,187,99993,187,100099,100,99986,100,100109,100,99980,100,100117,100,99973,100,100148,100,99966,100,100153,100,99964,100
2019-06-28 09:34:10.000000000,100052,536,100013,536,100054,100,100009,100,100060,100,100005,100,100064,100,99999,100,100071,100,99993,100,100099,100,99986,100,100109,100,99980,100,100117,100,99973,100,100148,100,99966,100,100153,100,99964,100
2019-06-28 09:34:20.000000000,100052,209,100013,209,100054,209,100009,209,100060,209,100005,209,100064,209,99999,209,100071,100,99993,100,100099,100,99986,100,100109,100,99980,100,100117,100,99973,100,100148,100,99966,100,100153,100,99964,100
2019-06-28 09:34:30.000000000,100052,536,100013,536,100054,100,100009,100,100060,100,100005,100,100064,100,99999,100,100071,100,99993,100,100099,100,99986,100,100109,100,99980,100,100117,100,99973,100,100148,100,99966,100,100153,100,99964,100
2019-06-28 09:34:33.627193281,100052,536,100013,536,100054,100,100009,100,100060,100,100005,100,100064,100,99999,100,100071,100,99993,100,100099,100,99986,100,100109,100,99980,100,100117,100,99973,100,100148,100,99966,100,100153,100,99964,100
2019-06-28 09:34:40.000000000,100052,536,100013,536,100054,100,100009,100,100060,100,100005,100,100064,100,99999,100,100071,100,99993,100,100099,100,99986,100,100109,100,99980,100,100117,100,99973,100,100148,100,99966,100,100153,100,99964,100
2019-06-28 09:34:42.719660762,100029,100,100013,536,100052,536,100009,100,100054,100,100005,100,100060,100,99999,100,100064,100,99993,100,100071,100,99986,100,100099,100,99980,100,100109,100,99973,100,100117,100,99966,100,100148,100,99964,100
2019-06-28 09:34:50.000000000,100029,209,100013,209,100052,209,100009,209,100054,209,100005,209,100060,209,99999,209,100064,100,99993,100,100071,100,99986,100,100099,100,99980,100,100109,100,99973,100,100117,100,99966,100,100148,100,99964,100
2019-06-28 09:34:51.469656204,100029,209,100013,109,100052,209,100009,209,100054,209,100005,209,100060,209,99999,209,100064,100,99993,100,100071,100,99986,100,100099,100,99980,100,100109,100,99973,100,100117,100,99966,100,100148,100,99964,100
2019-06-28 09:34:59.360626595,100029,209,100013,109,100052,209,100009,209,100054,209,100005,209,100060,209,99999,209,100064,100,99993,100,100071,100,99980,100,100099,100,99973,100,100109,100,99966,100,100117,100,99964,100,100148,100,99953,100
2019-06-28 09:34:59.847133521,100029,209,100013,9,100052,209,100009,209,100054,209,100005,209,100060,209,99999,209,100064,100,99993,100,100071,100,99980,100,100099,100,99973,100,100109,100,99966,100,100117,100,99964,100,100148,100,99953,100
2019-06-28 09:35:00.000000000,100029,187,100009,187,100052,187,100005,187,100054,187,99999,187,100060,187,99993,187,100064,187,99980,187,100071,100,99973,100,100099,100,99966,100,100109,100,99964,100,100117,100,99953,100,100148,100,99940,100
2019-06-28 09:35:10.000000000,100029,209,100009,209,100052,209,100005,209,100054,209,99999,209,100060,209,99993,209,100064,100,99980,100,100071,100,99973,100,100099,100,99966,100,100109,100,99964,100,100117,100,99953,100,100148,100,99940,100
2019-06-28 09:35:17.973716923,100029,209,100009,109,100052,209,100005,209,100054,209,99999,209,100060,209,99993,209,100064,100,99980,100,100071,100,99973,100,100099,100,99966,100,100109,100,99964,100,100117,100,99953,100,100153,100,99940,100
2019-06-28 09:35:20.000000000,100029,187,100005,187,100052,187,99999,187,100054,187,99993,187,100060,187,99980,187,100064,187,99973,187,100071,100,99966,100,100099,100,99964,100,100109,100,99953,100,100117,100,99940,100,100153,100,99908,100
2019-06-28 09:35:30.000000000,100029,209,100005,209,100052,209,99999,209,100054,209,99993,209,100060,209,99980,209,100064,100,99973,100,100071,100,99966,100,100099,100,99964,100,100109,100,99953,100,100117,100,99940,100,100153,100,99908,100
2019-06-28 09:35:35.488122991,100013,100,100005,209,100029,209,99999,209,100052,209,99993,209,100054,209,99980,209,100060,209,99973,100,100064,100,99966,100,100071,100,99964,100,100099,100,99953,100,100109,100,99940,100,100117,100,99908,100
2019-06-28 09:35:37.438279290,100013,100,100005,109,100029,209,99999,209,100052,209,99993,209,100054,209,99980,209,100060,209,99973,100,100064,100,99966,100,100071,100,99964,100,100099,100,99953,100,100109,100,99940,100,100117,100,99900,100
2019-06-28 09:35:40.000000000,100013,209,99999,209,100029,209,99993,209,100052,209,99980,209,100054,209,99973,209,100060,100,99966,100,100064,100,99964,100,100071,100,99953,100,100099,100,99940,100,100109,100,99900,100,100117,100,99899,100
2019-06-28 09:35:50.000000000,100013,536,99999,536,100029,100,99993,100,100052,100,99980,100,100054,100,99973,100,100060,100,99966,100,100064,100,99964,100,100071,100,99953,100,100099,100,99940,100,100109,100,99900,100,100117,100,99899,100
2019-06-28 09:36:00.000000000,100013,187,99999,187,100029,187,99993,187,100052,187,99980,187,100054,187,99973,187,100060,187,99966,187,100064,100,99964,100,100071,100,99953,100,100099,100,99940,100,100109,100,99900,100,100117,100,99899,100
2019-06-28 09:36:10.000000000,100013,209,99999,209,100029,209,99993,209,100052,209,99980,209,100054,209,99973,209,100060,100,99966,100,100064,100,99964,100,100071,100,99953,100,100099,100,99940,100,100109,100,99900,100,100117,100,99899,100
2019-06-28 09:36:10.104602012,100013,209,99999,109,100029,209,99993,209,100052,209,99980,209,100054,209,99973,209,100060,100,99966,100,100064,100,99964,100,100071,100,99953,100,100099,100,99940,100,100109,100,99900,100,100153,100,99899,100
2019-06-28 09:36:14.189506001,100013,209,99999,9,100029,209,99993,209,100052,209,99980,209,100054,209,99973,209,100060,100,99966,100,100064,100,99964,100,100071,100,99953,100,100099,100,99940,100,100109,100,99900,100,100153,100,99899,100
2019-06-28 09:36:20.000000000,100013,536,99993,536,100029,100,99980,100,100052,100,99973,100,100054,100,99966,100,100060,100,99964,100,100064,100,99953,100,100071,100,99940,100,100099,100,99900,100,100109,100,99899,100,100153,100,99887,100
2019-06-28 09:36:28.403439677,100013,536,99993,536,100029,100,99980,100,100052,100,99973,100,100054,100,99966,100,100060,100,99964,100,100064,100,99953,100,100071,100,99940,100,100099,100,99900,100,100109,100,99899,100,100153,100,99887,100
2019-06-28 09:36:30.000000000,100013,536,99993,536,100029,100,99980,100,100052,100,99973,100,100054,100,99966,100,100060,100,99964,100,100064,100,99953,100,100071,100,99940,100,100099,100,99900,100,100109,100,99899,100,100153,100,99887,100
2019-06-28 09:36:40.000000000,100013,187,99993,187,100029,187,99980,187,100052,187,99973,187,100054,187,99966,187,100060,187,99964,187,100064,100,99953,100,100071,100,99940,100,100099,100,99900,100,100109,100,99899,100,100153,100,99887,100
2019-06-28 09:36:43.775963934,100013,187,99993,187,100029,187,99980,187,100052,187,99973,187,100054,187,99966,187,100060,187,99964,187,100064,100,99953,100,100071,100,99940,100,100099,100,99900,100,100109,100,99899,100,100153,100,99887,100
2019-06-28 09:36:50.000000000,100013,187,99993,187,100029,187,99980,187,100052,187,99973,187,100054,187,99966,187,100060,187,99964,187,100064,100,99953,100,100071,100,99940,100,100099,100,99900,100,100109,100,99899,100,100153,100,99887,100
2019-06-28 09:37:00.000000000,100013,187,99993,187,100029,187,99980,187,100052,187,99973,187,100054,187,99966,187,100060,187,99964,187,100064,100,99953,100,100071,100,99940,100,100099,100,99900,100,100109,100,99899,100,100153,100,99887,100
2019-06-28 09:37:10.000000000,100013,248,99993,248,100029,244,99980,244,100052,244,99973,244,100054,100,99966,100,100060,100,99964,100,100064,100,99953,100,100071,100,99940,100,100099,100,99900,100,100109,100,99899,100,100153,100,99887,100
2019-06-28 09:37:20.000000000,100013,248,99993,248,100029,244,99980,244,100052,244,99973,244,100054,100,99966,100,100060,100,99964,100,100064,100,99953,100,100071,100,99940,100,100099,100,99900,100,100109,100,99899,100,100153,100,99887,100
2019-06-28 09:37:30.000000000,100013,209,99993,209,100029,209,99980,209,100052,209,99973,209,100054,209,99966,209,100060,100,99964,100,100064,100,99953,100,100071,100,99940,100,100099,100,99900,100,100109,100,99899,100,100153,100,99887,100
2019-06-28 09:37:35.915906089,100013,209,99993,209,100029,209,99980,209,100052,209,99973,209,100054,209,99966,209,100060,100,99964,100,100064,100,99953,100,100071,100,99941,100,100099,100,99940,100,100109,100,99900,100,100153,100,99899,100
2019-06-28 09:37:40.000000000,100013,187,99993,187,100029,187,99980,187,100052,187,99973,187,100054,187,99966,187,100060,187,99964,187,100064,100,99953,100,100071,100,99941,100,100099,100,99940,100,100109,100,99900,100,100153,100,99899,100
2019-06-28 09:37:47.889270936,100013,187,99993,187,100029,187,99980,87,100052,187,99973,187,100054,187,99966,187,100060,187,99964,187,100064,100,99953,100,100071,100,99941,100,100099,100,99940,100,100109,100,99900,100,100147,100,99899,100
2019-06-28 09:37:50.000000000,100013,536,99993,536,100029,100,99973,100,100052,100,99966,100,100054,100,99964,100,100060,100,99953,100,100064,100,99941,100,100071,100,99940,100,100099,100,99900,100,100109,100,99899,100,100147,100,99887,100
2019-06-28 09:38:00.000000000,100013,318,99993,318,100029,318,99973,318,100052,100,99966,100,100054,100,99964,100,100060,100,99953,100,100064,100,99941,100,100071,100,99940,100,100099,100,99900,100,100109,100,99899,100,100147,100,99887,100
2019-06-28 09:38:03.934489739,100013,318,99993,318,100029,318,99973,318,100052,100,99966,100,100054,100,99964,100,100060,100,99953,100,100064,100,99941,100,100071,100,99940,100,100099,100,99900,100,100109,100,99899,100,100147,100,99887,100
2019-06-28 09:38:10.000000000,100013,187,99993,187,100029,187,99973,187,100052,187,99966,187,100054,187,99964,187,100060,187,99953,187,100064,100,99941,100,100071,100,99940,100,100099,100,99900,100,100109,100,99899,100,100147,100,99887,100
2019-06-28 09:38:18.775548201,100013,87,99993,187,100029,187,99973,187,100052,187,99966,187,100054,187,99964,187,100060,187,99953,187,100064,100,99941,100,100071,100,99940,100,100099,100,99900,100,100109,100,99899,100,100147,100,99887,100
2019-06-28 09:38:20.000000000,100029,209,99993,209,100052,209,99973,209,100054,209,99966,209,100060,209,99964,209,100064,100,99953,100,100071,100,99941,100,100099,100,99940,100,100109,100,99900,100,100147,100,99899,100,100154,100,99887,100
2019-06-28 09:38:20.771247308,100029,209,99993,209,100052,209,99973,209,100054,209,99966,209,100060,209,99964,209,100064,100,99953,100,100071,100,99941,100,100099,100,99940,100,100109,100,99900,100,100147,100,99899,100,100154,100,99887,100
2019-06-28 09:38:26.586972341,100029,209,99993,209,100052,209,99973,209,100054,209,99966,209,100060,209,99964,209,100064,100,99953,100,100071,100,99941,100,100099,100,99940,100,100109,100,99900,100,100145,100,99899,100,100147,100,99887,100
2019-06-28 09:38:30.000000000,100029,318,99993,318,100052,318,99973,318,100054,100,99966,100,100060,100,99964,100,100064,100,99953,100,100071,100,99941,100,100099,100,99940,100,100109,100,99900,100,100145,100,99899,100,100147,100,99887,100
2019-06-28 09:38:40.000000000,100029,209,99993,209,100052,209,99973,209,100054,209,99966,209,100060,209,99964,209,100064,100,99953,100,100071,100,99941,100,100099,100,99940,100,100109,100,99900,100,100145,100,99899,100,100147,100,99887,100
2019-06-28 09:38:50.000000000,100029,536,99993,536,100052,100,99973,100,100054,100,99966,100,100060,100,99964,100,100064,100,99953,100,100071,100,99941,100,100099,100,99940,100,100109,100,99900,100,100145,100,99899,100,100147,100,99887,100
2019-06-28 09:38:50.503770333,100029,436,99993,536,100052,100,99973,100,100054,100,99966,100,100060,100,99964,100,100064,100,99953,100,100071,100,99941,100,100099,100,99940,100,100109,100,99900,100,100145,100,99899,100,100147,100,99887,100
2019-06-28 09:39:00.000000000,100052,209,99993,209,100054,209,99973,209,100060,209,99966,209,100064,209,99964,209,100071,100,99953,100,100099,100,99941,100,100109,100,99940,100,100145,100,99900,100,100147,100,99899,100,100154,100,99887,100
2019-06-28 09:39:02.565235016,100052,209,99993,209,100054,209,99973,209,100060,209,99966,209,100064,209,99964,209,100071,100,99953,100,100099,100,99941,100,100109,100,99940,100,100145,100,99900,100,100154,100,99899,100,100185,100,99887,100
2019-06-28 09:39:10.000000000,100052,248,99993,248,100054,244,99973,244,100060,244,99966,244,100064,100,99964,100,100071,100,99953,100,100099,100,99941,100,100109,100,99940,100,100145,100,99900,100,100154,100,99899,100,100185,100,99887,100
2019-06-28 09:39:11.828704877,100048,100,99993,248,100052,248,99973,244,100054,244,99966,244,100060,244,99964,100,100064,100,99953,100,100071,100,99941,100,100099,100,99940,100,100109,100,99900,100,100145,100,99899,100,100154,100,99887,100
2019-06-28 09:39:20.000000000,100048,187,99993,187,100052,187,99973,187,100054,187,99966,187,100060,187,99964,187,100064,187,99953,187,100071,100,99941,100,100099,100,99940,100,100109,100,99900,100,100145,100,99899,100,100154,100,99887,100
2019-06-28 09:39:30.000000000,100048,187,99993,187,100052,187,99973,187,100054,187,99966,187,100060,187,99964,187,100064,187,99953,187,100071,100,99941,100,100099,100,99940,100,100109,100,99900,100,100145,100,99899,100,100154,100,99887,100
2019-06-28 09:39:40.000000000,100048,248,99993,248,100052,244,99973,244,100054,244,99966,244,100060,100,99964,100,100064,100,99953,100,100071,100,99941,100,100099,100,99940,100,100109,100,99900,100,100145,100,99899,100,100154,100,99887,100
2019-06-28 09:39:49.084180454,100048,248,99993,248,100052,244,99973,244,100054,244,99966,244,100060,100,99964,100,100064,100,99953,100,100071,100,99941,100,100099,100,99940,100,100109,100,99900,100,100145,100,99899,100,100154,100,99872,100
2019-06-28 09:39:50.000000000,100048,248,99993,248,100052,244,99973,244,100054,244,99966,244,100060,100,99964,100,100064,100,99953,100,100071,100,99941,100,100099,100,99940,100,100109,100,99900,100,100145,100,99899,100,100154,100,99872,100
2019-06-28 09:39:52.781762658,100048,248,99993,148,100052,244,99973,244,100054,244,99966,244,100060,100,99964,100,100064,100,99953,100,100071,100,99941,100,100099,100,99940,100,100109,100,99900,100,100145,100,99899,100,100154,100,99872,100
2019-06-28 09:40:00.000000000,100048,318,99973,318,100052,318,99966,318,100054,100,99964,100,100060,100,99953,100,100064,100,99941,100,100071,100,99940,100,100099,100,99900,100,100109,100,99899,100,100145,100,99872,100,100154,100,99852,100
2019-06-28 09:40:07.549906484,100028,100,99973,318,100048,318,99966,318,100052,318,99964,100,100054,100,99953,100,100060,100,99941,100,100064,100,99940,100,100071,100,99900,100,100099,100,99899,100,100109,100,99872,100,100145,100,99852,100
2019-06-28 09:40:09.777389930,100028,100,99973,218,100048,318,99966,318,100052,318,99964,100,100054,100,99953,100,100060,100,99941,100,100064,100,99940,100,100071,100,99900,100,100099,100,99899,100,100109,100,99872,100,100154,100,99852,100
2019-06-28 09:40:10.000000000,100028,209,99966,209,100048,209,99964,209,100052,209,99953,209,100054,209,99941,209,100060,100,99940,100,100064,100,99900,100,100071,100,99899,100,100099,100,99872,100,100109,100,99852,100,100154,100,99815,100
2019-06-28 09:40:20.000000000,100028,209,99966,209,100048,209,99964,209,100052,209,99953,209,100054,209,99941,209,100060,100,99940,100,100064,100,99900,100,100071,100,99899,100,100099,100,99872,100,100109,100,99852,100,100154,100,99815,100
2019-06-28 09:40:30.000000000,100028,187,99966,187,100048,187,99964,187,100052,187,99953,187,100054,187,99941,187,100060,187,99940,187,100064,100,99900,100,100071,100,99899,100,100099,100,99872,100,100109,100,99852,100,100154,100,99815,100
2019-06-28 09:40:34.476887987,99993,100,99966,187,100028,187,99964,187,100048,187,99953,187,100052,187,99941,187,100054,187,99940,187,100060,187,99900,100,100064,100,99899,100,100071,100,99872,100,100099,100,99852,100,100109,100,99815,100
2019-06-28 09:40:40.000000000,99993,536,99966,536,100028,100,99964,100,100048,100,99953,100,100052,100,99941,100,100054,100,99940,100,100060,100,99900,100,100064,100,99899,100,100071,100,99872,100,100099,100,99852,100,100109,100,99815,100
2019-06-28 09:40:50.000000000,99993,318,99966,318,100028,318,99964,318,100048,100,99953,100,100052,100,99941,100,100054,100,99940,100,100060,100,99900,100,100064,100,99899,100,100071,100,99872,100,100099,100,99852,100,100109,100,99815,100
2019-06-28 09:41:00.000000000,99993,318,99966,318,100028,318,99964,318,100048,100,99953,100,100052,100,99941,100,100054,100,99940,100,100060,100,99900,100,100064,100,99899,100,100071,100,99872,100,100099,100,99852,100,100109,100,99815,100
2019-06-28 09:41:01.857509406,99993,318,99966,318,100028,318,99964,318,100048,100,99953,100,100052,100,99941,100,100054,100,99940,100,100060,100,99900,100,100064,100,99899,100,100071,100,99872,100,100099,100,99852,100,100109,100,99815,100
2019-06-28 09:41:05.523487596,99993,318,99966,318,100028,318,99964,318,100048,100,99953,100,100049,100,99941,100,100052,100,99940,100,100054,100,99900,100,100060,100,99899,100,100064,100,99872,100,100071,100,99852,100,100099,100,99815,100
2019-06-28 09:41:07.341439851,99993,418,99966,318,100028,318,99964,318,100048,100,99953,100,100049,100,99941,100,100052,100,99940,100,100054,100,99900,100,100060,100,99899,100,100064,100,99872,100,100071,100,99852,100,100099,100,99815,100
2019-06-28 09:41:08.031387025,99993,418,99966,218,100028,318,99964,318,100048,100,99953,100,100049,100,99941,100,100052,100,99940,100,100054,100,99900,100,100060,100,99899,100,100064,100,99872,100,100071,100,99852,100,100099,100,99815,100
2019-06-28 09:41:10.000000000,99993,309,99964,209,100028,209,99953,209,100048,209,99941,209,100049,209,99940,209,100052,100,99900,100,100054,100,99899,100,100060,100,99872,100,100064,100,99852,100,100071,100,99815,100,100099,100,99750,100
2019-06-28 09:41:20.000000000,99993,287,99964,187,100028,187,99953,187,100048,187,99941,187,100049,187,99940,187,100052,187,99900,187,100054,100,99899,100,100060,100,99872,100,100064,100,99852,100,100071,100,99815,100,100099,100,99750,100
2019-06-28 09:41:21.952712365,99993,187,99964,187,100028,187,99953,187,100048,187,99941,187,100049,187,99940,187,100052,187,99900,187,100054,100,99899,100,100060,100,99872,100,100064,100,99852,100,100071,100,99815,100,100099,100,99750,100
2019-06-28 09:41:25.109341602,99993,187,99964,187,100028,187,99953,187,100048,187,99941,187,100049,187,99940,187,100052,187,99900,187,100054,100,99899,100,100060,100,99872,100,100064,100,99852,100,100099,100,99815,100,100109,100,99750,100
2019-06-28 09:41:30.000000000,99993,187,99964,187,100028,187,99953,187,100048,187,99941,187,100049,187,99940,187,100052,187,99900,187,100054,100,99899,100,100060,100,99872,100,100064,100,99852,100,100099,100,99815,100,100109,100,99750,100
2019-06-28 09:41:30.912883275,99993,187,99964,87,100028,187,99953,187,100048,187,99941,187,100049,187,99940,187,100052,187,99900,187,100054,100,99899,100,100060,100,99872,100,100064,100,99852,100,100099,100,99815,100,100109,100,99750,100
2019-06-28 09:41:40.000000000,99993,536,99953,536,100028,100,99941,100,100048,100,99940,100,100049,100,99900,100,100052,100,99899,100,100054,100,99872,100,100060,100,99852,100,100064,100,99815,100,100099,100,99750,100,100109,100,99652,100
2019-06-28 09:41:50.000000000,99993,318,99953,318,100028,318,99941,318,100048,100,99940,100,100049,100,99900,100,100052,100,99899,100,100054,100,99872,100,100060,100,99852,100,100064,100,99815,100,100099,100,99750,100,100109,100,99652,100
2019-06-28 09:42:00.000000000,99993,318,99953,318,100028,318,99941,318,100048,100,99940,100,100049,100,99900,100,100052,100,99899,100,100054,100,99872,100,100060,100,99852,100,100064,100,99815,100,100099,100,99750,100,100109,100,99652,100
2019-06-28 09:42:03.741434481,99993,318,99953,318,100028,318,99941,318,100048,100,99940,100,100049,100,99900,100,100052,100,99899,100,100054,100,99872,100,100060,100,99852,100,100064,100,99815,100,100099,100,99750,100,100109,100,99652,100
2019-06-28 09:42:05.584953560,99993,318,99953,218,100028,318,99941,318,100048,100,99940,100,100049,100,99900,100,100052,100,99899,100,100054,100,99872,100,100060,100,99852,100,100064,100,99815,100,100099,100,99750,100,100109,100,99632,100
2019-06-28 09:42:10.000000000,99993,536,99941,536,100028,100,99940,100,100048,100,99900,100,100049,100,99899,100,100052,100,99872,100,100054,100,99852,100,100060,100,99815,100,100064,100,99750,100,100099,100,99632,100,100109,100,99516,100
2019-06-28 09:42:20.000000000,99993,187,99941,187,100028,187,99940,187,100048,187,99900,187,100049,187,99899,187,100052,187,99872,187,100054,100,99852,100,100060,100,99815,100,100064,100,99750,100,100099,100,99632,100,100109,100,99516,100
2019-06-28 09:42:30.000000000,99993,536,99941,536,100028,100,99940,100,100048,100,99900,100,100049,100,99899,100,100052,100,99872,100,100054,100,99852,100,100060,100,99815,100,100064,100,99750,100,100099,100,99632,100,100109,100,99516,100
2019-06-28 09:42:40.000000000,99993,536,99941,536,100028,100,99940,100,100048,100,99900,100,100049,100,99899,100,100052,100,99872,100,100054,100,99852,100,100060,100,99815,100,100064,100,99750,100,100099,100,99632,100,100109,100,99516,100
2019-06-28 09:42:45.061319906,99993,536,99941,436,100028,100,99940,100,100048,100,99900,100,100049,100,99899,100,100052,100,99872,100,100054,100,99852,100,100060,100,99815,100,100064,100,99750,100,100099,100,99632,100,100109,100,99516,100
2019-06-28 09:42:50.000000000,99993,318,99940,318,100028,318,99900,318,100048,100,99899,100,100049,100,99872,100,100052,100,99852,100,100054,100,99815,100,100060,100,99750,100,100064,100,99632,100,100099,100,99516,100,100109,100,99378,100
2019-06-28 09:42:52.363681620,99993,318,99940,318,100028,318,99900,218,100048,100,99899,100,100049,100,99872,100,100052,100,99852,100,100054,100,99815,100,100060,100,99768,100,100064,100,99750,100,100099,100,99632,100,100109,100,99516,100
2019-06-28 09:42:56.081101448,99993,318,99940,218,100028,318,99900,218,100048,100,99899,100,100049,100,99872,100,100052,100,99852,100,100054,100,99815,100,100060,100,99768,100,100064,100,99750,100,100099,100,99632,100,100109,100,99516,100
2019-06-28 09:43:00.000000000,99993,536,99899,536,100028,100,99872,100,100048,100,99852,100,100049,100,99815,100,100052,100,99768,100,100054,100,99750,100,100060,100,99632,100,100064,100,99516,100,100099,100,99378,100,100109,100,,
2019-06-28 09:43:10.000000000,99993,187,99899,187,100028,187,99872,187,100048,187,99852,187,100049,187,99815,187,100052,187,99768,187,100054,100,99750,100,100060,100,99632,100,100064,100,99516,100,100099,100,99378,100,100109,100,,
2019-06-28 09:43:19.982894328,99993,187,99899,87,100028,187,99872,187,100048,187,99852,187,100049,187,99815,187,100052,187,99768,187,100054,100,99750,100,100060,100,99632,100,100064,100,99516,100,100099,100,99378,100,100109,100,,
2019-06-28 09:43:20.000000000,99993,209,99872,209,100028,209,99852,209,100048,209,99815,209,100049,209,99768,209,100052,100,99750,100,100054,100,99632,100,100060,100,99516,100,100064,100,99378,100,100099,100,,,100109,100,,
2019-06-28 09:43:30.000000000,99993,536,99872,536,100028,100,99852,100,100048,100,99815,100,100049,100,99768,100,100052,100,99750,100,100054,100,99632,100,100060,100,99516,100,100064,100,99378,100,100099,100,,,100109,100,,
2019-06-28 09:43:40.000000000,99993,318,99872,318,100028,318,99852,318,100048,100,99815,100,100049,100,99768,100,100052,100,99750,100,100054,100,99632,100,100060,100,99516,100,100064,100,99378,100,100099,100,,,100109,100,,
2019-06-28 09:43:50.000000000,99993,536,99872,536,100028,100,99852,100,100048,100,99815,100,100049,100,99768,100,100052,100,99750,100,100054,100,99632,100,100060,100,99516,100,100064,100,99378,100,100099,100,,,100109,100,,
2019-06-28 09:43:58.610990114,99926,100,99872,536,99993,536,99852,100,100028,100,99815,100,100048,100,99768,100,100049,100,99750,100,100052,100,99632,100,100054,100,99516,100,100060,100,99378,100,100064,100,,,100099,100,,
2019-06-28 09:44:00.000000000,99926,187,99872,187,99993,187,99852,187,100028,187,99815,187,100048,187,99768,187,100049,187,99750,187,100052,100,99632,100,100054,100,99516,100,100060,100,99378,100,100064,100,,,100099,100,,
2019-06-28 09:44:02.587134001,99926,187,99872,187,99993,187,99852,187,100028,187,99815,187,100048,187,99768,187,100049,187,99750,187,100052,100,99632,100,100054,100,99516,100,100060,100,99378,100,100064,100,,,100099,100,,
2019-06-28 09:44:10.000000000,99926,318,99872,318,99993,318,99852,318,100028,100,99815,100,100048,100,99768,100,100049,100,99750,100,100052,100,99632,100,100054,100,99516,100,100060,100,99378,100,100064,100,,,100099,100,,
2019-06-28 09:44:10.590058808,99926,318,99872,318,99990,100,99852,318,99993,318,99815,100,100028,100,99768,100,100048,100,99750,100,100049,100,99632,100,100052,100,99516,100,100054,100,99378,100,100060,100,,,100064,100,,
2019-06-28 09:44:20.000000000,99926,209,99872,209,99990,209,99852,209,99993,209,99815,209,100028,209,99768,209,100048,100,99750,100,100049,100,99632,100,100052,100,99516,100,100054,100,99378,100,100060,100,,,100064,100,,
2019-06-28 09:44:20.581705326,99926,209,99872,209,99940,100,99852,209,99990,209,99815,209,99993,209,99768,209,100028,209,99750,100,100048,100,99632,100,100049,100,99516,100,100052,100,99378,100,100054,100,,,100060,100,,
2019-06-28 09:44:30.000000000,99926,318,99872,318,99940,318,99852,318,99990,100,99815,100,99993,100,99768,100,100028,100,99750,100,100048,100,99632,100,100049,100,99516,100,100052,100,99378,100,100054,100,,,100060,100,,
2019-06-28 09:44:40.000000000,99926,187,99872,187,99940,187,99852,187,99990,187,99815,187,99993,187,99768,187,100028,187,99750,187,100048,100,99632,100,100049,100,99516,100,100052,100,99378,100,100054,100,,,100060,100,,
2019-06-28 09:44:50.000000000,99926,209,99872,209,99940,209,99852,209,99990,209,99815,209,99993,209,99768,209,100028,100,99750,100,100048,100,99632,100,100049,100,99516,100,100052,100,99378,100,100054,100,,,100060,100,,
2019-06-28 09:45:00.000000000,99926,248,99872,248,99940,244,99852,244,99990,244,99815,244,99993,100,99768,100,100028,100,99750,100,100048,100,99632,100,100049,100,99516,100,100052,100,99378,100,100054,100,,,100060,100,,
2019-06-28 09:45:05.708056425,99926,248,99872,248,99940,244,99852,244,99960,100,99815,244,99990,244,99768,100,99993,100,99750,100,100028,100,99632,100,100048,100,99516,100,100049,100,99378,100,100052,100,,,100054,100,,
2019-06-28 09:45:10.000000000,99926,248,99872,248,99940,244,99852,244,99960,244,99815,244,99990,100,99768,100,99993,100,99750,100,100028,100,99632,100,100048,100,99516,100,100049,100,99378,100,100052,100,,,100054,100,,
2019-06-28 09:45:15.509822723,99926,248,99872,248,99940,344,99852,244,99960,244,99815,244,99990,100,99768,100,99993,100,99750,100,100028,100,99632,100,100048,100,99516,100,100049,100,99378,100,100052,100,,,100054,100,,
2019-06-28 09:45:16.220230884,99926,248,99872,148,99940,344,99852,244,99960,244,99815,244,99990,100,99768,100,99993,100,99750,100,100028,100,99632,100,100048,100,99516,100,100049,100,99378,100,100052,100,,,100054,100,,
2019-06-28 09:45:20.000000000,99926,209,99852,209,99940,309,99815,209,99960,209,99768,209,99990,209,99750,209,99993,100,99632,100,100028,100,99516,100,100048,100,99378,100,100049,100,,,100052,100,,,100054,100,,
2019-06-28 09:45:30.000000000,99926,248,99852,248,99940,344,99815,244,99960,244,99768,244,99990,100,99750,100,99993,100,99632,100,100028,100,99516,100,100048,100,99378,100,100049,100,,,100052,100,,,100054,100,,
2019-06-28 09:45:36.590576534,99910,100,99852,248,99926,248,99815,244,99940,344,99768,244,99960,244,99750,100,99990,100,99632,100,99993,100,99516,100,100028,100,99378,100,100048,100,,,100049,100,,,100052,100,,
2019-06-28 09:45:39.322034978,99910,100,99900,100,99926,248,99852,248,99940,344,99815,244,99960,244,99768,244,99990,100,99750,100,99993,100,99632,100,100028,100,99516,100,100048,100,99378,100,100049,100,,,100052,100,,
2019-06-28 09:45:40.000000000,99910,536,99900,536,99926,100,99852,100,99940,200,99815,100,99960,100,99768,100,99990,100,99750,100,99993,100,99632,100,100028,100,99516,100,100048,100,99378,100,100049,100,,,100052,100,,
2019-06-28 09:45:42.117036822,99910,436,99900,536,99926,100,99852,100,99940,200,99815,100,99960,100,99768,100,99990,100,99750,100,99993,100,99632,100,100028,100,99516,100,100048,100,99378,100,100049,100,,,100052,100,,
2019-06-28 09:45:50.000000000,99926,209,99900,209,99940,309,99852,209,99960,209,99815,209,99990,209,99768,209,99993,100,99750,100,100028,100,99632,100,100048,100,99516,100,100049,100,99378,100,100052,100,,,100054,100,,
2019-06-28 09:46:00.000000000,99926,536,99900,536,99940,200,99852,100,99960,100,99815,100,99990,100,99768,100,99993,100,99750,100,100028,100,99632,100,100048,100,99516,100,100049,100,99378,100,100052,100,,,100054,100,,
2019-06-28 09:46:10.000000000,99926,248,99900,248,99940,344,99852,244,99960,244,99815,244,99990,100,99768,100,99993,100,99750,100,100028,100,99632,100,100048,100,99516,100,100049,100,99378,100,100052,100,,,100054,100,,
2019-06-28 09:46:20.000000000,99926,187,99900,187,99940,287,99852,187,99960,187,99815,187,99990,187,99768,187,99993,187,99750,187,100028,100,99632,100,100048,100,99516,100,100049,100,99378,100,100052,100,,,100054,100,,
2019-06-28 09:46:25.452816453,99926,187,99900,187,99940,287,99852,187,99960,187,99815,187,99990,187,99768,187,99993,187,99750,187,100028,100,99632,100,100041,100,99516,100,100048,100,99378,100,100049,100,,,100052,100,,
2019-06-28 09:46:26.343393597,99926,187,99900,87,99940,287,99852,187,99960,187,99815,187,99990,187,99768,187,99993,187,99750,187,100028,100,99632,100,100041,100,99516,100,100048,100,99378,100,100049,100,,,100052,100,,
2019-06-28 09:46:30.000000000,99926,248,99852,248,99940,344,99815,244,99960,244,99768,244,99990,100,99750,100,99993,100,99632,100,100028,100,99516,100,100041,100,99378,100,100048,100,,,100049,100,,,100052,100,,
2019-06-28 09:46:40.000000000,99926,187,99852,187,99940,287,99815,187,99960,187,99768,187,99990,187,99750,187,99993,187,99632,187,100028,100,99516,100,100041,100,99378,100,100048,100,,,100049,100,,,100052,100,,
2019-06-28 09:46:46.963210457,99926,187,99852,87,99940,287,99815,187,99960,187,99768,187,99990,187,99750,187,99993,187,99632,187,100028,100,99516,100,100041,100,99378,100,100049,100,,,100052,100,,,100064,100,,
2019-06-28 09:46:50.000000000,99926,187,99815,187,99940,287,99768,187,99960,187,99750,187,99990,187,99632,187,99993,187,99516,187,100028,100,99378,100,100041,100,,,100049,100,,,100052,100,,,100064,100,,
2019-06-28 09:47:00.000000000,99926,187,99815,187,99940,287,99768,187,99960,187,99750,187,99990,187,99632,187,99993,187,99516,187,100028,100,99378,100,100041,100,,,100049,100,,,100052,100,,,100064,100,,
2019-06-28 09:47:00.352736898,99926,187,99815,87,99940,287,99768,187,99960,187,99750,187,99990,187,99632,187,99993,187,99516,187,100028,100,99378,100,100041,100,,,100049,100,,,100052,100,,,100064,100,,
2019-06-28 09:47:08.319218734,99852,100,99815,87,99926,187,99768,187,99940,287,99750,187,99960,187,99632,187,99990,187,99516,187,99993,187,99378,100,100028,100,,,100041,100,,,100049,100,,,100052,100,,
2019-06-28 09:47:10.000000000,99852,209,99768,209,99926,209,99750,209,99940,309,99632,209,99960,209,99516,209,99990,100,99378,100,99993,100,,,100028,100,,,100041,100,,,100049,100,,,100052,100,,
2019-06-28 09:47:20.000000000,99852,318,99768,318,99926,318,99750,318,99940,200,99632,100,99960,100,99516,100,99990,100,99378,100,99993,100,,,100028,100,,,100041,100,,,100049,100,,,100052,100,,
2019-06-28 09:47:24.966220801,99852,218,99768,318,99926,318,99750,318,99940,200,99632,100,99960,100,99516,100,99990,100,99378,100,99993,100,,,100028,100,,,100041,100,,,100049,100,,,100052,100,,
2019-06-28 09:47:27.454597258,99852,218,99768,318,99926,318,99750,318,99940,200,99632,100,99960,100,99516,100,99990,100,99378,100,99993,100,99145,100,100028,100,,,100041,100,,,100049,100,,,100052,100,,
2019-06-28 09:47:30.000000000,99926,536,99768,536,99940,200,99750,100,99960,100,99632,100,99990,100,99516,100,99993,100,99378,100,100028,100,99145,100,100041,100,,,100049,100,,,100052,100,,,100064,100,,
2019-06-28 09:47:40.000000000,99926,248,99768,248,99940,344,99750,244,99960,244,99632,244,99990,100,99516,100,99993,100,99378,100,100028,100,99145,100,100041,100,,,100049,100,,,100052,100,,,100064,100,,
2019-06-28 09:47:50.000000000,99926,536,99768,536,99940,200,99750,100,99960,100,99632,100,99990,100,99516,100,99993,100,99378,100,100028,100,99145,100,100041,100,,,100049,100,,,100052,100,,,100064,100,,
2019-06-28 09:48:00.000000000,99926,536,99768,536,99940,200,99750,100,99960,100,99632,100,99990,100,99516,100,99993,100,99378,100,100028,100,99145,100,100041,100,,,100049,100,,,100052,100,,,100064,100,,
2019-06-28 09:48:10.000000000,99926,318,99768,318,99940,418,99750,318,99960,100,99632,100,99990,100,99516,100,99993,100,99378,100,100028,100,99145,100,100041,100,,,100049,100,,,100052,100,,,100064,100,,
2019-06-28 09:48:20.000000000,99926,209,99768,209,99940,309,99750,209,99960,209,99632,209,99990,209,99516,209,99993,100,99378,100,100028,100,99145,100,100041,100,,,100049,100,,,100052,100,,,100064,100,,
2019-06-28 09:48:21.843725331,99926,209,99768,209,99940,309,99750,209,99960,209,99632,209,99990,209,99516,209,99993,100,99378,100,100028,100,99145,100,100041,100,,,100049,100,,,100052,100,,,100064,100,,
2019-06-28 09:48:30.000000000,99926,536,99768,536,99940,200,99750,100,99960,100,99632,100,99990,100,99516,100,99993,100,99378,100,100028,100,99145,100,100041,100,,,100049,100,,,100052,100,,,100064,100,,
2019-06-28 09:48:40.000000000,99926,209,99768,209,99940,309,99750,209,99960,209,99632,209,99990,209,99516,209,99993,100,99378,100,100028,100,99145,100,100041,100,,,100049,100,,,100052,100,,,100064,100,,
2019-06-28 09:48:43.182143249,99926,209,99768,209,99940,309,99750,209,99960,209,99632,209,99985,100,99516,209,99990,209,99378,100,99993,100,99145,100,100028,100,,,100041,100,,,100049,100,,,100052,100,,
2019-06-28 09:48:50.000000000,99926,209,99768,209,99940,309,99750,209,99960,209,99632,209,99985,209,99516,209,99990,100,99378,100,99993,100,99145,100,100028,100,,,100041,100,,,100049,100,,,100052,100,,
2019-06-28 09:48:54.658196511,99792,100,99768,209,99926,209,99750,209,99940,309,99632,209,99960,209,99516,209,99985,209,99378,100,99990,100,99145,100,99993,100,,,100028,100,,,100041,100,,,100049,100,,
2019-06-28 09:49:00.000000000,99792,318,99768,318,99926,318,99750,318,99940,200,99632,100,99960,100,99516,100,99985,100,99378,100,99990,100,99145,100,99993,100,,,100028,100,,,100041,100,,,100049,100,,
2019-06-28 09:49:09.678201685,99792,318,99768,318,99926,318,99750,318,99940,200,99632,100,99960,100,99516,100,99990,100,99378,100,99993,100,99145,100,100028,100,,,100041,100,,,100049,100,,,100052,100,,
2019-06-28 09:49:10.000000000,99792,187,99768,187,99926,187,99750,187,99940,287,99632,187,99960,187,99516,187,99990,187,99378,187,99993,100,99145,100,100028,100,,,100041,100,,,100049,100,,,100052,100,,
2019-06-28 09:49:20.000000000,99792,248,99768,248,99926,244,99750,244,99940,344,99632,244,99960,100,99516,100,99990,100,99378,100,99993,100,99145,100,100028,100,,,100041,100,,,100049,100,,,100052,100,,
2019-06-28 09:49:30.000000000,99792,187,99768,187,99926,187,99750,187,99940,287,99632,187,99960,187,99516,187,99990,187,99378,187,99993,100,99145,100,100028,100,,,100041,100,,,100049,100,,,100052,100,,
2019-06-28 09:49:34.127486064,99792,87,99768,187,99926,187,99750,187,99940,287,99632,187,99960,187,99516,187,99990,187,99378,187,99993,100,99145,100,100028,100,,,100041,100,,,100049,100,,,100052,100,,
2019-06-28 09:49:40.000000000,99926,187,99768,187,99940,287,99750,187,99960,187,99632,187,99990,187,99516,187,99993,187,99378,187,100028,100,99145,100,100041,100,,,100049,100,,,100052,100,,,100064,100,,
2019-06-28 09:49:45.137213958,99926,187,99816,100,99940,287,99768,187,99960,187,99750,187,99990,187,99632,187,99993,187,99516,187,100028,100,99378,187,100041,100,99145,100,100049,100,,,100052,100,,,100064,100,,
2019-06-28 09:49:50.000000000,99926,318,99816,318,99940,418,99768,318,99960,100,99750,100,99990,100,99632,100,99993,100,99516,100,100028,100,99378,100,100041,100,99145,100,100049,100,,,100052,100,,,100064,100,,
2019-06-28 09:49:50.106277801,99926,318,99816,318,99940,418,99768,318,99960,100,99750,100,99990,100,99632,100,99993,100,99516,100,100028,100,99378,100,100041,100,99145,100,100049,100,,,100052,100,,,100064,100,,
2019-06-28 09:49:50.159591626,99926,218,99816,318,99940,418,99768,318,99960,100,99750,100,99990,100,99632,100,99993,100,99516,100,100028,100,99378,100,100041,100,99145,100,100049,100,,,100052,100,,,100064,100,,
2019-06-28 09:49:55.571784634,99926,118,99816,318,99940,418,99768,318,99960,100,99750,100,99990,100,99632,100,99993,100,99516,100,100028,100,99378,100,100041,100,99145,100,100049,100,,,100052,100,,,100064,100,,
2019-06-28 09:49:56.564759909,99926,18,99816,318,99940,418,99768,318,99960,100,99750,100,99990,100,99632,100,99993,100,99516,100,100028,100,99378,100,100041,100,99145,100,100049,100,,,100052,100,,,100064,100,,
2019-06-28 09:50:00.000000000,99940,636,99816,536,99960,100,99768,100,99990,100,99750,100,99993,100,99632,100,100028,100,99516,100,100041,100,99378,100,100049,100,99145,100,100052,100,,,100064,100,,,100077,100,,
2019-06-28 09:50:10.000000000,99940,636,99816,536,99960,100,99768,100,99990,100,99750,100,99993,100,99632,100,100028,100,99516,100,100041,100,99378,100,100049,100,99145,100,100052,100,,,100064,100,,,100077,100,,
2019-06-28 09:50:17.271263602,99940,536,99816,536,99960,100,99768,100,99990,100,99750,100,99993,100,99632,100,100028,100,99516,100,100041,100,99378,100,100049,100,,,100052,100,,,100064,100,,,100077,100,,
2019-06-28 09:50:20.000000000,99940,318,99816,318,99960,318,99768,318,99990,100,99750,100,99993,100,99632,100,100028,100,99516,100,100041,100,99378,100,100049,100,,,100052,100,,,100064,100,,,100077,100,,
2019-06-28 09:50:30.000000000,99940,209,99816,209,99960,209,99768,209,99990,209,99750,209,99993,209,99632,209,100028,100,99516,100,100041,100,99378,100,100049,100,,,100052,100,,,100064,100,,,100077,100,,
2019-06-28 09:50:32.007154220,99940,109,99816,209,99960,209,99768,209,99990,209,99750,209,99993,209,99632,209,100028,100,99516,100,100041,100,99378,100,100049,100,,,100052,100,,,100064,100,,,100077,100,,
2019-06-28 09:50:36.827881004,99940,109,99816,209,99960,209,99768,209,99990,209,99750,209,99993,209,99632,209,100028,100,99516,100,100041,100,99378,100,100049,100,,,100052,100,,,100064,100,,,100077,100,,
2019-06-28 09:50:39.249001200,99940,9,99816,209,99960,209,99768,209,99990,109,99750,209,99993,209,99632,209,100028,100,99516,100,100041,100,99378,100,100049,100,,,100052,100,,,100064,100,,,100077,100,,
2019-06-28 09:50:40.000000000,99960,248,99816,248,99993,244,99768,244,100028,244,99750,244,100041,100,99632,100,100049,100,99516,100,100052,100,99378,100,100064,100,,,100077,100,,,100099,100,,,100108,100,,
2019-06-28 09:50:50.000000000,99960,536,99816,536,99993,100,99768,100,100028,100,99750,100,100041,100,99632,100,100049,100,99516,100,100052,100,99378,100,100064,100,,,100077,100,,,100099,100,,,100108,100,,
2019-06-28 09:51:00.000000000,99960,248,99816,248,99993,244,99768,244,100028,244,99750,244,100041,100,99632,100,100049,100,99516,100,100052,100,99378,100,100064,100,,,100077,100,,,100099,100,,,100108,100,,
2019-06-28 09:51:10.000000000,99960,536,99816,536,99993,100,99768,100,100028,100,99750,100,100041,100,99632,100,100049,100,99516,100,100052,100,99378,100,100064,100,,,100077,100,,,100099,100,,,100108,100,,
2019-06-28 09:51:20.000000000,99960,248,99816,248,99993,244,99768,244,100028,244,99750,244,100041,100,99632,100,100049,100,99516,100,100052,100,99378,100,100064,100,,,100077,100,,,100099,100,,,100108,100,,
2019-06-28 09:51:26.158520981,99960,148,99816,248,99993,244,99768,244,100028,244,99750,244,100041,100,99632,100,100049,100,99516,100,100052,100,99378,100,100064,100,,,100077,100,,,100099,100,,,100108,100,,
2019-06-28 09:51:30.000000000,99993,536,99816,536,100028,100,99768,100,100041,100,99750,100,100049,100,99632,100,100052,100,99516,100,100064,100,99378,100,100077,100,,,100099,100,,,100108,100,,,100109,100,,
2019-06-28 09:51:32.408093602,99993,536,99816,536,100028,100,99768,100,100041,100,99750,100,100049,100,99632,100,100052,100,99516,100,100064,100,99378,100,100077,100,,,100099,100,,,100108,100,,,100109,100,,
2019-06-28 09:51:40.000000000,99993,248,99816,248,100028,244,99768,244,100041,244,99750,244,100049,100,99632,100,100052,100,99516,100,100064,100,99378,100,100077,100,,,100099,100,,,100108,100,,,100109,100,,
2019-06-28 09:51:41.522458062,99993,248,99816,248,100028,244,99768,244,100041,244,99750,244,100049,100,99632,100,100052,100,99516,100,100064,100,,,100077,100,,,100099,100,,,100108,100,,,100109,100,,
2019-06-28 09:51:41.789461705,99993,248,99940,100,100028,244,99816,248,100041,244,99768,244,100049,100,99750,244,100052,100,99632,100,100064,100,99516,100,100077,100,,,100099,100,,,100108,100,,,100109,100,,
2019-06-28 09:51:45.043828723,99993,248,99940,200,100028,244,99816,248,100041,244,99768,244,100049,100,99750,244,100052,100,99632,100,100064,100,99516,100,100077,100,,,100099,100,,,100108,100,,,100109,100,,
2019-06-28 09:51:50.000000000,99993,187,99940,287,100028,187,99816,187,100041,187,99768,187,100049,187,99750,187,100052,187,99632,187,100064,100,99516,100,100077,100,,,100099,100,,,100108,100,,,100109,100,,
2019-06-28 09:52:00.000000000,99993,209,99940,309,100028,209,99816,209,100041,209,99768,209,100049,209,99750,209,100052,100,99632,100,100064,100,99516,100,100077,100,,,100099,100,,,100108,100,,,100109,100,,
2019-06-28 09:52:10.000000000,99993,536,99940,636,100028,100,99816,100,100041,100,99768,100,100049,100,99750,100,100052,100,99632,100,100064,100,99516,100,100077,100,,,100099,100,,,100108,100,,,100109,100,,
2019-06-28 09:52:16.215553962,99993,436,99940,636,100028,100,99816,100,100041,100,99768,100,100049,100,99750,100,100052,100,99632,100,100064,100,99516,100,100077,100,,,100099,100,,,100108,100,,,100109,100,,
2019-06-28 09:52:20.000000000,100028,248,99940,348,100041,244,99816,244,100049,244,99768,244,100052,100,99750,100,100064,100,99632,100,100077,100,99516,100,100099,100,,,100108,100,,,100109,100,,,100153,100,,
2019-06-28 09:52:30.000000000,100028,209,99940,309,100041,209,99816,209,100049,209,99768,209,100052,209,99750,209,100064,100,99632,100,100077,100,99516,100,100099,100,,,100108,100,,,100109,100,,,100153,100,,
2019-06-28 09:52:39.084588318,100028,109,99940,309,100041,209,99816,209,100049,209,99768,209,100052,209,99750,209,100064,100,99632,100,100077,100,99516,100,100099,100,,,100108,100,,,100109,100,,,100153,100,,
2019-06-28 09:52:40.000000000,100041,187,99940,287,100049,187,99816,187,100052,187,99768,187,100064,187,99750,187,100077,187,99632,187,100099,100,99516,100,100108,100,,,100109,100,,,100153,100,,,100194,100,,
2019-06-28 09:52:47.914933760,100041,187,99940,287,100049,187,99816,187,100052,187,99768,187,100064,187,99750,187,100077,187,99632,187,100099,100,99516,100,100108,100,,,100153,100,,,100194,100,,,100211,100,,
2019-06-28 09:52:49.901254999,100041,187,99940,287,100049,187,99816,187,100052,187,99768,187,100064,187,99750,187,100077,187,99632,187,100099,100,99516,100,100108,100,,,100153,100,,,100194,100,,,100211,100,,
2019-06-28 09:52:50.000000000,100041,209,99940,309,100049,209,99816,209,100052,209,99768,209,100064,209,99750,209,100077,100,99632,100,100099,100,99516,100,100108,100,,,100153,100,,,100194,100,,,100211,100,,
2019-06-28 09:53:00.000000000,100041,536,99940,636,100049,100,99816,100,100052,100,99768,100,100064,100,99750,100,100077,100,99632,100,100099,100,99516,100,100108,100,,,100153,100,,,100194,100,,,100211,100,,
2019-06-28 09:53:10.000000000,100041,248,99940,348,100049,244,99816,244,100052,244,99768,244,100064,100,99750,100,100077,100,99632,100,100099,100,99516,100,100108,100,,,100153,100,,,100194,100,,,100211,100,,
2019-06-28 09:53:20.000000000,100041,536,99940,636,100049,100,99816,100,100052,100,99768,100,100064,100,99750,100,100077,100,99632,100,100099,100,99516,100,100108,100,,,100153,100,,,100194,100,,,100211,100,,
2019-06-28 09:53:30.000000000,100041,248,99940,348,100049,244,99816,244,100052,244,99768,244,100064,100,99750,100,100077,100,99632,100,100099,100,99516,100,100108,100,,,100153,100,,,100194,100,,,100211,100,,
2019-06-28 09:53:40.000000000,100041,536,99940,636,100049,100,99816,100,100052,100,99768,100,100064,100,99750,100,100077,100,99632,100,100099,100,99516,100,100108,100,,,100153,100,,,100194,100,,,100211,100,,
2019-06-28 09:53:44.185425576,100041,436,99940,636,100049,100,99816,100,100052,100,99768,100,100064,100,99750,100,100077,100,99632,100,100099,100,99516,100,100108,100,,,100153,100,,,100194,100,,,100211,100,,
2019-06-28 09:53:50.000000000,100049,248,99940,348,100052,244,99816,244,100064,244,99768,244,100077,100,99750,100,100099,100,99632,100,100108,100,99516,100,100153,100,,,100194,100,,,100211,100,,,100306,100,,
2019-06-28 09:53:50.305228003,100049,248,99940,348,100052,244,99816,244,100064,244,99768,244,100077,100,99750,100,100099,100,99632,100,100108,100,99516,100,100153,100,,,100194,100,,,100211,100,,,100306,100,,
2019-06-28 09:53:55.783365554,100049,48,99940,348,100052,244,99816,244,100064,244,99768,244,100077,100,99750,100,100099,100,99632,100,100108,100,99516,100,100153,100,,,100194,100,,,100211,100,,,100306,100,,
2019-06-28 09:54:00.000000000,100052,318,99940,418,100064,318,99816,318,100077,100,99768,100,100099,100,99750,100,100108,100,99632,100,100153,100,99516,100,100194,100,,,100211,100,,,100306,100,,,100337,100,,
2019-06-28 09:54:10.000000000,100052,248,99940,348,100064,244,99816,244,100077,244,99768,244,100099,100,99750,100,100108,100,99632,100,100153,100,99516,100,100194,100,,,100211,100,,,100306,100,,,100337,100,,
2019-06-28 09:54:20.000000000,100052,248,99940,348,100064,244,99816,244,100077,244,99768,244,100099,100,99750,100,100108,100,99632,100,100153,100,99516,100,100194,100,,,100211,100,,,100306,100,,,100337,100,,
2019-06-28 09:54:23.684577651,100052,248,99940,348,100064,144,99816,244,100077,244,99768,244,100084,100,99750,100,100099,100,99632,100,100108,100,99516,100,100153,100,,,100194,100,,,100211,100,,,100306,100,,
2019-06-28 09:54:30.000000000,100052,248,99940,348,100077,244,99816,244,100084,244,99768,244,100099,100,99750,100,100108,100,99632,100,100153,100,99516,100,100194,100,,,100211,100,,,100306,100,,,100337,100,,
2019-06-28 09:54:40.000000000,100052,187,99940,287,100077,187,99816,187,100084,187,99768,187,100099,187,99750,187,100108,187,99632,187,100153,100,99516,100,100194,100,,,100211,100,,,100306,100,,,100337,100,,
2019-06-28 09:54:41.070492588,100052,187,99940,287,100077,187,99837,100,100084,187,99816,187,100099,187,99768,187,100108,187,99750,187,100153,100,99632,187,100194,100,99516,100,100306,100,,,100337,100,,,100438,100,,
2019-06-28 09:54:50.000000000,100052,187,99940,287,100077,187,99837,187,100084,187,99816,187,100099,187,99768,187,100108,187,99750,187,100153,100,99632,100,100194,100,99516,100,100306,100,,,100337,100,,,100438,100,,
2019-06-28 09:55:00.000000000,100052,209,99940,309,100077,209,99837,209,100084,209,99816,209,100099,209,99768,209,100108,100,99750,100,100153,100,99632,100,100194,100,99516,100,100306,100,,,100337,100,,,100438,100,,
2019-06-28 09:55:10.000000000,100052,209,99940,309,100077,209,99837,209,100084,209,99816,209,100099,209,99768,209,100108,100,99750,100,100153,100,99632,100,100194,100,99516,100,100306,100,,,100337,100,,,100438,100,,
2019-06-28 09:55:20.000000000,100052,248,99940,348,100077,244,99837,244,100084,244,99816,244,100099,100,99768,100,100108,100,99750,100,100153,100,99632,100,100194,100,99516,100,100306,100,,,100337,100,,,100438,100,,
2019-06-28 09:55:28.571771796,100052,248,99940,348,100077,244,99837,244,100084,244,99816,244,100099,100,99768,100,100108,100,99750,100,100153,100,99632,100,100194,100,99516,100,100306,100,99366,100,100337,100,,,100438,100,,
2019-06-28 09:55:30.000000000,100052,536,99940,636,100077,100,99837,100,100084,100,99816,100,100099,100,99768,100,100108,100,99750,100,100153,100,99632,100,100194,100,99516,100,100306,100,99366,100,100337,100,,,100438,100,,
2019-06-28 09:55:40.000000000,100052,318,99940,418,100077,318,99837,318,100084,100,99816,100,100099,100,99768,100,100108,100,99750,100,100153,100,99632,100,100194,100,99516,100,100306,100,99366,100,100337,100,,,100438,100,,
2019-06-28 09:55:50.000000000,100052,187,99940,287,100077,187,99837,187,100084,187,99816,187,100099,187,99768,187,100108,187,99750,187,100153,100,99632,100,100194,100,99516,100,100306,100,99366,100,100337,100,,,100438,100,,
2019-06-28 09:55:57.114171953,100027,100,99940,287,100052,187,99837,187,100077,187,99816,187,100084,187,99768,187,100099,187,99750,187,100108,187,99632,100,100153,100,99516,100,100194,100,99366,100,100306,100,,,100337,100,,
2019-06-28 09:56:00.000000000,100027,248,99940,348,100052,244,99837,244,100077,244,99816,244,100084,100,99768,100,100099,100,99750,100,100108,100,99632,100,100153,100,99516,100,100194,100,99366,100,100306,100,,,100337,100,,
2019-06-28 09:56:10.000000000,100027,248,99940,348,100052,244,99837,244,100077,244,99816,244,100084,100,99768,100,100099,100,99750,100,100108,100,99632,100,100153,100,99516,100,100194,100,99366,100,100306,100,,,100337,100,,
2019-06-28 09:56:11.186030927,100027,348,99940,348,100052,244,99837,244,100077,244,99816,244,100084,100,99768,100,100099,100,99750,100,100108,100,99632,100,100153,100,99516,100,100194,100,99366,100,100306,100,,,100337,100,,
2019-06-28 09:56:15.368322403,100027,248,99940,348,100052,244,99837,244,100077,244,99816,244,100084,100,99768,100,100099,100,99750,100,100108,100,99632,100,100153,100,99516,100,100194,100,99366,100,100306,100,,,100337,100,,
2019-06-28 09:56:17.942180698,100026,100,99940,348,100027,248,99837,244,100052,244,99816,244,100077,244,99768,100,100084,100,99750,100,100099,100,99632,100,100108,100,99516,100,100153,100,99366,100,100194,100,,,100306,100,,
2019-06-28 09:56:20.000000000,100026,187,99940,287,100027,187,99837,187,100052,187,99816,187,100077,187,99768,187,100084,187,99750,187,100099,100,99632,100,100108,100,99516,100,100153,100,99366,100,100194,100,,,100306,100,,
2019-06-28 09:56:30.000000000,100026,318,99940,418,100027,318,99837,318,100052,100,99816,100,100077,100,99768,100,100084,100,99750,100,100099,100,99632,100,100108,100,99516,100,100153,100,99366,100,100194,100,,,100306,100,,
2019-06-28 09:56:30.200630651,100026,318,99940,318,100027,318,99837,318,100052,100,99816,100,100077,100,99750,100,100084,100,99632,100,100099,100,99516,100,100108,100,99366,100,100153,100,,,100194,100,,,100306,100,,
2019-06-28 09:56:40.000000000,100026,536,99940,536,100027,100,99837,100,100052,100,99816,100,100077,100,99750,100,100084,100,99632,100,100099,100,99516,100,100108,100,99366,100,100153,100,,,100194,100,,,100306,100,,
2019-06-28 09:56:50.000000000,100026,248,99940,248,100027,244,99837,244,100052,244,99816,244,100077,100,99750,100,100084,100,99632,100,100099,100,99516,100,100108,100,99366,100,100153,100,,,100194,100,,,100306,100,,
2019-06-28 09:56:52.347825463,100026,248,99940,248,100027,244,99845,100,100052,244,99837,244,100077,100,99816,244,100084,100,99750,100,100099,100,99632,100,100108,100,99516,100,100153,100,99366,100,100194,100,,,100306,100,,
2019-06-28 09:57:00.000000000,100026,187,99940,187,100027,187,99845,187,100052,187,99837,187,100077,187,99816,187,100084,187,99750,187,100099,100,99632,100,100108,100,99516,100,100153,100,99366,100,100194,100,,,100306,100,,
2019-06-28 09:57:10.000000000,100026,318,99940,318,100027,318,99845,318,100052,100,99837,100,100077,100,99816,100,100084,100,99750,100,100099,100,99632,100,100108,100,99516,100,100153,100,99366,100,100194,100,,,100306,100,,
2019-06-28 09:57:20.000000000,100026,248,99940,248,100027,244,99845,244,100052,244,99837,244,100077,100,99816,100,100084,100,99750,100,100099,100,99632,100,100108,100,99516,100,100153,100,99366,100,100194,100,,,100306,100,,
2019-06-28 09:57:30.000000000,100026,248,99940,248,100027,244,99845,244,100052,244,99837,244,100077,100,99816,100,100084,100,99750,100,100099,100,99632,100,100108,100,99516,100,100153,100,99366,100,100194,100,,,100306,100,,
2019-06-28 09:57:36.730222612,100025,100,99940,248,100026,248,99845,244,100027,244,99837,244,100052,244,99816,100,100077,100,99750,100,100084,100,99632,100,100099,100,99516,100,100108,100,99366,100,100153,100,,,100194,100,,
2019-06-28 09:57:40.000000000,100025,209,99940,209,100026,209,99845,209,100027,209,99837,209,100052,209,99816,209,100077,100,99750,100,100084,100,99632,100,100099,100,99516,100,100108,100,99366,100,100153,100,,,100194,100,,
2019-06-28 09:57:42.249498993,100025,109,99940,209,100026,209,99845,209,100027,209,99837,209,100052,209,99816,209,100077,100,99750,100,100084,100,99632,100,100099,100,99516,100,100108,100,99366,100,100153,100,,,100194,100,,
2019-06-28 09:57:47.765977142,100024,100,99940,209,100025,109,99845,209,100026,209,99837,209,100027,209,99816,209,100052,209,99750,100,100077,100,99632,100,100084,100,99516,100,100099,100,99366,100,100108,100,,,100153,100,,
2019-06-28 09:57:50.000000000,100024,187,99940,187,100026,187,99845,187,100027,187,99837,187,100052,187,99816,187,100077,187,99750,187,100084,100,99632,100,100099,100,99516,100,100108,100,99366,100,100153,100,,,100194,100,,
2019-06-28 09:58:00.000000000,100024,318,99940,318,100026,318,99845,318,100027,100,99837,100,100052,100,99816,100,100077,100,99750,100,100084,100,99632,100,100099,100,99516,100,100108,100,99366,100,100153,100,,,100194,100,,
2019-06-28 09:58:10.000000000,100024,187,99940,187,100026,187,99845,187,100027,187,99837,187,100052,187,99816,187,100077,187,99750,187,100084,100,99632,100,100099,100,99516,100,100108,100,99366,100,100153,100,,,100194,100,,
2019-06-28 09:58:12.977084121,100024,187,99940,187,100026,187,99845,187,100027,187,99837,187,100052,187,99816,187,100077,187,99750,187,100084,100,99632,100,100099,100,99516,100,100108,100,99493,100,100153,100,99366,100,100194,100,,
2019-06-28 09:58:20.000000000,100024,209,99940,209,100026,209,99845,209,100027,209,99837,209,100052,209,99816,209,100077,100,99750,100,100084,100,99632,100,100099,100,99516,100,100108,100,99493,100,100153,100,99366,100,100194,100,,
2019-06-28 09:58:29.549416164,100024,309,99940,209,100026,209,99845,209,100027,209,99837,209,100052,209,99816,209,100077,100,99750,100,100084,100,99632,100,100099,100,99516,100,100108,100,99493,100,100153,100,99366,100,100194,100,,
2019-06-28 09:58:30.000000000,100024,636,99940,536,100026,100,99845,100,100027,100,99837,100,100052,100,99816,100,100077,100,99750,100,100084,100,99632,100,100099,100,99516,100,100108,100,99493,100,100153,100,99366,100,100194,100,,
2019-06-28 09:58:40.000000000,100024,348,99940,248,100026,244,99845,244,100027,244,99837,244,100052,100,99816,100,100077,100,99750,100,100084,100,99632,100,100099,100,99516,100,100108,100,99493,100,100153,100,99366,100,100194,100,,
2019-06-28 09:58:50.000000000,100024,636,99940,536,100026,100,99845,100,100027,100,99837,100,100052,100,99816,100,100077,100,99750,100,100084,100,99632,100,100099,100,99516,100,100108,100,99493,100,100153,100,99366,100,100194,100,,
2019-06-28 09:59:00.000000000,100024,636,99940,536,100026,100,99845,100,100027,100,99837,100,100052,100,99816,100,100077,100,99750,100,100084,100,99632,100,100099,100,99516,100,100108,100,99493,100,100153,100,99366,100,100194,100,,
2019-06-28 09:59:10.000000000,100024,418,99940,318,100026,318,99845,318,100027,100,99837,100,100052,100,99816,100,100077,100,99750,100,100084,100,99632,100,100099,100,99516,100,100108,100,99493,100,100153,100,99366,100,100194,100,,
2019-06-28 09:59:11.755036077,100024,418,99940,218,100026,318,99845,318,100027,100,99837,100,100052,100,99816,100,100077,100,99750,100,100084,100,99632,100,100099,100,99516,100,100108,100,99493,100,100153,100,99366,100,100194,100,,
2019-06-28 09:59:20.000000000,100024,418,99845,318,100026,318,99837,318,100027,100,99816,100,100052,100,99750,100,100077,100,99632,100,100084,100,99516,100,100099,100,99493,100,100108,100,99366,100,100153,100,,,100194,100,,
2019-06-28 09:59:30.000000000,100024,287,99845,187,100026,187,99837,187,100027,187,99816,187,100052,187,99750,187,100077,187,99632,187,100084,100,99516,100,100099,100,99493,100,100108,100,99366,100,100153,100,,,100194,100,,
2019-06-28 09:59:40.000000000,100024,636,99845,536,100026,100,99837,100,100027,100,99816,100,100052,100,99750,100,100077,100,99632,100,100084,100,99516,100,100099,100,99493,100,100108,100,99366,100,100153,100,,,100194,100,,
2019-06-28 09:59:45.057003784,100024,536,99845,536,100026,100,99837,100,100027,100,99816,100,100052,100,99750,100,100077,100,99632,100,100084,100,99516,100,100099,100,99493,100,100108,100,99366,100,100153,100,,,100194,100,,
2019-06-28 09:59:50.000000000,100024,536,99845,536,100026,100,99837,100,100027,100,99816,100,100052,100,99750,100,100077,100,99632,100,100084,100,99516,100,100099,100,99493,100,100108,100,99366,100,100153,100,,,100194,100,,
2019-06-28 10:00:00.000000000,100024,209,99845,209,100026,209,99837,209,100027,209,99816,209,100052,209,99750,209,100077,100,99632,100,100084,100,99516,100,100099,100,99493,100,100108,100,99366,100,100153,100,,,100194,100,,
2019-06-28 10:00:09.023516769,100024,209,99845,209,100026,209,99837,209,100027,209,99816,209,100052,209,99750,209,100077,100,99632,100,100084,100,99541,100,100099,100,99516,100,100108,100,99493,100,100153,100,99366,100,100194,100,,
2019-06-28 10:00:10.000000000,100024,209,99845,209,100026,209,99837,209,100027,209,99816,209,100052,209,99750,209,100077,100,99632,100,100084,100,99541,100,100099,100,99516,100,100108,100,99493,100,100153,100,99366,100,100194,100,,
2019-06-28 10:00:20.000000000,100024,209,99845,209,100026,209,99837,209,100027,209,99816,209,100052,209,99750,209,100077,100,99632,100,100084,100,99541,100,100099,100,99516,100,100108,100,99493,100,100153,100,99366,100,100194,100,,
2019-06-28 10:00:30.000000000,100024,209,99845,209,100026,209,99837,209,100027,209,99816,209,100052,209,99750,209,100077,100,99632,100,100084,100,99541,100,100099,100,99516,100,100108,100,99493,100,100153,100,99366,100,100194,100,,
2019-06-28 10:00:40.000000000,100024,187,99845,187,100026,187,99837,187,100027,187,99816,187,100052,187,99750,187,100077,187,99632,187,100084,100,99541,100,100099,100,99516,100,100108,100,99493,100,100153,100,99366,100,100194,100,,
2019-06-28 10:00:50.000000000,100024,536,99845,536,100026,100,99837,100,100027,100,99816,100,100052,100,99750,100,100077,100,99632,100,100084,100,99541,100,100099,100,99516,100,100108,100,99493,100,100153,100,99366,100,100194,100,,
2019-06-28 10:01:00.000000000,100024,209,99845,209,100026,209,99837,209,100027,209,99816,209,100052,209,99750,209,100077,100,99632,100,100084,100,99541,100,100099,100,99516,100,100108,100,99493,100,100153,100,99366,100,100194,100,,
2019-06-28 10:01:04.423308291,100024,209,99845,209,100026,109,99837,209,100027,209,99816,209,100052,209,99750,209,100077,100,99632,100,100084,100,99541,100,100099,100,99516,100,100108,100,99493,100,100153,100,99366,100,100194,100,,
2019-06-28 10:01:10.000000000,100024,248,99845,248,100027,244,99837,244,100052,244,99816,244,100077,100,99750,100,100084,100,99632,100,100099,100,99541,100,100108,100,99516,100,100153,100,99493,100,100194,100,99366,100,100337,100,,
2019-06-28 10:01:12.741656504,100024,248,99845,248,100027,244,99837,244,100052,244,99816,244,100077,100,99750,100,100084,100,99632,100,100099,100,99545,100,100108,100,99541,100,100153,100,99516,100,100194,100,99493,100,100337,100,99366,100
2019-06-28 10:01:19.319650022,100024,248,99903,100,100027,244,99845,248,100052,244,99837,244,100077,100,99816,244,100084,100,99750,100,100099,100,99632,100,100108,100,99545,100,100194,100,99541,100,100337,100,99516,100,100438,100,99493,100
2019-06-28 10:01:20.000000000,100024,248,99903,248,100027,244,99845,244,100052,244,99837,244,100077,100,99816,100,100084,100,99750,100,100099,100,99632,100,100108,100,99545,100,100194,100,99541,100,100337,100,99516,100,100438,100,99493,100
2019-06-28 10:01:20.038922182,100024,248,99903,148,100027,244,99845,244,100052,244,99837,244,100077,100,99816,100,100084,100,99750,100,100099,100,99632,100,100108,100,99545,100,100194,100,99541,100,100337,100,99516,100,100438,100,99493,100
2019-06-28 10:01:30.000000000,100024,187,99845,187,100027,187,99837,187,100052,187,99816,187,100077,187,99750,187,100084,187,99632,187,100099,100,99545,100,100108,100,99541,100,100194,100,99516,100,100337,100,99493,100,100438,100,99366,100
2019-06-28 10:01:34.144826692,100024,187,99845,187,100027,187,99837,187,100052,187,99816,187,100077,187,99761,100,100084,187,99750,187,100099,100,99632,187,100108,100,99545,100,100194,100,99541,100,100337,100,99516,100,100438,100,99493,100
2019-06-28 10:01:40.000000000,100024,536,99845,536,100027,100,99837,100,100052,100,99816,100,100077,100,99761,100,100084,100,99750,100,100099,100,99632,100,100108,100,99545,100,100194,100,99541,100,100337,100,99516,100,100438,100,99493,100
2019-06-28 10:01:50.000000000,100024,248,99845,248,100027,244,99837,244,100052,244,99816,244,100077,100,99761,100,100084,100,99750,100,100099,100,99632,100,100108,100,99545,100,100194,100,99541,100,100337,100,99516,100,100438,100,99493,100
2019-06-28 10:02:00.000000000,100024,187,99845,187,100027,187,99837,187,100052,187,99816,187,100077,187,99761,187,100084,187,99750,187,100099,100,99632,100,100108,100,99545,100,100194,100,99541,100,100337,100,99516,100,100438,100,99493,100
2019-06-28 10:02:04.516287603,100024,187,99845,187,100027,187,99837,187,100052,187,99816,187,100077,187,99761,187,100084,187,99756,100,100099,100,99750,187,100108,100,99632,100,100194,100,99545,100,100337,100,99541,100,100438,100,99516,100
2019-06-28 10:02:05.510328332,100023,100,99845,187,100024,187,99837,187,100027,187,99816,187,100052,187,99761,187,100077,187,99756,100,100084,187,99750,187,100099,100,99632,100,100108,100,99545,100,100194,100,99541,100,100337,100,99516,100
2019-06-28 10:02:08.116196224,100023,100,99845,187,100024,187,99837,187,100027,187,99816,187,100052,187,99761,187,100077,187,99756,100,100084,187,99750,187,100099,100,99632,100,100108,100,99619,100,100194,100,99545,100,100337,100,99541,100
2019-06-28 10:02:10.000000000,100023,248,99845,248,100024,244,99837,244,100027,244,99816,244,100052,100,99761,100,100077,100,99756,100,100084,100,99750,100,100099,100,99632,100,100108,100,99619,100,100194,100,99545,100,100337,100,99541,100
2019-06-28 10:02:20.000000000,100023,248,99845,248,100024,244,99837,244,100027,244,99816,244,100052,100,99761,100,100077,100,99756,100,100084,100,99750,100,100099,100,99632,100,100108,100,99619,100,100194,100,99545,100,100337,100,99541,100
2019-06-28 10:02:20.541614976,100000,100,99845,248,100023,248,99837,244,100024,244,99816,244,100027,244,99761,100,100052,100,99756,100,100077,100,99750,100,100084,100,99632,100,100099,100,99619,100,100108,100,99545,100,100194,100,99541,100
2019-06-28 10:02:30.000000000,100000,187,99845,187,100023,187,99837,187,100024,187,99816,187,100027,187,99761,187,100052,187,99756,187,100077,100,99750,100,100084,100,99632,100,100099,100,99619,100,100108,100,99545,100,100194,100,99541,100
2019-06-28 10:02:40.000000000,100000,536,99845,536,100023,100,99837,100,100024,100,99816,100,100027,100,99761,100,100052,100,99756,100,100077,100,99750,100,100084,100,99632,100,100099,100,99619,100,100108,100,99545,100,100194,100,99541,100
2019-06-28 10:02:50.000000000,100000,187,99845,187,100023,187,99837,187,100024,187,99816,187,100027,187,99761,187,100052,187,99756,187,100077,100,99750,100,100084,100,99632,100,100099,100,99619,100,100108,100,99545,100,100194,100,99541,100
2019-06-28 10:03:00.000000000,100000,536,99845,536,100023,100,99837,100,100024,100,99816,100,100027,100,99761,100,100052,100,99756,100,100077,100,99750,100,100084,100,99632,100,100099,100,99619,100,100108,100,99545,100,100194,100,99541,100
2019-06-28 10:03:02.831491074,100000,536,99845,536,100023,100,99837,100,100024,100,99816,100,100027,100,99761,100,100039,100,99756,100,100052,100,99750,100,100077,100,99632,100,100084,100,99619,100,100099,100,99545,100,100108,100,99541,100
2019-06-28 10:03:03.614995111,100000,536,99904,100,100023,100,99845,536,100024,100,99837,100,100027,100,99761,100,100039,100,99756,100,100052,100,99750,100,100077,100,99632,100,100084,100,99619,100,100099,100,99545,100,100108,100,99541,100
2019-06-28 10:03:10.000000000,100000,318,99904,318,100023,318,99845,318,100024,100,99837,100,100027,100,99761,100,100039,100,99756,100,100052,100,99750,100,100077,100,99632,100,100084,100,99619,100,100099,100,99545,100,100108,100,99541,100
2019-06-28 10:03:20.000000000,100000,318,99904,318,100023,318,99845,318,100024,100,99837,100,100027,100,99761,100,100039,100,99756,100,100052,100,99750,100,100077,100,99632,100,100084,100,99619,100,100099,100,99545,100,100108,100,99541,100
2019-06-28 10:03:21.251442455,100000,318,99904,218,100023,318,99845,318,100024,100,99837,100,100027,100,99761,100,100039,100,99756,100,100052,100,99750,100,100077,100,99632,100,100084,100,99619,100,100099,100,99545,100,100108,100,99541,100
2019-06-28 10:03:30.000000000,100000,536,99845,536,100023,100,99837,100,100024,100,99761,100,100027,100,99756,100,100039,100,99750,100,100052,100,99632,100,100077,100,99619,100,100084,100,99545,100,100099,100,99541,100,100108,100,99516,100
2019-06-28 10:03:33.313877861,100000,536,99845,436,100023,100,99837,100,100024,100,99761,100,100027,100,99756,100,100039,100,99750,100,100052,100,99632,100,100077,100,99619,100,100084,100,99545,100,100099,100,99541,100,100194,100,99516,100
2019-06-28 10:03:40.000000000,100000,536,99837,536,100023,100,99761,100,100024,100,99756,100,100027,100,99750,100,100039,100,99632,100,100052,100,99619,100,100077,100,99545,100,100084,100,99541,100,100099,100,99516,100,100194,100,99493,100
2019-06-28 10:03:41.047391219,100000,536,99837,436,100023,100,99761,100,100024,100,99756,100,100027,100,99750,100,100039,100,99632,100,100052,100,99619,100,100077,100,99545,100,100084,100,99541,100,100099,100,99516,100,100194,100,99493,100
2019-06-28 10:03:50.000000000,100000,187,99761,187,100023,187,99756,187,100024,187,99750,187,100027,187,99632,187,100039,187,99619,187,100052,100,99545,100,100077,100,99541,100,100084,100,99516,100,100099,100,99493,100,100194,100,99366,100
2019-06-28 10:04:00.000000000,100000,536,99761,536,100023,100,99756,100,100024,100,99750,100,100027,100,99632,100,100039,100,99619,100,100052,100,99545,100,100077,100,99541,100,100084,100,99516,100,100099,100,99493,100,100194,100,99366,100
2019-06-28 10:04:09.687813797,99899,100,99761,536,100000,536,99756,100,100023,100,99750,100,100024,100,99632,100,100027,100,99619,100,100039,100,99545,100,100052,100,99541,100,100077,100,99516,100,100084,100,99493,100,100099,100,99366,100
2019-06-28 10:04:10.000000000,99899,187,99761,187,100000,187,99756,187,100023,187,99750,187,100024,187,99632,187,100027,187,99619,187,100039,100,99545,100,100052,100,99541,100,100077,100,99516,100,100084,100,99493,100,100099,100,99366,100
2019-06-28 10:04:20.000000000,99899,318,99761,318,100000,318,99756,318,100023,100,99750,100,100024,100,99632,100,100027,100,99619,100,100039,100,99545,100,100052,100,99541,100,100077,100,99516,100,100084,100,99493,100,100099,100,99366,100
2019-06-28 10:04:26.227894037,99899,218,99761,318,100000,318,99756,318,100023,100,99750,100,100024,100,99632,100,100027,100,99619,100,100039,100,99545,100,100052,100,99541,100,100077,100,99516,100,100099,100,99493,100,100194,100,99366,100
2019-06-28 10:04:30.000000000,100000,209,99761,209,100023,209,99756,209,100024,209,99750,209,100027,209,99632,209,100039,100,99619,100,100052,100,99545,100,100077,100,99541,100,100099,100,99516,100,100194,100,99493,100,100337,100,99366,100
2019-06-28 10:04:40.000000000,100000,536,99761,536,100023,100,99756,100,100024,100,99750,100,100027,100,99632,100,100039,100,99619,100,100052,100,99545,100,100077,100,99541,100,100099,100,99516,100,100194,100,99493,100,100337,100,99366,100
2019-06-28 10:04:43.515179548,100000,536,99838,100,100023,100,99761,536,100024,100,99756,100,100027,100,99750,100,100039,100,99632,100,100052,100,99619,100,100077,100,99545,100,100099,100,99541,100,100194,100,99516,100,100337,100,99493,100
2019-06-28 10:04:50.000000000,100000,536,99838,536,100023,100,99761,100,100024,100,99756,100,100027,100,99750,100,100039,100,99632,100,100052,100,99619,100,100077,100,99545,100,100099,100,99541,100,100194,100,99516,100,100337,100,99493,100
2019-06-28 10:04:52.774915130,100000,536,99838,536,100023,100,99761,100,100024,100,99756,100,100027,100,99750,100,100039,100,99632,100,100052,100,99619,100,100077,100,99545,100,100099,100,99541,100,100194,100,99516,100,100263,100,99493,100
2019-06-28 10:05:00.000000000,100000,248,99838,248,100023,244,99761,244,100024,244,99756,244,100027,100,99750,100,100039,100,99632,100,100052,100,99619,100,100077,100,99545,100,100099,100,99541,100,100194,100,99516,100,100263,100,99493,100
2019-06-28 10:05:05.578846261,100000,248,99838,248,100023,244,99761,244,100024,144,99756,244,100027,100,99750,100,100039,100,99632,100,100052,100,99619,100,100077,100,99545,100,100099,100,99541,100,100194,100,99516,100,100263,100,99493,100
2019-06-28 10:05:10.000000000,100000,187,99838,187,100023,187,99761,187,100027,187,99756,187,100039,187,99750,187,100052,187,99632,187,100077,100,99619,100,100099,100,99545,100,100194,100,99541,100,100263,100,99516,100,100337,100,99493,100
2019-06-28 10:05:20.000000000,100000,248,99838,248,100023,244,99761,244,100027,244,99756,244,100039,100,99750,100,100052,100,99632,100,100077,100,99619,100,100099,100,99545,100,100194,100,99541,100,100263,100,99516,100,100337,100,99493,100
2019-06-28 10:05:30.000000000,100000,248,99838,248,100023,244,99761,244,100027,244,99756,244,100039,100,99750,100,100052,100,99632,100,100077,100,99619,100,100099,100,99545,100,100194,100,99541,100,100263,100,99516,100,100337,100,99493,100
2019-06-28 10:05:40.000000000,100000,536,99838,536,100023,100,99761,100,100027,100,99756,100,100039,100,99750,100,100052,100,99632,100,100077,100,99619,100,100099,100,99545,100,100194,100,99541,100,100263,100,99516,100,100337,100,99493,100
2019-06-28 10:05:42.360846123,100000,436,99838,536,100023,100,99761,100,100027,100,99756,100,100039,100,99750,100,100052,100,99632,100,100099,100,99619,100,100194,100,99545,100,100263,100,99541,100,100337,100,99516,100,100438,100,99493,100
2019-06-28 10:05:50.000000000,100023,536,99838,536,100027,100,99761,100,100039,100,99756,100,100052,100,99750,100,100099,100,99632,100,100194,100,99619,100,100263,100,99545,100,100337,100,99541,100,100438,100,99516,100,100462,100,99493,100
2019-06-28 10:05:54.648154391,100023,536,99838,536,100027,100,99761,100,100039,100,99750,100,100052,100,99632,100,100099,100,99619,100,100160,100,99545,100,100194,100,99541,100,100263,100,99516,100,100337,100,99493,100,100438,100,,
2019-06-28 10:06:00.000000000,100023,318,99838,318,100027,318,99761,318,100039,100,99750,100,100052,100,99632,100,100099,100,99619,100,100160,100,99545,100,100194,100,99541,100,100263,100,99516,100,100337,100,99493,100,100438,100,,
2019-06-28 10:06:08.709577950,100023,318,99838,318,100027,318,99761,318,100039,100,99750,100,100052,100,99632,100,100099,100,99619,100,100160,100,99545,100,100194,100,99541,100,100263,100,99516,100,100298,100,99493,100,100337,100,,
2019-06-28 10:06:10.000000000,100023,318,99838,318,100027,318,99761,318,100039,100,99750,100,100052,100,99632,100,100099,100,99619,100,100160,100,99545,100,100194,100,99541,100,100263,100,99516,100,100298,100,99493,100,100337,100,,
2019-06-28 10:06:20.000000000,100023,248,99838,248,100027,244,99761,244,100039,244,99750,244,100052,100,99632,100,100099,100,99619,100,100160,100,99545,100,100194,100,99541,100,100263,100,99516,100,100298,100,99493,100,100337,100,,
2019-06-28 10:06:20.534657298,100023,248,99899,100,100027,244,99838,248,100039,244,99761,244,100052,100,99750,244,100099,100,99632,100,100160,100,99619,100,100194,100,99545,100,100263,100,99541,100,100298,100,99516,100,100337,100,99493,100
2019-06-28 10:06:22.567276241,100023,248,99899,100,100027,244,99838,248,100039,244,99761,244,100052,100,99750,244,100099,100,99632,100,100160,100,99619,100,100194,100,99545,100,100249,100,99541,100,100298,100,99516,100,100337,100,99493,100
2019-06-28 10:06:26.312552045,100023,148,99899,100,100027,244,99838,248,100039,244,99761,244,100052,100,99750,244,100099,100,99632,100,100160,100,99619,100,100194,100,99545,100,100249,100,99541,100,100298,100,99516,100,100337,100,99493,100
2019-06-28 10:06:30.000000000,100027,536,99899,536,100039,100,99838,100,100052,100,99761,100,100099,100,99750,100,100160,100,99632,100,100194,100,99619,100,100249,100,99545,100,100298,100,99541,100,100337,100,99516,100,100438,100,99493,100
2019-06-28 10:06:40.000000000,100027,187,99899,187,100039,187,99838,187,100052,187,99761,187,100099,187,99750,187,100160,187,99632,187,100194,100,99619,100,100249,100,99545,100,100298,100,99541,100,100337,100,99516,100,100438,100,99493,100
2019-06-28 10:06:50.000000000,100027,187,99899,187,100039,187,99838,187,100052,187,99761,187,100099,187,99750,187,100160,187,99632,187,100194,100,99619,100,100249,100,99545,100,100298,100,99541,100,100337,100,99516,100,100438,100,99493,100
2019-06-28 10:07:00.000000000,100027,209,99899,209,100039,209,99838,209,100052,209,99761,209,100099,209,99750,209,100160,100,99632,100,100194,100,99619,100,100249,100,99545,100,100298,100,99541,100,100337,100,99516,100,100438,100,99493,100
2019-06-28 10:07:04.507944112,100027,109,99899,209,100039,209,99838,209,100052,209,99761,209,100099,209,99750,209,100160,100,99632,100,100194,100,99619,100,100249,100,99545,100,100298,100,99541,100,100337,100,99516,100,100438,100,99493,100
2019-06-28 10:07:10.000000000,100039,248,99899,248,100052,244,99838,244,100099,244,99761,244,100160,100,99750,100,100194,100,99632,100,100249,100,99619,100,100298,100,99545,100,100337,100,99541,100,100438,100,99516,100,100462,100,99493,100
2019-06-28 10:07:20.000000000,100039,209,99899,209,100052,209,99838,209,100099,209,99761,209,100160,209,99750,209,100194,100,99632,100,100249,100,99619,100,100298,100,99545,100,100337,100,99541,100,100438,100,99516,100,100462,100,99493,100
2019-06-28 10:07:22.561222739,100039,209,100023,100,100052,209,99899,209,100099,209,99838,209,100160,209,99761,209,100194,100,99750,209,100249,100,99632,100,100298,100,99619,100,100337,100,99545,100,100438,100,99541,100,100462,100,99516,100
2019-06-28 10:07:26.730666911,100039,209,100023,100,100052,209,99899,209,100099,209,99838,209,100160,209,99761,209,100194,100,99750,209,100249,100,99632,100,100298,100,99619,100,100337,100,99545,100,100438,100,99541,100,100443,100,99516,100
2019-06-28 10:07:30.000000000,100039,536,100023,536,100052,100,99899,100,100099,100,99838,100,100160,100,99761,100,100194,100,99750,100,100249,100,99632,100,100298,100,99619,100,100337,100,99545,100,100438,100,99541,100,100443,100,99516,100
2019-06-28 10:07:40.000000000,100039,248,100023,248,100052,244,99899,244,100099,244,99838,244,100160,100,99761,100,100194,100,99750,100,100249,100,99632,100,100298,100,99619,100,100337,100,99545,100,100438,100,99541,100,100443,100,99516,100
2019-06-28 10:07:50.000000000,100039,248,100023,248,100052,244,99899,244,100099,244,99838,244,100160,100,99761,100,100194,100,99750,100,100249,100,99632,100,100298,100,99619,100,100337,100,99545,100,100438,100,99541,100,100443,100,99516,100
2019-06-28 10:07:56.443795317,100039,248,100023,248,100052,244,99899,244,100099,244,99838,244,100160,100,99761,100,100194,100,99750,100,100249,100,99619,100,100298,100,99545,100,100337,100,99541,100,100438,100,99516,100,100443,100,99493,100
2019-06-28 10:08:00.000000000,100039,187,100023,187,100052,187,99899,187,100099,187,99838,187,100160,187,99761,187,100194,187,99750,187,100249,100,99619,100,100298,100,99545,100,100337,100,99541,100,100438,100,99516,100,100443,100,99493,100
2019-06-28 10:08:02.607748203,100039,187,100023,187,100052,187,99899,187,100099,187,99838,187,100160,187,99761,187,100194,187,99750,187,100249,100,99619,100,100298,100,99545,100,100337,100,99541,100,100438,100,99516,100,100443,100,99493,100
2019-06-28 10:08:10.000000000,100039,187,100023,187,100052,187,99899,187,100099,187,99838,187,100160,187,99761,187,100194,187,99750,187,100249,100,99619,100,100298,100,99545,100,100337,100,99541,100,100438,100,99516,100,100443,100,99493,100
2019-06-28 10:08:20.000000000,100039,248,100023,248,100052,244,99899,244,100099,244,99838,244,100160,100,99761,100,100194,100,99750,100,100249,100,99619,100,100298,100,99545,100,100337,100,99541,100,100438,100,99516,100,100443,100,99493,100
2019-06-28 10:08:27.033844803,100039,248,100023,348,100052,244,99899,244,100099,244,99838,244,100160,100,99761,100,100194,100,99750,100,100249,100,99619,100,100298,100,99545,100,100337,100,99541,100,100438,100,99516,100,100443,100,99493,100
2019-06-28 10:08:27.919962628,100039,148,100023,348,100052,244,99899,244,100099,244,99838,244,100160,100,99761,100,100194,100,99750,100,100249,100,99619,100,100298,100,99545,100,100337,100,99541,100,100438,100,99516,100,100443,100,99493,100
2019-06-28 10:08:30.000000000,100052,187,100023,287,100099,187,99899,187,100160,187,99838,187,100194,187,99761,187,100249,187,99750,187,100298,100,99619,100,100337,100,99545,100,100438,100,99541,100,100443,100,99516,100,100462,100,99493,100
2019-06-28 10:08:37.434225122,100052,187,100023,287,100099,187,99899,187,100160,187,99838,187,100194,187,99761,187,100249,187,99750,187,100298,100,99619,100,100337,100,99545,100,100438,100,99541,100,100443,100,99516,100,100462,100,99493,100
2019-06-28 10:08:40.000000000,100052,318,100023,418,100099,318,99899,318,100160,100,99838,100,100194,100,99761,100,100249,100,99750,100,100298,100,99619,100,100337,100,99545,100,100438,100,99541,100,100443,100,99516,100,100462,100,99493,100
2019-06-28 10:08:46.293666514,100052,318,100027,100,100099,318,100023,418,100160,100,99899,318,100194,100,99761,100,100249,100,99750,100,100298,100,99619,100,100337,100,99545,100,100438,100,99541,100,100443,100,99516,100,100462,100,99493,100
2019-06-28 10:08:50.000000000,100052,318,100027,318,100099,318,100023,418,100160,100,99899,100,100194,100,99761,100,100249,100,99750,100,100298,100,99619,100,100337,100,99545,100,100438,100,99541,100,100443,100,99516,100,100462,100,99493,100
2019-06-28 10:09:00.000000000,100052,187,100027,187,100099,187,100023,287,100160,187,99899,187,100194,187,99761,187,100249,187,99750,187,100298,100,99619,100,100337,100,99545,100,100438,100,99541,100,100443,100,99516,100,100462,100,99493,100
2019-06-28 10:09:02.723292429,100052,87,100027,187,100099,187,100023,287,100160,187,99899,187,100194,187,99761,187,100249,187,99750,187,100298,100,99619,100,100337,100,99545,100,100438,100,99541,100,100443,100,99516,100,100462,100,99493,100
2019-06-28 10:09:10.000000000,100099,187,100027,187,100160,187,100023,287,100194,187,99899,187,100249,187,99761,187,100298,187,99750,187,100337,100,99619,100,100438,100,99545,100,100443,100,99541,100,100462,100,99516,100,100906,100,99493,100
2019-06-28 10:09:13.426881384,100099,187,100027,287,100160,187,100023,187,100194,187,99899,187,100249,187,99761,187,100298,187,99750,187,100337,100,99619,100,100438,100,99545,100,100443,100,99541,100,100462,100,99516,100,100906,100,99493,100
2019-06-28 10:09:20.000000000,100099,536,100027,636,100160,100,100023,100,100194,100,99899,100,100249,100,99761,100,100298,100,99750,100,100337,100,99619,100,100438,100,99545,100,100443,100,99541,100,100462,100,99516,100,100906,100,99493,100
2019-06-28 10:09:30.000000000,100099,536,100027,636,100160,100,100023,100,100194,100,99899,100,100249,100,99761,100,100298,100,99750,100,100337,100,99619,100,100438,100,99545,100,100443,100,99541,100,100462,100,99516,100,100906,100,99493,100
2019-06-28 10:09:40.000000000,100099,209,100027,309,100160,209,100023,209,100194,209,99899,209,100249,209,99761,209,100298,100,99750,100,100337,100,99619,100,100438,100,99545,100,100443,100,99541,100,100462,100,99516,100,100906,100,99493,100
2019-06-28 10:09:40.545044646,100099,209,100027,309,100160,209,100023,209,100194,209,99899,209,100249,209,99761,209,100298,100,99750,100,100337,100,99619,100,100438,100,99545,100,100443,100,99541,100,100462,100,99516,100,100906,100,99493,100
2019-06-28 10:09:50.000000000,100099,318,100027,418,100160,318,100023,318,100194,100,99899,100,100249,100,99761,100,100298,100,99750,100,100337,100,99619,100,100438,100,99545,100,100443,100,99541,100,100462,100,99516,100,100906,100,99493,100
2019-06-28 10:09:58.524635360,100099,218,100027,418,100160,318,100023,318,100194,100,99899,100,100249,100,99761,100,100298,100,99750,100,100337,100,99619,100,100438,100,99545,100,100443,100,99541,100,100462,100,99516,100,100906,100,99493,100
