,ask_price_1,ask_size_1,bid_price_1,bid_size_1,ask_price_2,ask_size_2,bid_price_2,bid_size_2,ask_price_3,ask_size_3,bid_price_3,bid_size_3,ask_price_4,ask_size_4,bid_price_4,bid_size_4,ask_price_5,ask_size_5,bid_price_5,bid_size_5,ask_price_6,ask_size_6,bid_price_6,bid_size_6,ask_price_7,ask_size_7,bid_price_7,bid_size_7,ask_price_8,ask_size_8,bid_price_8,bid_size_8,ask_price_9,ask_size_9,bid_price_9,bid_size_9,ask_price_10,ask_size_10,bid_price_10,bid_size_10
2019-06-28 09:30:00.000000000,99955,100,,,100120,100,,,,,,,,,,,,,,,,,,,,,,,,,,,,,,,,,,
2019-06-28 09:30:00.000000001,99955,100,,,100113,100,,,100120,100,,,,,,,,,,,,,,,,,,,,,,,,,,,,,,
2019-06-28 09:30:00.000000005,100099,100,,,100113,100,,,100120,100,,,,,,,,,,,,,,,,,,,,,,,,,,,,,,
2019-06-28 09:30:00.000000009,100054,100,,,100099,100,,,100113,100,,,100120,100,,,,,,,,,,,,,,,,,,,,,,,,,,
2019-06-28 09:30:00.000000011,100053,100,,,100054,100,,,100099,100,,,100113,100,,,100120,100,,,,,,,,,,,,,,,,,,,,,,
2019-06-28 09:30:00.000000012,100053,100,100045,100,100054,100,,,100099,100,,,100113,100,,,100120,100,,,,,,,,,,,,,,,,,,,,,,
2019-06-28 09:30:00.000000015,100053,100,100045,100,100054,100,99819,100,100099,100,,,100113,100,,,100120,100,,,,,,,,,,,,,,,,,,,,,,
2019-06-28 09:30:00.000000016,100053,100,100045,100,100054,100,99894,100,100099,100,99819,100,100113,100,,,100120,100,,,,,,,,,,,,,,,,,,,,,,
2019-06-28 09:30:00.000000018,100053,100,100045,100,100054,100,99894,100,100058,100,99819,100,100099,100,,,100113,100,,,100120,100,,,,,,,,,,,,,,,,,,
2019-06-28 09:30:00.000000022,100053,100,100045,100,100054,100,99931,100,100058,100,99894,100,100099,100,99819,100,100113,100,,,100120,100,,,,,,,,,,,,,,,,,,
2019-06-28 09:30:00.000000023,100053,100,100045,100,100054,100,99931,100,100058,100,99894,100,100099,100,99819,100,100113,100,,,100120,100,,,100164,100,,,,,,,,,,,,,,
2019-06-28 09:30:00.000000024,100053,100,100045,100,100054,100,99931,100,100058,100,99894,100,100099,100,99841,100,100113,200,99819,100,100120,100,,,100164,100,,,,,,,,,,,,,,
2019-06-28 09:30:00.000000027,100053,100,100045,100,100054,100,99931,100,100058,100,99894,100,100099,100,99884,100,100113,200,99841,100,100120,100,99819,100,100164,100,,,,,,,,,,,,,,
2019-06-28 09:30:00.000000028,100053,100,100045,100,100054,100,99935,100,100057,100,99933,100,100058,100,99931,100,100099,100,99894,100,100113,200,99884,100,100120,100,99841,100,100164,100,99819,100,,,,,,,,
2019-06-28 09:30:00.000000029,100053,100,100045,100,100054,100,100030,100,100057,100,100005,100,100058,100,99935,100,100099,100,99933,100,100113,200,99931,100,100120,100,99894,100,100164,100,99884,100,100176,100,99841,100,,,99819,100
2019-06-28 09:30:00.000000030,100053,100,100045,100,100054,100,100030,100,100057,100,100005,100,100058,100,99935,100,100099,100,99933,100,100113,200,99931,100,100120,100,99894,100,100134,100,99884,100,100164,100,99841,100,100176,100,99819,100
2019-06-28 09:30:00.000000031,100053,100,100045,100,100054,100,100030,100,100057,100,100005,100,100058,100,99935,100,100099,100,99933,100,100113,200,99931,100,100120,100,99904,100,100134,100,99894,100,100164,100,99884,100,100176,100,99841,100
2019-06-28 09:30:00.000000032,100053,100,100030,100,100054,100,100005,100,100057,100,99935,100,100058,100,99933,100,100099,100,99931,100,100113,200,99904,100,100120,100,99894,100,100134,100,99884,100,100164,100,99841,100,100176,100,99819,100
2019-06-28 09:30:00.000000033,100053,100,100005,100,100054,100,99935,100,100057,100,99933,100,100058,100,99931,100,100099,100,99904,100,100113,200,99894,100,100120,100,99884,100,100134,100,99841,100,100164,100,99819,100,100176,100,,
2019-06-28 09:30:00.000000035,100045,100,100005,100,100053,100,99935,100,100054,100,99933,100,100057,100,99931,100,100058,100,99904,100,100099,100,99894,100,100113,200,99884,100,100120,100,99841,100,100134,100,99819,100,100164,100,,
2019-06-28 09:30:00.000000036,100045,100,100005,100,100053,100,99935,100,100054,100,99933,100,100057,100,99931,100,100058,100,99904,100,100085,100,99894,100,100099,100,99884,100,100113,200,99841,100,100120,100,99819,100,100134,100,,
2019-06-28 09:30:00.000000039,100011,100,100005,100,100045,100,99935,100,100053,100,99933,100,100054,100,99931,100,100057,100,99904,100,100058,100,99894,100,100085,100,99884,100,100099,100,99841,100,100113,200,99819,100,100120,100,,
2019-06-28 09:30:00.000000040,100045,100,100005,100,100053,100,99935,100,100054,100,99933,100,100057,100,99931,100,100058,100,99904,100,100085,100,99894,100,100099,100,99884,100,100113,200,99841,100,100120,100,99819,100,100134,100,,
2019-06-28 09:30:00.000000042,100030,100,100005,100,100045,100,99935,100,100053,100,99933,100,100054,100,99931,100,100057,100,99904,100,100058,100,99894,100,100085,100,99884,100,100099,100,99841,100,100113,200,99819,100,100120,100,,
2019-06-28 09:30:00.000000043,100030,100,100005,100,100045,200,99935,100,100053,100,99933,100,100054,100,99931,100,100057,100,99904,100,100058,100,99894,100,100085,100,99884,100,100099,100,99841,100,100113,200,99819,100,100120,100,,
2019-06-28 09:30:00.000000052,100045,200,100005,100,100053,100,99935,100,100054,100,99933,100,100057,100,99931,100,100058,100,99904,100,100085,100,99894,100,100099,100,99884,100,100113,200,99841,100,100120,100,99819,100,100134,100,99817,100
2019-06-28 09:30:00.000000053,100045,200,100005,100,100053,100,99935,100,100054,100,99933,100,100057,100,99931,100,100058,100,99915,100,100066,100,99904,100,100085,100,99894,100,100099,100,99884,100,100113,200,99841,100,100120,100,99819,100
2019-06-28 09:30:00.000000054,100045,100,100005,100,100053,100,99940,100,100054,100,99935,100,100057,100,99933,100,100058,100,99931,100,100066,100,99915,100,100085,100,99904,100,100099,100,99894,100,100113,200,99884,100,100120,100,99841,100
2019-06-28 09:30:00.000000055,100045,100,100005,100,100053,100,99940,100,100054,100,99935,100,100057,100,99933,100,100058,100,99931,100,100066,100,99929,100,100085,100,99915,100,100099,100,99904,100,100113,200,99894,100,100120,100,99884,100
2019-06-28 09:30:00.000000056,100045,100,100030,100,100053,100,100016,100,100054,100,100005,100,100057,100,99940,100,100058,100,99935,100,100066,100,99933,100,100085,100,99931,100,100099,100,99929,100,100113,200,99915,100,100120,100,99904,100
2019-06-28 09:30:00.000000061,100045,100,100030,100,100053,100,100016,100,100054,100,100005,100,100057,100,99968,100,100058,100,99940,100,100066,100,99935,100,100079,100,99933,100,100085,100,99931,100,100099,100,99929,100,100113,200,99915,100
2019-06-28 09:30:00.000000062,100045,100,100030,100,100053,100,100016,100,100054,100,100005,100,100057,100,99968,100,100058,100,99940,100,100066,100,99935,100,100079,100,99934,100,100085,100,99933,100,100099,100,99931,100,100113,200,99929,100
2019-06-28 09:30:00.000000065,100044,100,100030,100,100045,100,100016,100,100053,100,100005,100,100054,100,99968,100,100057,100,99940,100,100058,100,99935,100,100066,100,99934,100,100079,100,99933,100,100085,100,99931,100,100099,100,99929,100
2019-06-28 09:30:00.000000066,100044,200,100030,100,100045,100,100016,100,100053,100,100005,100,100054,100,99968,100,100057,100,99940,100,100058,100,99935,100,100066,100,99934,100,100079,100,99933,100,100085,100,99931,100,100099,100,99929,100
2019-06-28 09:30:00.000000068,100044,200,100030,100,100045,100,100016,100,100053,100,100005,100,100054,100,99968,100,100057,100,99940,100,100058,100,99935,100,100066,100,99934,100,100067,100,99933,100,100079,100,99931,100,100085,100,99929,100
2019-06-28 09:30:00.000000069,100044,300,100030,100,100045,100,100016,100,100053,100,100005,100,100054,100,99968,100,100057,100,99940,100,100058,100,99935,100,100066,100,99934,100,100067,100,99933,100,100079,100,99931,100,100085,100,99929,100
2019-06-28 09:30:00.000000072,100044,300,100030,100,100045,100,100016,100,100053,100,100005,100,100054,100,99968,100,100057,100,99946,100,100058,100,99940,100,100066,100,99935,100,100067,100,99934,100,100079,100,99933,100,100085,100,99931,100
2019-06-28 09:30:00.000000075,100044,400,100030,100,100045,100,100016,100,100053,100,100005,100,100054,100,99968,100,100057,100,99946,100,100058,100,99940,100,100066,100,99935,100,100067,100,99934,100,100079,100,99933,100,100085,100,99931,100
2019-06-28 09:30:00.000000076,100044,400,100030,100,100045,100,100016,100,100053,100,100005,100,100054,100,99968,100,100057,100,99946,100,100058,100,99940,100,100066,100,99935,100,100067,100,99934,100,100079,100,99933,100,100085,100,99931,100
2019-06-28 09:30:00.000000078,100044,400,100016,100,100045,100,100005,100,100053,100,99968,100,100054,100,99946,100,100057,100,99940,100,100058,100,99935,100,100066,100,99934,100,100067,100,99933,100,100079,100,99931,100,100085,100,99929,100
2019-06-28 09:30:00.000000079,100044,400,100016,100,100045,100,100005,100,100053,100,99968,100,100054,100,99946,100,100057,100,99940,100,100058,100,99935,100,100066,100,99934,100,100067,100,99933,100,100079,100,99931,100,100085,100,99929,100
2019-06-28 09:30:00.000000086,100044,400,100016,100,100045,100,100005,100,100053,100,99968,100,100054,100,99946,100,100057,100,99940,100,100058,100,99935,100,100066,100,99934,100,100067,100,99933,100,100079,100,99931,100,100085,100,99929,100
2019-06-28 09:30:00.000000088,100043,100,100016,100,100044,400,100005,100,100045,100,99968,100,100053,100,99946,100,100054,100,99940,100,100057,100,99935,100,100058,100,99934,100,100066,100,99933,100,100067,100,99931,100,100079,100,99929,100
2019-06-28 09:30:00.000000090,100043,100,100016,100,100044,400,100005,100,100045,100,99968,100,100053,100,99946,100,100054,100,99940,100,100057,100,99935,100,100058,100,99934,100,100066,100,99933,100,100067,100,99931,100,100079,100,99929,100
2019-06-28 09:30:00.000000093,100043,100,100033,100,100044,400,100016,100,100045,100,100005,100,100053,100,99968,100,100054,100,99946,100,100057,100,99940,100,100058,100,99935,100,100066,100,99934,100,100067,100,99933,100,100079,100,99931,100
2019-06-28 09:30:00.000000098,100040,100,100033,100,100043,100,100016,100,100044,400,100005,100,100045,100,99968,100,100053,100,99946,100,100054,100,99940,100,100057,100,99935,100,100058,100,99934,100,100066,100,99933,100,100067,100,99931,100
2019-06-28 09:30:08.717356875,100040,100,100016,100,100043,100,100005,100,100044,400,99968,100,100045,100,99940,100,100053,100,99935,100,100054,100,99934,100,100057,100,99933,100,100058,100,99931,100,100066,100,99929,100,100067,100,99927,100
2019-06-28 09:30:10.000000000,100040,224,100016,224,100043,224,100005,224,100044,524,99968,224,100045,224,99940,224,100053,100,99935,100,100054,100,99934,100,100057,100,99933,100,100058,100,99931,100,100066,100,99929,100,100067,100,99927,100
2019-06-28 09:30:20.000000000,100040,348,100016,348,100043,348,100005,348,100044,400,99968,100,100045,100,99940,100,100053,100,99935,100,100054,100,99934,100,100057,100,99933,100,100058,100,99931,100,100066,100,99929,100,100067,100,99927,100
2019-06-28 09:30:30.000000000,100040,269,100016,269,100043,264,100005,264,100044,564,99968,264,100045,100,99940,100,100053,100,99935,100,100054,100,99934,100,100057,100,99933,100,100058,100,99931,100,100066,100,99929,100,100067,100,99927,100
2019-06-28 09:30:34.360543370,100040,269,100016,269,100043,264,100005,264,100044,564,99968,264,100045,100,99940,100,100053,100,99935,100,100054,100,99934,100,100057,100,99933,100,100058,100,99931,100,100066,100,99929,100,100067,100,99927,100
2019-06-28 09:30:37.445418251,100040,269,100016,269,100043,264,100005,264,100044,564,99968,264,100045,100,99940,100,100053,100,99935,100,100054,100,99934,100,100057,100,99933,100,100058,100,99931,100,100066,100,99929,100,100067,100,99927,100
2019-06-28 09:30:40.000000000,100040,199,100016,199,100043,199,100005,199,100044,499,99968,199,100045,199,99940,199,100053,199,99935,199,100054,100,99934,100,100057,100,99933,100,100058,100,99931,100,100066,100,99929,100,100067,100,99927,100
2019-06-28 09:30:50.000000000,100040,348,100016,348,100043,348,100005,348,100044,400,99968,100,100045,100,99940,100,100053,100,99935,100,100054,100,99934,100,100057,100,99933,100,100058,100,99931,100,100066,100,99929,100,100067,100,99927,100
2019-06-28 09:31:00.000000000,100040,348,100016,348,100043,348,100005,348,100044,400,99968,100,100045,100,99940,100,100053,100,99935,100,100054,100,99934,100,100057,100,99933,100,100058,100,99931,100,100066,100,99929,100,100067,100,99927,100
2019-06-28 09:31:00.962016330,100040,348,100016,348,100043,348,100005,348,100044,400,99968,100,100045,100,99940,100,100053,100,99935,100,100054,100,99934,100,100057,100,99933,100,100058,100,99931,100,100066,100,99929,100,100067,100,99915,100
2019-06-28 09:31:01.091789472,100040,348,100016,248,100043,348,100005,348,100044,400,99968,100,100045,100,99940,100,100053,100,99935,100,100054,100,99934,100,100057,100,99933,100,100058,100,99931,100,100066,100,99929,100,100067,100,99915,100
2019-06-28 09:31:03.912908352,100040,348,100016,248,100043,348,100005,348,100044,400,99992,100,100045,100,99968,100,100053,100,99940,100,100054,100,99935,100,100057,100,99934,100,100058,100,99933,100,100066,100,99931,100,100067,100,99929,100
2019-06-28 09:31:10.000000000,100040,224,100005,224,100043,224,99992,224,100044,524,99968,224,100045,224,99940,224,100053,100,99935,100,100054,100,99934,100,100057,100,99933,100,100058,100,99931,100,100066,100,99929,100,100067,100,99915,100
2019-06-28 09:31:15.604575338,100040,224,100005,224,100043,224,99992,224,100044,524,99968,224,100045,224,99940,224,100053,100,99935,100,100054,100,99934,100,100057,100,99933,100,100058,100,99931,100,100066,100,99929,100,100067,100,99915,100
2019-06-28 09:31:20.000000000,100040,596,100005,596,100043,100,99992,100,100044,400,99968,100,100045,100,99940,100,100053,100,99935,100,100054,100,99934,100,100057,100,99933,100,100058,100,99931,100,100066,100,99929,100,100067,100,99915,100
2019-06-28 09:31:30.000000000,100040,269,100005,269,100043,264,99992,264,100044,564,99968,264,100045,100,99940,100,100053,100,99935,100,100054,100,99934,100,100057,100,99933,100,100058,100,99931,100,100066,100,99929,100,100067,100,99915,100
2019-06-28 09:31:40.000000000,100040,269,100005,269,100043,264,99992,264,100044,564,99968,264,100045,100,99940,100,100053,100,99935,100,100054,100,99934,100,100057,100,99933,100,100058,100,99931,100,100066,100,99929,100,100067,100,99915,100
2019-06-28 09:31:46.420975775,100040,269,100005,269,100043,264,99992,264,100044,564,99968,264,100045,100,99940,100,100053,100,99935,100,100054,100,99934,100,100057,100,99933,100,100058,100,99931,100,100066,100,99929,100,100067,100,99915,100
2019-06-28 09:31:50.000000000,100040,348,100005,348,100043,348,99992,348,100044,400,99968,100,100045,100,99940,100,100053,100,99935,100,100054,100,99934,100,100057,100,99933,100,100058,100,99931,100,100066,100,99929,100,100067,100,99915,100
2019-06-28 09:31:53.791077546,100040,248,100005,348,100043,348,99992,348,100044,400,99968,100,100045,100,99940,100,100053,100,99935,100,100054,100,99934,100,100057,100,99933,100,100058,100,99931,100,100066,100,99929,100,100067,100,99915,100
2019-06-28 09:32:00.000000000,100043,199,100005,199,100044,499,99992,199,100045,199,99968,199,100053,199,99940,199,100054,199,99935,199,100057,100,99934,100,100058,100,99933,100,100066,100,99931,100,100067,100,99929,100,100079,100,99915,100
2019-06-28 09:32:10.000000000,100043,596,100005,596,100044,400,99992,100,100045,100,99968,100,100053,100,99940,100,100054,100,99935,100,100057,100,99934,100,100058,100,99933,100,100066,100,99931,100,100067,100,99929,100,100079,100,99915,100
2019-06-28 09:32:20.000000000,100043,348,100005,348,100044,648,99992,348,100045,100,99968,100,100053,100,99940,100,100054,100,99935,100,100057,100,99934,100,100058,100,99933,100,100066,100,99931,100,100067,100,99929,100,100079,100,99915,100
2019-06-28 09:32:30.000000000,100043,224,100005,224,100044,524,99992,224,100045,224,99968,224,100053,224,99940,224,100054,100,99935,100,100057,100,99934,100,100058,100,99933,100,100066,100,99931,100,100067,100,99929,100,100079,100,99915,100
2019-06-28 09:32:40.000000000,100043,269,100005,269,100044,564,99992,264,100045,264,99968,264,100053,100,99940,100,100054,100,99935,100,100057,100,99934,100,100058,100,99933,100,100066,100,99931,100,100067,100,99929,100,100079,100,99915,100
2019-06-28 09:32:47.598103073,100043,269,100005,269,100044,564,99992,264,100045,264,99968,264,100053,100,99940,100,100054,100,99935,100,100057,100,99934,100,100058,100,99933,100,100066,100,99931,100,100067,100,99929,100,100079,100,99915,100
2019-06-28 09:32:50.000000000,100043,269,100005,269,100044,564,99992,264,100045,264,99968,264,100053,100,99940,100,100054,100,99935,100,100057,100,99934,100,100058,100,99933,100,100066,100,99931,100,100067,100,99929,100,100079,100,99915,100
2019-06-28 09:32:58.962580774,100043,269,100005,269,100044,564,99992,264,100045,264,99968,264,100053,100,99940,100,100054,100,99935,100,100057,100,99934,100,100058,100,99933,100,100066,100,99931,100,100067,100,99929,100,100079,100,99915,100
2019-06-28 09:33:00.000000000,100043,224,100005,224,100044,524,99992,224,100045,224,99968,224,100053,224,99940,224,100054,100,99935,100,100057,100,99934,100,100058,100,99933,100,100066,100,99931,100,100067,100,99929,100,100079,100,99915,100
2019-06-28 09:33:10.000000000,100043,348,100005,348,100044,648,99992,348,100045,100,99968,100,100053,100,99940,100,100054,100,99935,100,100057,100,99934,100,100058,100,99933,100,100066,100,99931,100,100067,100,99929,100,100079,100,99915,100
2019-06-28 09:33:20.000000000,100043,348,100005,348,100044,648,99992,348,100045,100,99968,100,100053,100,99940,100,100054,100,99935,100,100057,100,99934,100,100058,100,99933,100,100066,100,99931,100,100067,100,99929,100,100079,100,99915,100
2019-06-28 09:33:24.513469706,100043,248,100005,348,100044,648,99992,348,100045,100,99968,100,100053,100,99940,100,100054,100,99935,100,100057,100,99934,100,100058,100,99933,100,100067,100,99931,100,100079,100,99929,100,100085,100,99915,100
2019-06-28 09:33:30.000000000,100044,499,100005,199,100045,199,99992,199,100053,199,99968,199,100054,199,99940,199,100057,199,99935,199,100058,100,99934,100,100067,100,99933,100,100079,100,99931,100,100085,100,99929,100,100086,100,99915,100
2019-06-28 09:33:40.000000000,100044,499,100005,199,100045,199,99992,199,100053,199,99968,199,100054,199,99940,199,100057,199,99935,199,100058,100,99934,100,100067,100,99933,100,100079,100,99931,100,100085,100,99929,100,100086,100,99915,100
2019-06-28 09:33:50.000000000,100044,499,100005,199,100045,199,99992,199,100053,199,99968,199,100054,199,99940,199,100057,199,99935,199,100058,100,99934,100,100067,100,99933,100,100079,100,99931,100,100085,100,99929,100,100086,100,99915,100
2019-06-28 09:34:00.000000000,100044,569,100005,269,100045,264,99992,264,100053,264,99968,264,100054,100,99940,100,100057,100,99935,100,100058,100,99934,100,100067,100,99933,100,100079,100,99931,100,100085,100,99929,100,100086,100,99915,100
2019-06-28 09:34:10.000000000,100044,896,100005,596,100045,100,99992,100,100053,100,99968,100,100054,100,99940,100,100057,100,99935,100,100058,100,99934,100,100067,100,99933,100,100079,100,99931,100,100085,100,99929,100,100086,100,99915,100
2019-06-28 09:34:20.000000000,100044,499,100005,199,100045,199,99992,199,100053,199,99968,199,100054,199,99940,199,100057,199,99935,199,100058,100,99934,100,100067,100,99933,100,100079,100,99931,100,100085,100,99929,100,100086,100,99915,100
2019-06-28 09:34:23.895233885,100044,499,100005,199,100045,199,99992,199,100053,199,99968,199,100054,199,99940,199,100057,199,99935,199,100058,100,99934,100,100067,100,99933,100,100079,100,99931,100,100085,100,99929,100,100086,100,99915,100
2019-06-28 09:34:30.000000000,100044,499,100005,199,100045,199,99992,199,100053,199,99968,199,100054,199,99940,199,100057,199,99935,199,100058,100,99934,100,100067,100,99933,100,100079,100,99931,100,100085,100,99929,100,100086,100,99915,100
2019-06-28 09:34:40.000000000,100044,648,100005,348,100045,348,99992,348,100053,100,99968,100,100054,100,99940,100,100057,100,99935,100,100058,100,99934,100,100067,100,99933,100,100079,100,99931,100,100085,100,99929,100,100086,100,99915,100
2019-06-28 09:34:40.789753820,100044,648,100040,100,100045,348,100005,348,100053,100,99992,348,100054,100,99968,100,100057,100,99940,100,100058,100,99935,100,100067,100,99934,100,100079,100,99933,100,100085,100,99931,100,100086,100,99929,100
2019-06-28 09:34:50.000000000,100044,569,100040,269,100045,264,100005,264,100053,264,99992,264,100054,100,99968,100,100057,100,99940,100,100058,100,99935,100,100067,100,99934,100,100079,100,99933,100,100085,100,99931,100,100086,100,99929,100
2019-06-28 09:34:54.496597685,100044,569,100040,369,100045,264,100005,264,100053,264,99992,264,100054,100,99968,100,100057,100,99940,100,100058,100,99935,100,100067,100,99934,100,100079,100,99933,100,100085,100,99931,100,100086,100,99929,100
2019-06-28 09:35:00.000000000,100044,499,100040,299,100045,199,100005,199,100053,199,99992,199,100054,199,99968,199,100057,199,99940,199,100058,100,99935,100,100067,100,99934,100,100079,100,99933,100,100085,100,99931,100,100086,100,99929,100
2019-06-28 09:35:07.119096678,100044,399,100040,299,100045,199,100005,199,100053,199,99992,199,100054,199,99968,199,100057,199,99940,199,100058,100,99935,100,100067,100,99934,100,100079,100,99933,100,100085,100,99931,100,100086,100,99929,100
2019-06-28 09:35:10.000000000,100044,469,100040,369,100045,264,100005,264,100053,264,99992,264,100054,100,99968,100,100057,100,99940,100,100058,100,99935,100,100067,100,99934,100,100079,100,99933,100,100085,100,99931,100,100086,100,99929,100
2019-06-28 09:35:11.738436064,100044,469,100040,369,100045,264,100005,264,100053,264,99992,264,100054,100,99968,100,100057,100,99940,100,100058,100,99935,100,100067,100,99934,100,100079,100,99933,100,100085,100,99931,100,100086,100,99929,100
2019-06-28 09:35:20.000000000,100044,424,100040,324,100045,224,100005,224,100053,224,99992,224,100054,224,99968,224,100057,100,99940,100,100058,100,99935,100,100067,100,99934,100,100079,100,99933,100,100085,100,99931,100,100086,100,99929,100
2019-06-28 09:35:24.889916603,100044,424,100040,324,100045,224,100005,224,100053,224,99992,224,100054,224,99968,124,100057,100,99940,100,100058,100,99935,100,100067,100,99934,100,100079,100,99933,100,100085,100,99931,100,100086,100,99929,100
2019-06-28 09:35:30.000000000,100044,399,100040,299,100045,199,100005,199,100053,199,99992,199,100054,199,99940,199,100057,199,99935,199,100058,100,99934,100,100067,100,99933,100,100079,100,99931,100,100085,100,99929,100,100086,100,99915,100
2019-06-28 09:35:40.000000000,100044,548,100040,448,100045,348,100005,348,100053,100,99992,100,100054,100,99940,100,100057,100,99935,100,100058,100,99934,100,100067,100,99933,100,100079,100,99931,100,100085,100,99929,100,100086,100,99915,100
2019-06-28 09:35:50.000000000,100044,548,100040,448,100045,348,100005,348,100053,100,99992,100,100054,100,99940,100,100057,100,99935,100,100058,100,99934,100,100067,100,99933,100,100079,100,99931,100,100085,100,99929,100,100086,100,99915,100
2019-06-28 09:36:00.000000000,100044,796,100040,696,100045,100,100005,100,100053,100,99992,100,100054,100,99940,100,100057,100,99935,100,100058,100,99934,100,100067,100,99933,100,100079,100,99931,100,100085,100,99929,100,100086,100,99915,100
2019-06-28 09:36:02.983821569,100044,696,100040,696,100045,100,100005,100,100053,100,99992,100,100054,100,99940,100,100057,100,99935,100,100058,100,99934,100,100067,100,99933,100,100079,100,99931,100,100085,100,99915,100,100086,100,99911,100
2019-06-28 09:36:10.000000000,100044,324,100040,324,100045,224,100005,224,100053,224,99992,224,100054,224,99940,224,100057,100,99935,100,100058,100,99934,100,100067,100,99933,100,100079,100,99931,100,100085,100,99915,100,100086,100,99911,100
2019-06-28 09:36:16.245995050,100044,224,100040,324,100045,224,100005,224,100053,224,99992,224,100054,224,99940,224,100057,100,99935,100,100058,100,99934,100,100067,100,99933,100,100079,100,99931,100,100085,100,99915,100,100086,100,99911,100
2019-06-28 09:36:19.046963616,100044,124,100040,324,100045,224,100005,224,100053,224,99992,224,100054,224,99940,224,100057,100,99935,100,100058,100,99934,100,100067,100,99933,100,100079,100,99931,100,100085,100,99915,100,100086,100,99911,100
2019-06-28 09:36:20.000000000,100045,348,100040,448,100053,348,100005,348,100054,100,99992,100,100057,100,99940,100,100058,100,99935,100,100067,100,99934,100,100079,100,99933,100,100085,100,99931,100,100086,100,99915,100,100099,100,99911,100
2019-06-28 09:36:30.000000000,100045,596,100040,696,100053,100,100005,100,100054,100,99992,100,100057,100,99940,100,100058,100,99935,100,100067,100,99934,100,100079,100,99933,100,100085,100,99931,100,100086,100,99915,100,100099,100,99911,100
2019-06-28 09:36:40.000000000,100045,224,100040,324,100053,224,100005,224,100054,224,99992,224,100057,224,99940,224,100058,100,99935,100,100067,100,99934,100,100079,100,99933,100,100085,100,99931,100,100086,100,99915,100,100099,100,99911,100
2019-06-28 09:36:50.000000000,100045,348,100040,448,100053,348,100005,348,100054,100,99992,100,100057,100,99940,100,100058,100,99935,100,100067,100,99934,100,100079,100,99933,100,100085,100,99931,100,100086,100,99915,100,100099,100,99911,100
2019-06-28 09:36:59.527601442,100045,348,100040,448,100053,348,100005,348,100054,100,99940,100,100057,100,99935,100,100058,100,99934,100,100067,100,99933,100,100079,100,99931,100,100085,100,99915,100,100086,100,99911,100,100099,100,99909,100
2019-06-28 09:37:00.000000000,100045,269,100040,369,100053,264,100005,264,100054,264,99940,264,100057,100,99935,100,100058,100,99934,100,100067,100,99933,100,100079,100,99931,100,100085,100,99915,100,100086,100,99911,100,100099,100,99909,100
2019-06-28 09:37:02.477941198,100045,269,100040,369,100053,264,100005,264,100054,264,99940,264,100057,100,99935,100,100058,100,99934,100,100067,100,99933,100,100085,100,99931,100,100086,100,99915,100,100099,100,99911,100,100102,100,99909,100
2019-06-28 09:37:10.000000000,100045,269,100040,369,100053,264,100005,264,100054,264,99940,264,100057,100,99935,100,100058,100,99934,100,100067,100,99933,100,100085,100,99931,100,100086,100,99915,100,100099,100,99911,100,100102,100,99909,100
2019-06-28 09:37:20.000000000,100045,224,100040,324,100053,224,100005,224,100054,224,99940,224,100057,224,99935,224,100058,100,99934,100,100067,100,99933,100,100085,100,99931,100,100086,100,99915,100,100099,100,99911,100,100102,100,99909,100
2019-06-28 09:37:20.224796634,100045,224,100040,224,100053,224,100005,224,100054,224,99940,224,100057,224,99935,224,100058,100,99934,100,100067,100,99933,100,100086,100,99931,100,100099,100,99915,100,100102,100,99911,100,100113,300,99909,100
2019-06-28 09:37:30.000000000,100045,199,100040,199,100053,199,100005,199,100054,199,99940,199,100057,199,99935,199,100058,199,99934,199,100067,100,99933,100,100086,100,99931,100,100099,100,99915,100,100102,100,99911,100,100113,300,99909,100
2019-06-28 09:37:40.000000000,100045,269,100040,269,100053,264,100005,264,100054,264,99940,264,100057,100,99935,100,100058,100,99934,100,100067,100,99933,100,100086,100,99931,100,100099,100,99915,100,100102,100,99911,100,100113,300,99909,100
2019-06-28 09:37:50.000000000,100045,596,100040,596,100053,100,100005,100,100054,100,99940,100,100057,100,99935,100,100058,100,99934,100,100067,100,99933,100,100086,100,99931,100,100099,100,99915,100,100102,100,99911,100,100113,300,99909,100
2019-06-28 09:38:00.000000000,100045,348,100040,348,100053,348,100005,348,100054,100,99940,100,100057,100,99935,100,100058,100,99934,100,100067,100,99933,100,100086,100,99931,100,100099,100,99915,100,100102,100,99911,100,100113,300,99909,100
2019-06-28 09:38:08.232779884,100045,348,100040,348,100053,348,100005,348,100054,100,99940,100,100057,100,99935,100,100058,100,99934,100,100067,100,99933,100,100099,100,99931,100,100102,100,99915,100,100113,300,99911,100,100120,100,99909,100
2019-06-28 09:38:10.000000000,100045,224,100040,224,100053,224,100005,224,100054,224,99940,224,100057,224,99935,224,100058,100,99934,100,100067,100,99933,100,100099,100,99931,100,100102,100,99915,100,100113,300,99911,100,100120,100,99909,100
2019-06-28 09:38:19.207667359,100044,100,100040,224,100045,224,100005,224,100053,224,99940,224,100054,224,99935,224,100057,224,99934,100,100058,100,99933,100,100067,100,99931,100,100099,100,99915,100,100102,100,99911,100,100113,300,99909,100
2019-06-28 09:38:20.000000000,100044,269,100040,269,100045,264,100005,264,100053,264,99940,264,100054,100,99935,100,100057,100,99934,100,100058,100,99933,100,100067,100,99931,100,100099,100,99915,100,100102,100,99911,100,100113,300,99909,100
2019-06-28 09:38:24.552761277,100044,269,100040,269,100045,264,100005,264,100053,264,99940,264,100054,100,99935,100,100057,100,99934,100,100058,100,99933,100,100067,100,99931,100,100099,100,99915,100,100102,100,99911,100,100113,300,99909,100
2019-06-28 09:38:30.000000000,100044,224,100040,224,100045,224,100005,224,100053,224,99940,224,100054,224,99935,224,100057,100,99934,100,100058,100,99933,100,100067,100,99931,100,100099,100,99915,100,100102,100,99911,100,100113,300,99909,100
2019-06-28 09:38:40.000000000,100044,269,100040,269,100045,264,100005,264,100053,264,99940,264,100054,100,99935,100,100057,100,99934,100,100058,100,99933,100,100067,100,99931,100,100099,100,99915,100,100102,100,99911,100,100113,300,99909,100
2019-06-28 09:38:50.000000000,100044,224,100040,224,100045,224,100005,224,100053,224,99940,224,100054,224,99935,224,100057,100,99934,100,100058,100,99933,100,100067,100,99931,100,100099,100,99915,100,100102,100,99911,100,100113,300,99909,100
2019-06-28 09:38:52.216293365,100044,224,100040,124,100045,224,100005,224,100053,224,99940,224,100054,224,99935,224,100057,100,99934,100,100058,100,99933,100,100067,100,99931,100,100099,100,99915,100,100102,100,99911,100,100113,300,99909,100
2019-06-28 09:38:56.626981315,100044,224,100040,124,100045,224,100005,224,100053,224,99940,224,100054,224,99935,224,100057,100,99934,100,100058,100,99933,100,100067,100,99931,100,100099,100,99915,100,100102,100,99911,100,100113,300,99909,100
2019-06-28 09:39:00.000000000,100044,224,100005,224,100045,224,99940,224,100053,224,99935,224,100054,224,99934,224,100057,100,99933,100,100058,100,99931,100,100067,100,99915,100,100099,100,99911,100,100102,100,99909,100,100113,300,99904,100
2019-06-28 09:39:06.281724028,100044,224,100005,124,100045,224,99940,224,100053,224,99935,224,100054,224,99934,224,100057,100,99933,100,100058,100,99931,100,100067,100,99915,100,100099,100,99911,100,100102,100,99909,100,100113,300,99904,100
2019-06-28 09:39:10.000000000,100044,224,99940,224,100045,224,99935,224,100053,224,99934,224,100054,224,99933,224,100057,100,99931,100,100058,100,99915,100,100067,100,99911,100,100099,100,99909,100,100102,100,99904,100,100113,300,99900,100
2019-06-28 09:39:20.000000000,100044,596,99940,596,100045,100,99935,100,100053,100,99934,100,100054,100,99933,100,100057,100,99931,100,100058,100,99915,100,100067,100,99911,100,100099,100,99909,100,100102,100,99904,100,100113,300,99900,100
2019-06-28 09:39:30.000000000,100044,269,99940,269,100045,264,99935,264,100053,264,99934,264,100054,100,99933,100,100057,100,99931,100,100058,100,99915,100,100067,100,99911,100,100099,100,99909,100,100102,100,99904,100,100113,300,99900,100
2019-06-28 09:39:40.000000000,100044,596,99940,596,100045,100,99935,100,100053,100,99934,100,100054,100,99933,100,100057,100,99931,100,100058,100,99915,100,100067,100,99911,100,100099,100,99909,100,100102,100,99904,100,100113,300,99900,100
2019-06-28 09:39:45.339375833,100044,596,99940,596,100053,100,99935,100,100054,100,99934,100,100057,100,99933,100,100058,100,99931,100,100067,100,99915,100,100099,100,99911,100,100102,100,99909,100,100113,300,99904,100,100120,100,99900,100
2019-06-28 09:39:49.729275779,100040,100,99940,596,100044,596,99935,100,100053,100,99934,100,100054,100,99933,100,100057,100,99931,100,100058,100,99915,100,100067,100,99911,100,100099,100,99909,100,100102,100,99904,100,100113,300,99900,100
2019-06-28 09:39:50.000000000,100040,596,99940,596,100044,100,99935,100,100053,100,99934,100,100054,100,99933,100,100057,100,99931,100,100058,100,99915,100,100067,100,99911,100,100099,100,99909,100,100102,100,99904,100,100113,300,99900,100
2019-06-28 09:39:56.215318517,100040,696,99940,596,100044,100,99935,100,100053,100,99934,100,100054,100,99933,100,100057,100,99931,100,100058,100,99915,100,100067,100,99911,100,100099,100,99909,100,100102,100,99904,100,100113,300,99900,100
2019-06-28 09:39:57.808924988,100040,696,99940,496,100044,100,99935,100,100053,100,99934,100,100054,100,99933,100,100057,100,99931,100,100058,100,99915,100,100067,100,99911,100,100099,100,99909,100,100102,100,99904,100,100113,300,99900,100
2019-06-28 09:40:00.000000000,100040,369,99935,269,100044,264,99934,264,100053,264,99933,264,100054,100,99931,100,100057,100,99915,100,100058,100,99911,100,100067,100,99909,100,100099,100,99904,100,100102,100,99900,100,100113,300,99884,100
2019-06-28 09:40:10.000000000,100040,369,99935,269,100044,264,99934,264,100053,264,99933,264,100054,100,99931,100,100057,100,99915,100,100058,100,99911,100,100067,100,99909,100,100099,100,99904,100,100102,100,99900,100,100113,300,99884,100
2019-06-28 09:40:18.859336098,100040,369,99935,269,100044,264,99934,264,100053,264,99933,264,100054,100,99931,100,100057,100,99915,100,100058,100,99911,100,100067,100,99909,100,100099,100,99904,100,100102,100,99900,100,100113,300,99884,100
2019-06-28 09:40:19.815949374,100040,369,99935,269,100044,264,99934,264,100053,264,99933,264,100054,100,99931,100,100057,100,99915,100,100058,100,99911,100,100067,100,99909,100,100099,100,99904,100,100113,300,99900,100,100115,100,99884,100
2019-06-28 09:40:20.000000000,100040,369,99935,269,100044,264,99934,264,100053,264,99933,264,100054,100,99931,100,100057,100,99915,100,100058,100,99911,100,100067,100,99909,100,100099,100,99904,100,100113,300,99900,100,100115,100,99884,100
2019-06-28 09:40:30.000000000,100040,696,99935,596,100044,100,99934,100,100053,100,99933,100,100054,100,99931,100,100057,100,99915,100,100058,100,99911,100,100067,100,99909,100,100099,100,99904,100,100113,300,99900,100,100115,100,99884,100
2019-06-28 09:40:40.000000000,100040,299,99935,199,100044,199,99934,199,100053,199,99933,199,100054,199,99931,199,100057,199,99915,199,100058,100,99911,100,100067,100,99909,100,100099,100,99904,100,100113,300,99900,100,100115,100,99884,100
2019-06-28 09:40:50.000000000,100040,324,99935,224,100044,224,99934,224,100053,224,99933,224,100054,224,99931,224,100057,100,99915,100,100058,100,99911,100,100067,100,99909,100,100099,100,99904,100,100113,300,99900,100,100115,100,99884,100
2019-06-28 09:41:00.000000000,100040,448,99935,348,100044,348,99934,348,100053,100,99933,100,100054,100,99931,100,100057,100,99915,100,100058,100,99911,100,100067,100,99909,100,100099,100,99904,100,100113,300,99900,100,100115,100,99884,100
2019-06-28 09:41:01.942522678,100040,448,99935,348,100044,348,99934,348,100053,100,99933,100,100054,100,99931,100,100057,100,99915,100,100058,100,99911,100,100067,100,99909,100,100099,100,99904,100,100113,300,99900,100,100115,100,99884,100
2019-06-28 09:41:05.228323259,100005,100,99935,348,100040,448,99934,348,100044,348,99933,100,100053,100,99931,100,100054,100,99915,100,100057,100,99911,100,100058,100,99909,100,100067,100,99904,100,100099,100,99900,100,100113,300,99884,100
2019-06-28 09:41:07.940987979,100005,100,99935,348,100040,448,99934,348,100044,348,99933,100,100053,100,99931,100,100054,100,99915,100,100057,100,99911,100,100058,100,99909,100,100067,100,99904,100,100099,100,99900,100,100113,300,99884,100
2019-06-28 09:41:10.000000000,100005,199,99935,199,100040,299,99934,199,100044,199,99933,199,100053,199,99931,199,100054,199,99915,199,100057,100,99911,100,100058,100,99909,100,100067,100,99904,100,100099,100,99900,100,100113,300,99884,100
2019-06-28 09:41:13.848534284,100005,299,99935,199,100040,299,99934,199,100044,199,99933,199,100053,199,99931,199,100054,199,99915,199,100057,100,99911,100,100058,100,99909,100,100067,100,99904,100,100099,100,99900,100,100113,300,99884,100
2019-06-28 09:41:19.065500130,100005,299,99935,199,100040,299,99934,199,100044,199,99933,199,100053,199,99931,199,100054,199,99915,199,100057,100,99911,100,100058,100,99909,100,100067,100,99904,100,100099,100,99900,100,100113,300,99884,100
2019-06-28 09:41:19.451230859,100005,299,99935,99,100040,299,99934,199,100044,199,99933,199,100053,199,99931,199,100054,199,99915,199,100057,100,99911,100,100058,100,99909,100,100067,100,99904,100,100099,100,99900,100,100113,300,99884,100
2019-06-28 09:41:20.000000000,100005,369,99934,269,100040,364,99933,264,100044,264,99931,264,100053,100,99915,100,100054,100,99911,100,100057,100,99909,100,100058,100,99904,100,100067,100,99900,100,100099,100,99884,100,100113,300,99870,100
2019-06-28 09:41:30.000000000,100005,299,99934,199,100040,299,99933,199,100044,199,99931,199,100053,199,99915,199,100054,199,99911,199,100057,100,99909,100,100058,100,99904,100,100067,100,99900,100,100099,100,99884,100,100113,300,99870,100
2019-06-28 09:41:40.000000000,100005,448,99934,348,100040,448,99933,348,100044,100,99931,100,100053,100,99915,100,100054,100,99911,100,100057,100,99909,100,100058,100,99904,100,100067,100,99900,100,100099,100,99884,100,100113,300,99870,100
2019-06-28 09:41:47.849650240,100005,448,99934,348,100040,448,99933,348,100044,100,99931,100,100053,100,99915,100,100054,100,99911,100,100057,100,99909,100,100058,100,99904,100,100099,100,99900,100,100113,300,99884,100,100115,100,99870,100
2019-06-28 09:41:50.000000000,100005,696,99934,596,100040,200,99933,100,100044,100,99931,100,100053,100,99915,100,100054,100,99911,100,100057,100,99909,100,100058,100,99904,100,100099,100,99900,100,100113,300,99884,100,100115,100,99870,100
2019-06-28 09:42:00.000000000,100005,324,99934,224,100040,324,99933,224,100044,224,99931,224,100053,224,99915,224,100054,100,99911,100,100057,100,99909,100,100058,100,99904,100,100099,100,99900,100,100113,300,99884,100,100115,100,99870,100
2019-06-28 09:42:10.000000000,100005,369,99934,269,100040,364,99933,264,100044,264,99931,264,100053,100,99915,100,100054,100,99911,100,100057,100,99909,100,100058,100,99904,100,100099,100,99900,100,100113,300,99884,100,100115,100,99870,100
2019-06-28 09:42:16.406949841,100005,369,99934,269,100040,364,99933,364,100044,264,99931,264,100053,100,99915,100,100054,100,99911,100,100057,100,99909,100,100058,100,99904,100,100099,100,99900,100,100113,300,99884,100,100115,100,99870,100
2019-06-28 09:42:18.016142582,100005,369,99934,269,100040,364,99933,364,100044,264,99931,264,100053,100,99915,100,100054,100,99911,100,100057,100,99909,100,100058,100,99904,100,100099,100,99900,100,100113,300,99884,100,100115,100,99870,100
2019-06-28 09:42:20.000000000,100005,696,99934,596,100040,200,99933,200,100044,100,99931,100,100053,100,99915,100,100054,100,99911,100,100057,100,99909,100,100058,100,99904,100,100099,100,99900,100,100113,300,99884,100,100115,100,99870,100
2019-06-28 09:42:30.000000000,100005,696,99934,596,100040,200,99933,200,100044,100,99931,100,100053,100,99915,100,100054,100,99911,100,100057,100,99909,100,100058,100,99904,100,100099,100,99900,100,100113,300,99884,100,100115,100,99870,100
2019-06-28 09:42:40.000000000,100005,696,99934,596,100040,200,99933,200,100044,100,99931,100,100053,100,99915,100,100054,100,99911,100,100057,100,99909,100,100058,100,99904,100,100099,100,99900,100,100113,300,99884,100,100115,100,99870,100
2019-06-28 09:42:50.000000000,100005,448,99934,348,100040,448,99933,448,100044,100,99931,100,100053,100,99915,100,100054,100,99911,100,100057,100,99909,100,100058,100,99904,100,100099,100,99900,100,100113,300,99884,100,100115,100,99870,100
2019-06-28 09:42:53.159047026,100005,448,99941,100,100040,448,99934,348,100044,100,99933,448,100053,100,99931,100,100054,100,99915,100,100057,100,99911,100,100058,100,99909,100,100099,100,99904,100,100113,300,99900,100,100115,100,99884,100
2019-06-28 09:42:58.225614966,100005,448,99934,348,100040,448,99933,448,100044,100,99931,100,100053,100,99915,100,100054,100,99911,100,100057,100,99909,100,100058,100,99904,100,100099,100,99900,100,100113,300,99884,100,100115,100,99870,100
2019-06-28 09:43:00.000000000,100005,299,99934,199,100040,299,99933,299,100044,199,99931,199,100053,199,99915,199,100054,199,99911,199,100057,100,99909,100,100058,100,99904,100,100099,100,99900,100,100113,300,99884,100,100115,100,99870,100
2019-06-28 09:43:04.149684668,100005,299,99936,100,100040,299,99934,199,100044,199,99933,299,100053,199,99931,199,100054,199,99915,199,100057,100,99911,199,100058,100,99909,100,100099,100,99904,100,100113,300,99900,100,100115,100,99884,100
2019-06-28 09:43:10.000000000,100005,324,99936,224,100040,324,99934,224,100044,224,99933,324,100053,224,99931,224,100054,100,99915,100,100057,100,99911,100,100058,100,99909,100,100099,100,99904,100,100113,300,99900,100,100115,100,99884,100
2019-06-28 09:43:20.000000000,100005,324,99936,224,100040,324,99934,224,100044,224,99933,324,100053,224,99931,224,100054,100,99915,100,100057,100,99911,100,100058,100,99909,100,100099,100,99904,100,100113,300,99900,100,100115,100,99884,100
2019-06-28 09:43:25.025825636,100005,324,99936,224,100032,100,99934,224,100040,324,99933,324,100044,224,99931,224,100053,224,99915,100,100054,100,99911,100,100057,100,99909,100,100058,100,99904,100,100099,100,99900,100,100113,300,99870,100
2019-06-28 09:43:30.000000000,100005,369,99936,269,100032,264,99934,264,100040,364,99933,364,100044,100,99931,100,100053,100,99915,100,100054,100,99911,100,100057,100,99909,100,100058,100,99904,100,100099,100,99900,100,100113,300,99870,100
2019-06-28 09:43:36.109600483,100005,369,99936,269,100032,264,99934,264,100040,364,99933,364,100044,100,99931,100,100053,100,99923,100,100054,100,99915,100,100057,100,99911,100,100058,100,99909,100,100099,100,99904,100,100113,200,99900,100
2019-06-28 09:43:40.000000000,100005,299,99936,199,100032,199,99934,199,100040,299,99933,299,100044,199,99931,199,100053,199,99923,199,100054,100,99915,100,100057,100,99911,100,100058,100,99909,100,100099,100,99904,100,100113,200,99900,100
2019-06-28 09:43:46.230786793,100005,199,99936,199,100032,199,99934,199,100040,299,99933,299,100044,199,99931,199,100053,199,99923,199,100054,100,99915,100,100057,100,99911,100,100058,100,99909,100,100099,100,99904,100,100113,200,99900,100
2019-06-28 09:43:50.000000000,100005,348,99936,348,100032,348,99934,348,100040,200,99933,200,100044,100,99931,100,100053,100,99923,100,100054,100,99915,100,100057,100,99911,100,100058,100,99909,100,100099,100,99904,100,100113,200,99900,100
2019-06-28 09:44:00.000000000,100005,224,99936,224,100032,224,99934,224,100040,324,99933,324,100044,224,99931,224,100053,100,99923,100,100054,100,99915,100,100057,100,99911,100,100058,100,99909,100,100099,100,99904,100,100113,200,99900,100
2019-06-28 09:44:00.272149771,100005,124,99936,224,100032,224,99934,224,100040,324,99933,324,100044,224,99931,224,100053,100,99923,100,100054,100,99915,100,100057,100,99911,100,100058,100,99909,100,100099,100,99904,100,100113,200,99900,100
2019-06-28 09:44:10.000000000,100032,348,99936,348,100040,448,99934,348,100044,100,99933,200,100053,100,99931,100,100054,100,99923,100,100057,100,99915,100,100058,100,99911,100,100099,100,99909,100,100113,200,99904,100,100115,100,99900,100
2019-06-28 09:44:20.000000000,100032,224,99936,224,100040,324,99934,224,100044,224,99933,324,100053,224,99931,224,100054,100,99923,100,100057,100,99915,100,100058,100,99911,100,100099,100,99909,100,100113,200,99904,100,100115,100,99900,100
2019-06-28 09:44:30.000000000,100032,269,99936,269,100040,364,99934,264,100044,264,99933,364,100053,100,99931,100,100054,100,99923,100,100057,100,99915,100,100058,100,99911,100,100099,100,99909,100,100113,200,99904,100,100115,100,99900,100
2019-06-28 09:44:39.124306686,100032,169,99936,269,100040,364,99934,264,100044,264,99933,364,100053,100,99931,100,100054,100,99923,100,100057,100,99915,100,100058,100,99911,100,100099,100,99909,100,100113,200,99904,100,100115,100,99900,100
2019-06-28 09:44:40.000000000,100040,696,99936,596,100044,100,99934,100,100053,100,99933,200,100054,100,99931,100,100057,100,99923,100,100058,100,99915,100,100099,100,99911,100,100113,200,99909,100,100115,100,99904,100,100166,100,99900,100
2019-06-28 09:44:46.284172077,100040,596,99936,596,100044,100,99934,100,100053,100,99933,200,100054,100,99931,100,100057,100,99923,100,100099,100,99915,100,100113,200,99911,100,100115,100,99909,100,100166,100,99904,100,100193,100,99900,100
2019-06-28 09:44:50.000000000,100040,348,99936,348,100044,348,99934,348,100053,100,99933,200,100054,100,99931,100,100057,100,99923,100,100099,100,99915,100,100113,200,99911,100,100115,100,99909,100,100166,100,99904,100,100193,100,99900,100
2019-06-28 09:45:00.000000000,100040,269,99936,269,100044,264,99934,264,100053,264,99933,364,100054,100,99931,100,100057,100,99923,100,100099,100,99915,100,100113,200,99911,100,100115,100,99909,100,100166,100,99904,100,100193,100,99900,100
2019-06-28 09:45:10.000000000,100040,348,99936,348,100044,348,99934,348,100053,100,99933,200,100054,100,99931,100,100057,100,99923,100,100099,100,99915,100,100113,200,99911,100,100115,100,99909,100,100166,100,99904,100,100193,100,99900,100
2019-06-28 09:45:19.461758634,100040,248,99936,348,100044,348,99934,348,100053,100,99933,200,100057,100,99931,100,100099,100,99923,100,100113,200,99915,100,100115,100,99911,100,100166,100,99909,100,100193,100,99904,100,100205,100,99900,100
2019-06-28 09:45:20.000000000,100044,224,99936,224,100053,224,99934,224,100057,224,99933,324,100099,224,99931,224,100113,200,99923,100,100115,100,99915,100,100166,100,99911,100,100193,100,99909,100,100205,100,99904,100,100421,100,99900,100
2019-06-28 09:45:30.000000000,100044,199,99936,199,100053,199,99934,199,100057,199,99933,299,100099,199,99931,199,100113,299,99923,199,100115,100,99915,100,100166,100,99911,100,100193,100,99909,100,100205,100,99904,100,100421,100,99900,100
2019-06-28 09:45:40.000000000,100044,348,99936,348,100053,348,99934,348,100057,100,99933,200,100099,100,99931,100,100113,200,99923,100,100115,100,99915,100,100166,100,99911,100,100193,100,99909,100,100205,100,99904,100,100421,100,99900,100
2019-06-28 09:45:47.144423909,100044,248,99936,348,100053,348,99934,348,100057,100,99933,200,100099,100,99931,100,100113,200,99923,100,100115,100,99915,100,100166,100,99911,100,100193,100,99909,100,100205,100,99904,100,100421,100,99900,100
2019-06-28 09:45:50.000000000,100053,348,99936,348,100057,348,99934,348,100099,100,99933,200,100113,200,99931,100,100115,100,99923,100,100166,100,99915,100,100193,100,99911,100,100205,100,99909,100,100421,100,99904,100,100710,100,99900,100
2019-06-28 09:46:00.000000000,100053,269,99936,269,100057,264,99934,264,100099,264,99933,364,100113,200,99931,100,100115,100,99923,100,100166,100,99915,100,100193,100,99911,100,100205,100,99909,100,100421,100,99904,100,100710,100,99900,100
2019-06-28 09:46:10.000000000,100053,199,99936,199,100057,199,99934,199,100099,199,99933,299,100113,299,99931,199,100115,199,99923,199,100166,100,99915,100,100193,100,99911,100,100205,100,99909,100,100421,100,99904,100,100710,100,99900,100
2019-06-28 09:46:20.000000000,100053,269,99936,269,100057,264,99934,264,100099,264,99933,364,100113,200,99931,100,100115,100,99923,100,100166,100,99915,100,100193,100,99911,100,100205,100,99909,100,100421,100,99904,100,100710,100,99900,100
2019-06-28 09:46:30.000000000,100053,348,99936,348,100057,348,99934,348,100099,100,99933,200,100113,200,99931,100,100115,100,99923,100,100166,100,99915,100,100193,100,99911,100,100205,100,99909,100,100421,100,99904,100,100710,100,99900,100
2019-06-28 09:46:40.000000000,100053,224,99936,224,100057,224,99934,224,100099,224,99933,324,100113,324,99931,224,100115,100,99923,100,100166,100,99915,100,100193,100,99911,100,100205,100,99909,100,100421,100,99904,100,100710,100,99900,100
2019-06-28 09:46:50.000000000,100053,596,99936,596,100057,100,99934,100,100099,100,99933,200,100113,200,99931,100,100115,100,99923,100,100166,100,99915,100,100193,100,99911,100,100205,100,99909,100,100421,100,99904,100,100710,100,99900,100
2019-06-28 09:46:52.123090796,100053,596,99936,596,100057,100,99934,100,100099,100,99933,200,100113,200,99931,100,100115,100,99923,100,100193,100,99915,100,100205,100,99911,100,100421,100,99909,100,100710,100,99904,100,100937,100,99900,100
2019-06-28 09:47:00.000000000,100053,269,99936,269,100057,264,99934,264,100099,264,99933,364,100113,200,99931,100,100115,100,99923,100,100193,100,99915,100,100205,100,99911,100,100421,100,99909,100,100710,100,99904,100,100937,100,99900,100
2019-06-28 09:47:10.000000000,100053,269,99936,269,100057,264,99934,264,100099,264,99933,364,100113,200,99931,100,100115,100,99923,100,100193,100,99915,100,100205,100,99911,100,100421,100,99909,100,100710,100,99904,100,100937,100,99900,100
2019-06-28 09:47:19.299548879,100039,100,99936,169,100053,269,99934,264,100057,264,99933,364,100099,264,99931,100,100113,200,99923,100,100115,100,99915,100,100193,100,99911,100,100205,100,99909,100,100421,100,99904,100,100710,100,99900,100
2019-06-28 09:47:20.000000000,100039,269,99934,269,100053,264,99933,364,100057,264,99931,264,100099,100,99923,100,100113,200,99915,100,100115,100,99911,100,100193,100,99909,100,100205,100,99904,100,100421,100,99900,100,100710,100,99870,100
2019-06-28 09:47:30.000000000,100039,199,99934,199,100053,199,99933,299,100057,199,99931,199,100099,199,99923,199,100113,299,99915,199,100115,100,99911,100,100193,100,99909,100,100205,100,99904,100,100421,100,99900,100,100710,100,99870,100
2019-06-28 09:47:38.081548102,100039,199,99934,99,100053,199,99933,299,100057,199,99931,199,100099,199,99923,199,100113,299,99915,99,100115,100,99911,100,100193,100,99909,100,100205,100,99904,100,100421,100,99900,100,100710,100,99870,100
2019-06-28 09:47:40.000000000,100039,269,99933,369,100053,264,99931,264,100057,264,99923,264,100099,100,99911,100,100113,200,99909,100,100115,100,99904,100,100193,100,99900,100,100205,100,99870,100,100421,100,99869,100,100710,100,99841,100
2019-06-28 09:47:50.000000000,100039,596,99933,696,100053,100,99931,100,100057,100,99923,100,100099,100,99911,100,100113,200,99909,100,100115,100,99904,100,100193,100,99900,100,100205,100,99870,100,100421,100,99869,100,100710,100,99841,100
2019-06-28 09:48:00.000000000,100039,269,99933,369,100053,264,99931,264,100057,264,99923,264,100099,100,99911,100,100113,200,99909,100,100115,100,99904,100,100193,100,99900,100,100205,100,99870,100,100421,100,99869,100,100710,100,99841,100
2019-06-28 09:48:10.000000000,100039,224,99933,324,100053,224,99931,224,100057,224,99923,224,100099,224,99911,224,100113,200,99909,100,100115,100,99904,100,100193,100,99900,100,100205,100,99870,100,100421,100,99869,100,100710,100,99841,100
2019-06-28 09:48:10.399438732,100039,224,99933,224,100053,224,99931,224,100057,224,99923,224,100099,224,99911,224,100113,200,99909,100,100115,100,99904,100,100193,100,99900,100,100205,100,99870,100,100421,100,99869,100,100710,100,99841,100
2019-06-28 09:48:20.000000000,100039,596,99933,596,100053,100,99931,100,100057,100,99923,100,100099,100,99911,100,100113,200,99909,100,100115,100,99904,100,100193,100,99900,100,100205,100,99870,100,100421,100,99869,100,100710,100,99841,100
2019-06-28 09:48:27.106341209,100039,596,99933,496,100053,100,99931,100,100057,100,99923,100,100099,100,99911,100,100113,200,99909,100,100115,100,99904,100,100193,100,99900,100,100205,100,99870,100,100421,100,99869,100,100710,100,99841,100
2019-06-28 09:48:30.000000000,100039,269,99931,269,100053,264,99923,264,100057,264,99911,264,100099,100,99909,100,100113,200,99904,100,100115,100,99900,100,100193,100,99870,100,100205,100,99869,100,100421,100,99841,100,100710,100,99772,100
2019-06-28 09:48:38.220994600,100039,269,99931,269,100053,264,99923,264,100057,264,99911,264,100099,100,99909,100,100113,200,99904,100,100115,100,99900,100,100193,100,99870,100,100205,100,99869,100,100421,100,99841,100,100710,100,99717,100
2019-06-28 09:48:40.000000000,100039,348,99931,348,100053,348,99923,348,100057,100,99911,100,100099,100,99909,100,100113,200,99904,100,100115,100,99900,100,100193,100,99870,100,100205,100,99869,100,100421,100,99841,100,100710,100,99717,100
2019-06-28 09:48:50.000000000,100039,224,99931,224,100053,224,99923,224,100057,224,99911,224,100099,224,99909,224,100113,200,99904,100,100115,100,99900,100,100193,100,99870,100,100205,100,99869,100,100421,100,99841,100,100710,100,99717,100
2019-06-28 09:48:57.044292043,100039,224,99931,124,100053,224,99923,224,100057,224,99911,224,100099,224,99909,224,100113,200,99904,100,100115,100,99900,100,100193,100,99870,100,100205,100,99869,100,100421,100,99841,100,100937,100,99717,100
2019-06-28 09:49:00.000000000,100039,224,99923,224,100053,224,99911,224,100057,224,99909,224,100099,224,99904,224,100113,200,99900,100,100115,100,99870,100,100193,100,99869,100,100205,100,99841,100,100421,100,99717,100,100937,100,99694,100
2019-06-28 09:49:00.637393226,100039,224,99923,124,100053,224,99911,224,100057,224,99909,224,100099,224,99904,224,100113,200,99900,100,100115,100,99870,100,100193,100,99869,100,100205,100,99841,100,100421,100,99717,100,100937,100,99694,100
2019-06-28 09:49:10.000000000,100039,224,99911,224,100053,224,99909,224,100057,224,99904,224,100099,224,99900,224,100113,200,99870,100,100115,100,99869,100,100193,100,99841,100,100205,100,99717,100,100421,100,99694,100,100937,100,99576,100
2019-06-28 09:49:20.000000000,100039,224,99911,224,100053,224,99909,224,100057,224,99904,224,100099,224,99900,224,100113,200,99870,100,100115,100,99869,100,100193,100,99841,100,100205,100,99717,100,100421,100,99694,100,100937,100,99576,100
2019-06-28 09:49:21.556720092,100039,224,99911,224,100053,224,99909,224,100057,224,99904,224,100099,224,99900,224,100113,200,99870,100,100115,100,99869,100,100193,100,99841,100,100421,100,99717,100,100937,100,99694,100,,,99576,100
2019-06-28 09:49:30.000000000,100039,269,99911,269,100053,264,99909,264,100057,264,99904,264,100099,100,99900,100,100113,200,99870,100,100115,100,99869,100,100193,100,99841,100,100421,100,99717,100,100937,100,99694,100,,,99576,100
2019-06-28 09:49:40.000000000,100039,199,99911,199,100053,199,99909,199,100057,199,99904,199,100099,199,99900,199,100113,299,99870,199,100115,100,99869,100,100193,100,99841,100,100421,100,99717,100,100937,100,99694,100,,,99576,100
2019-06-28 09:49:45.273810389,100039,199,99911,99,100053,199,99909,199,100057,199,99904,199,100099,199,99900,199,100113,299,99870,199,100115,100,99869,100,100193,100,99841,100,100421,100,99717,100,100937,100,99694,100,,,99576,100
2019-06-28 09:49:50.000000000,100039,224,99909,224,100053,224,99904,224,100057,224,99900,224,100099,224,99870,224,100113,200,99869,100,100115,100,99841,100,100193,100,99717,100,100421,100,99694,100,100937,100,99576,100,,,99575,100
2019-06-28 09:49:54.449834451,100039,224,99909,124,100053,224,99904,224,100057,224,99900,224,100099,224,99870,224,100113,200,99869,100,100115,100,99841,100,100193,100,99717,100,100421,100,99694,100,100937,100,99576,100,,,99575,100
2019-06-28 09:49:58.600067066,99911,100,99909,124,100039,224,99904,224,100053,224,99900,224,100057,224,99870,224,100099,224,99869,100,100113,200,99841,100,100115,100,99717,100,100193,100,99694,100,100421,100,99576,100,100937,100,99575,100
2019-06-28 09:50:00.000000000,99911,269,99904,269,100039,264,99900,264,100053,264,99870,264,100057,100,99869,100,100099,100,99841,100,100113,200,99717,100,100115,100,99694,100,100193,100,99576,100,100421,100,99575,100,100937,100,99413,100
2019-06-28 09:50:04.989490327,99911,269,99904,169,100039,264,99900,264,100053,264,99870,264,100057,100,99869,100,100099,100,99841,100,100113,200,99717,100,100193,100,99694,100,100421,100,99576,100,100937,100,99575,100,,,99413,100
2019-06-28 09:50:10.000000000,99911,596,99900,596,100039,100,99870,100,100053,100,99869,100,100057,100,99841,100,100099,100,99717,100,100113,200,99694,100,100193,100,99576,100,100421,100,99575,100,100937,100,99413,100,,,99378,100
2019-06-28 09:50:17.561956996,99911,596,99900,496,100039,100,99870,100,100053,100,99869,100,100057,100,99841,100,100099,100,99717,100,100113,200,99694,100,100193,100,99576,100,100421,100,99575,100,100937,100,99413,100,,,99378,100
2019-06-28 09:50:20.000000000,99911,199,99870,199,100039,199,99869,199,100053,199,99841,199,100057,199,99717,199,100099,199,99694,199,100113,200,99576,100,100193,100,99575,100,100421,100,99413,100,100937,100,99378,100,,,,
2019-06-28 09:50:27.659666471,99911,199,99870,99,100039,199,99869,199,100053,199,99841,199,100057,199,99717,199,100099,199,99694,199,100113,200,99576,100,100421,100,99575,100,100937,100,99413,100,,,99378,100,,,,
2019-06-28 09:50:30.000000000,99911,269,99869,269,100039,264,99841,264,100053,264,99717,264,100057,100,99694,100,100099,100,99576,100,100113,200,99575,100,100421,100,99413,100,100937,100,99378,100,,,,,,,,
2019-06-28 09:50:32.015686733,99911,169,99869,269,100039,264,99841,264,100053,264,99717,264,100057,100,99694,100,100099,100,99576,100,100113,200,99575,100,100421,100,99413,100,100937,100,99378,100,,,,,,,,
2019-06-28 09:50:33.972240648,99900,100,99869,269,99911,169,99841,264,100039,264,99717,264,100053,264,99694,100,100057,100,99576,100,100099,100,99575,100,100113,200,99413,100,100421,100,99378,100,100937,100,,,,,,
2019-06-28 09:50:38.910869229,99900,100,99869,169,99911,169,99841,264,100039,264,99717,264,100053,264,99694,100,100057,100,99576,100,100099,100,99575,100,100113,200,99413,100,100421,100,99378,100,,,,,,,,
2019-06-28 09:50:40.000000000,99900,224,99841,224,100039,224,99717,224,100053,224,99694,224,100057,224,99576,224,100099,100,99575,100,100113,200,99413,100,100421,100,99378,100,,,,,,,,,,,,
2019-06-28 09:50:43.178200447,99870,100,99841,224,99900,224,99717,224,100039,224,99694,224,100053,224,99576,224,100057,224,99575,100,100099,100,99413,100,100113,200,99378,100,100421,100,,,,,,,,,,
2019-06-28 09:50:50.000000000,99870,224,99841,224,99900,224,99717,224,100039,224,99694,224,100053,224,99576,224,100057,100,99575,100,100099,100,99413,100,100113,200,99378,100,100421,100,,,,,,,,,,
2019-06-28 09:51:00.000000000,99870,348,99841,348,99900,348,99717,348,100039,100,99694,100,100053,100,99576,100,100057,100,99575,100,100099,100,99413,100,100113,200,99378,100,100421,100,,,,,,,,,,
2019-06-28 09:51:03.038197210,99870,348,99841,248,99900,348,99717,348,100039,100,99694,100,100053,100,99576,100,100057,100,99575,100,100099,100,99413,100,100113,200,99378,100,100421,100,99208,100,,,,,,,,
2019-06-28 09:51:07.099115018,99870,348,99841,248,99900,348,99717,348,100039,100,99694,100,100053,100,99576,100,100057,100,99575,100,100099,100,99413,100,100113,200,99378,100,100421,100,99208,100,,,99198,100,,,,
2019-06-28 09:51:10.000000000,99870,348,99717,348,99900,348,99694,348,100039,100,99576,100,100053,100,99575,100,100057,100,99413,100,100099,100,99378,100,100113,200,99208,100,100421,100,99198,100,,,,,,,,
2019-06-28 09:51:20.000000000,99870,269,99717,269,99900,264,99694,264,100039,264,99576,264,100053,100,99575,100,100057,100,99413,100,100099,100,99378,100,100113,200,99208,100,100421,100,99198,100,,,,,,,,
2019-06-28 09:51:30.000000000,99870,199,99717,199,99900,199,99694,199,100039,199,99576,199,100053,199,99575,199,100057,199,99413,199,100099,100,99378,100,100113,200,99208,100,100421,100,99198,100,,,,,,,,
2019-06-28 09:51:32.910584065,99870,199,99717,199,99900,199,99694,199,100039,199,99576,199,100053,199,99575,199,100057,199,99413,199,100113,200,99390,100,100421,100,99378,100,,,99208,100,,,99198,100,,,,
2019-06-28 09:51:34.585242497,99870,199,99717,199,99900,199,99694,199,100039,199,99576,199,100053,199,99575,199,100057,199,99473,100,100113,200,99413,199,100421,100,99390,100,,,99378,100,,,99208,100,,,,
2019-06-28 09:51:40.000000000,99870,269,99717,269,99900,264,99694,264,100039,264,99576,264,100053,100,99575,100,100057,100,99473,100,100113,200,99413,100,100421,100,99390,100,,,99378,100,,,99208,100,,,,
2019-06-28 09:51:47.763112927,99870,269,99717,269,99900,264,99694,264,100039,264,99576,264,100053,100,99575,100,100057,100,99473,100,100113,200,99429,100,100421,100,99413,100,,,99390,100,,,99378,100,,,99208,100
2019-06-28 09:51:50.000000000,99870,224,99717,224,99900,224,99694,224,100039,224,99576,224,100053,224,99575,224,100057,100,99473,100,100113,200,99429,100,100421,100,99413,100,,,99390,100,,,99378,100,,,99208,100
2019-06-28 09:51:54.063140608,99758,100,99717,224,99870,224,99694,224,99900,224,99576,224,100039,224,99575,224,100053,224,99473,100,100057,100,99429,100,100113,200,99413,100,100421,100,99390,100,,,99378,100,,,99208,100
2019-06-28 09:52:00.000000000,99758,269,99717,269,99870,264,99694,264,99900,264,99576,264,100039,100,99575,100,100053,100,99473,100,100057,100,99429,100,100113,200,99413,100,100421,100,99390,100,,,99378,100,,,99208,100
2019-06-28 09:52:05.874946143,99758,269,99717,269,99870,264,99694,264,99900,264,99576,264,99904,100,99575,100,100039,100,99473,100,100053,100,99429,100,100057,100,99413,100,100113,200,99390,100,100421,100,99378,100,,,99208,100
2019-06-28 09:52:10.000000000,99758,224,99717,224,99870,224,99694,224,99900,224,99576,224,99904,224,99575,224,100039,100,99473,100,100053,100,99429,100,100057,100,99413,100,100113,200,99390,100,100421,100,99378,100,,,99208,100
2019-06-28 09:52:11.846374225,99758,124,99717,224,99783,100,99694,224,99870,224,99576,224,99900,224,99575,224,99904,224,99473,100,100039,100,99429,100,100053,100,99413,100,100057,100,99390,100,100113,200,99378,100,100421,100,99208,100
2019-06-28 09:52:18.391793196,99758,124,99717,224,99783,100,99694,224,99870,224,99576,224,99888,100,99575,224,99900,224,99473,100,99904,224,99429,100,100039,100,99413,100,100053,100,99390,100,100057,100,99378,100,100113,200,99208,100
2019-06-28 09:52:20.000000000,99783,348,99717,348,99870,348,99694,348,99888,100,99576,100,99900,100,99575,100,99904,100,99473,100,100039,100,99429,100,100053,100,99413,100,100057,100,99390,100,100113,200,99378,100,100421,100,99208,100
2019-06-28 09:52:30.000000000,99783,269,99717,269,99870,264,99694,264,99888,264,99576,264,99900,100,99575,100,99904,100,99473,100,100039,100,99429,100,100053,100,99413,100,100057,100,99390,100,100113,200,99378,100,100421,100,99208,100
2019-06-28 09:52:40.000000000,99783,224,99717,224,99870,224,99694,224,99888,224,99576,224,99900,224,99575,224,99904,100,99473,100,100039,100,99429,100,100053,100,99413,100,100057,100,99390,100,100113,200,99378,100,100421,100,99208,100
2019-06-28 09:52:50.000000000,99783,596,99717,596,99870,100,99694,100,99888,100,99576,100,99900,100,99575,100,99904,100,99473,100,100039,100,99429,100,100053,100,99413,100,100057,100,99390,100,100113,200,99378,100,100421,100,99208,100
2019-06-28 09:52:57.707639728,99783,596,99717,596,99870,100,99694,100,99888,100,99576,100,99900,100,99575,100,99904,100,99473,100,100039,100,99429,100,100053,100,99413,100,100057,100,99390,100,100113,200,99378,100,100421,100,99208,100
2019-06-28 09:53:00.000000000,99783,199,99717,199,99870,199,99694,199,99888,199,99576,199,99900,199,99575,199,99904,199,99473,199,100039,100,99429,100,100053,100,99413,100,100057,100,99390,100,100113,200,99378,100,100421,100,99208,100
2019-06-28 09:53:10.000000000,99783,348,99717,348,99870,348,99694,348,99888,100,99576,100,99900,100,99575,100,99904,100,99473,100,100039,100,99429,100,100053,100,99413,100,100057,100,99390,100,100113,200,99378,100,100421,100,99208,100
2019-06-28 09:53:20.000000000,99783,224,99717,224,99870,224,99694,224,99888,224,99576,224,99900,224,99575,224,99904,100,99473,100,100039,100,99429,100,100053,100,99413,100,100057,100,99390,100,100113,200,99378,100,100421,100,99208,100
2019-06-28 09:53:30.000000000,99783,199,99717,199,99870,199,99694,199,99888,199,99576,199,99900,199,99575,199,99904,199,99473,199,100039,100,99429,100,100053,100,99413,100,100057,100,99390,100,100113,200,99378,100,100421,100,99208,100
2019-06-28 09:53:36.158023252,99870,199,99783,1,99888,199,99717,199,99900,199,99694,199,99904,199,99576,199,100039,100,99575,199,100053,100,99473,199,100057,100,99429,100,100113,200,99413,100,100421,100,99390,100,100473,100,99378,100
2019-06-28 09:53:40.000000000,99870,348,99783,249,99888,348,99717,348,99900,100,99694,100,99904,100,99576,100,100039,100,99575,100,100053,100,99473,100,100057,100,99429,100,100113,200,99413,100,100421,100,99390,100,100473,100,99378,100
2019-06-28 09:53:50.000000000,99870,269,99783,170,99888,264,99717,264,99900,264,99694,264,99904,100,99576,100,100039,100,99575,100,100053,100,99473,100,100057,100,99429,100,100113,200,99413,100,100421,100,99390,100,100473,100,99378,100
2019-06-28 09:53:54.441687675,99870,269,99783,170,99888,264,99717,264,99900,264,99694,264,99904,100,99576,100,100039,100,99575,100,100053,100,99473,100,100057,100,99429,100,100113,200,99413,100,100262,100,99390,100,100421,100,99378,100
2019-06-28 09:54:00.000000000,99870,199,99783,100,99888,199,99717,199,99900,199,99694,199,99904,199,99576,199,100039,199,99575,199,100053,100,99473,100,100057,100,99429,100,100113,200,99413,100,100262,100,99390,100,100421,100,99378,100
2019-06-28 09:54:01.697245944,99870,199,99783,100,99888,199,99717,199,99900,199,99694,199,99904,199,99576,199,100039,199,99575,199,100053,100,99473,100,100057,100,99429,100,100113,200,99413,100,100262,100,99390,100,100285,100,99208,100
2019-06-28 09:54:10.000000000,99870,269,99783,170,99888,264,99717,264,99900,264,99694,264,99904,100,99576,100,100039,100,99575,100,100053,100,99473,100,100057,100,99429,100,100113,200,99413,100,100262,100,99390,100,100285,100,99208,100
2019-06-28 09:54:20.000000000,99870,199,99783,100,99888,199,99717,199,99900,199,99694,199,99904,199,99576,199,100039,199,99575,199,100053,100,99473,100,100057,100,99429,100,100113,200,99413,100,100262,100,99390,100,100285,100,99208,100
2019-06-28 09:54:22.914871601,99870,99,99783,100,99888,199,99717,199,99900,199,99694,199,99904,199,99576,199,100039,199,99575,199,100053,100,99473,100,100057,100,99429,100,100113,100,99413,100,100262,100,99390,100,100285,100,99208,100
2019-06-28 09:54:25.139507234,99888,199,99870,1,99900,199,99783,100,99904,199,99717,199,100039,199,99694,199,100053,100,99576,199,100057,100,99575,199,100113,100,99473,100,100262,100,99429,100,100285,100,99413,100,100421,100,99390,100
2019-06-28 09:54:30.000000000,99888,348,99870,249,99900,348,99783,249,99904,100,99717,100,100039,100,99694,100,100053,100,99576,100,100057,100,99575,100,100113,100,99473,100,100262,100,99429,100,100285,100,99413,100,100421,100,99390,100
2019-06-28 09:54:40.000000000,99888,224,99870,125,99900,224,99783,125,99904,224,99717,224,100039,224,99694,224,100053,100,99576,100,100057,100,99575,100,100113,100,99473,100,100262,100,99429,100,100285,100,99413,100,100421,100,99390,100
2019-06-28 09:54:50.000000000,99888,224,99870,125,99900,224,99783,125,99904,224,99717,224,100039,224,99694,224,100053,100,99576,100,100057,100,99575,100,100113,100,99473,100,100262,100,99429,100,100285,100,99413,100,100421,100,99390,100
2019-06-28 09:55:00.000000000,99888,199,99870,100,99900,199,99783,100,99904,199,99717,199,100039,199,99694,199,100053,199,99576,199,100057,100,99575,100,100113,100,99473,100,100262,100,99429,100,100285,100,99413,100,100421,100,99390,100
2019-06-28 09:55:10.000000000,99888,348,99870,249,99900,348,99783,249,99904,100,99717,100,100039,100,99694,100,100053,100,99576,100,100057,100,99575,100,100113,100,99473,100,100262,100,99429,100,100285,100,99413,100,100421,100,99390,100
2019-06-28 09:55:11.918430537,99888,348,99870,149,99900,348,99783,249,99904,100,99717,100,100039,100,99694,100,100053,100,99576,100,100057,100,99575,100,100113,100,99473,100,100262,100,99429,100,100285,100,99413,100,100421,100,99390,100
2019-06-28 09:55:20.000000000,99888,596,99783,497,99900,100,99717,100,99904,100,99694,100,100039,100,99576,100,100053,100,99575,100,100057,100,99473,100,100113,100,99429,100,100262,100,99413,100,100285,100,99390,100,100421,100,99208,100
2019-06-28 09:55:23.306293380,99870,100,99783,497,99888,596,99717,100,99900,100,99694,100,99904,100,99576,100,100039,100,99575,100,100053,100,99473,100,100113,100,99429,100,100262,100,99413,100,100285,100,99390,100,100421,100,99208,100
2019-06-28 09:55:30.000000000,99870,269,99783,170,99888,264,99717,264,99900,264,99694,264,99904,100,99576,100,100039,100,99575,100,100053,100,99473,100,100113,100,99429,100,100262,100,99413,100,100285,100,99390,100,100421,100,99208,100
2019-06-28 09:55:39.633740249,99870,269,99783,170,99888,264,99717,264,99900,264,99694,264,99904,100,99608,100,100039,100,99576,100,100053,100,99575,100,100113,100,99429,100,100262,100,99413,100,100285,100,99390,100,100421,100,99208,100
2019-06-28 09:55:39.667955935,99870,269,99823,100,99888,264,99783,170,99900,264,99717,264,99904,100,99694,264,100039,100,99608,100,100113,100,99576,100,100262,100,99575,100,100285,100,99429,100,100421,100,99413,100,100473,100,99390,100
2019-06-28 09:55:40.000000000,99870,348,99823,348,99888,348,99783,249,99900,100,99717,100,99904,100,99694,100,100039,100,99608,100,100113,100,99576,100,100262,100,99575,100,100285,100,99429,100,100421,100,99413,100,100473,100,99390,100
2019-06-28 09:55:46.489742645,99870,248,99823,348,99888,348,99783,249,99900,100,99717,100,99904,100,99694,100,100039,100,99608,100,100113,100,99576,100,100262,100,99575,100,100285,100,99429,100,100421,100,99413,100,100473,100,99390,100
2019-06-28 09:55:50.000000000,99888,596,99823,596,99900,100,99783,1,99904,100,99717,100,100039,100,99694,100,100113,100,99608,100,100262,100,99576,100,100285,100,99575,100,100421,100,99429,100,100473,100,99413,100,,,99390,100
2019-06-28 09:56:00.000000000,99888,224,99823,224,99900,224,99783,125,99904,224,99717,224,100039,224,99694,224,100113,100,99608,100,100262,100,99576,100,100285,100,99575,100,100421,100,99429,100,100473,100,99413,100,,,99390,100
2019-06-28 09:56:03.161233124,99869,100,99823,224,99888,224,99783,125,99900,224,99717,224,99904,224,99694,224,100039,224,99608,100,100113,100,99576,100,100262,100,99575,100,100285,100,99429,100,100421,100,99413,100,100473,100,99390,100
2019-06-28 09:56:10.000000000,99869,269,99823,269,99888,264,99783,165,99900,264,99717,264,99904,100,99694,100,100039,100,99608,100,100113,100,99576,100,100262,100,99575,100,100285,100,99429,100,100421,100,99413,100,100473,100,99390,100
2019-06-28 09:56:20.000000000,99869,199,99823,199,99888,199,99783,100,99900,199,99717,199,99904,199,99694,199,100039,199,99608,199,100113,100,99576,100,100262,100,99575,100,100285,100,99429,100,100421,100,99413,100,100473,100,99390,100
2019-06-28 09:56:30.000000000,99869,224,99823,224,99888,224,99783,125,99900,224,99717,224,99904,224,99694,224,100039,100,99608,100,100113,100,99576,100,100262,100,99575,100,100285,100,99429,100,100421,100,99413,100,100473,100,99390,100
2019-06-28 09:56:40.000000000,99869,224,99823,224,99888,224,99783,125,99900,224,99717,224,99904,224,99694,224,100039,100,99608,100,100113,100,99576,100,100262,100,99575,100,100285,100,99429,100,100421,100,99413,100,100473,100,99390,100
2019-06-28 09:56:50.000000000,99869,596,99823,596,99888,100,99783,1,99900,100,99717,100,99904,100,99694,100,100039,100,99608,100,100113,100,99576,100,100262,100,99575,100,100285,100,99429,100,100421,100,99413,100,100473,100,99390,100
2019-06-28 09:57:00.000000000,99869,269,99823,269,99888,264,99783,165,99900,264,99717,264,99904,100,99694,100,100039,100,99608,100,100113,100,99576,100,100262,100,99575,100,100285,100,99429,100,100421,100,99413,100,100473,100,99390,100
2019-06-28 09:57:10.000000000,99869,269,99823,269,99888,264,99783,165,99900,264,99717,264,99904,100,99694,100,100039,100,99608,100,100113,100,99576,100,100262,100,99575,100,100285,100,99429,100,100421,100,99413,100,100473,100,99390,100
2019-06-28 09:57:19.833385932,99869,269,99823,169,99888,264,99783,165,99900,264,99717,264,99904,100,99694,100,100039,100,99608,100,100113,100,99576,100,100262,100,99575,100,100285,100,99429,100,100421,100,99413,100,100473,100,99390,100
2019-06-28 09:57:20.000000000,99869,269,99783,170,99888,264,99717,264,99900,264,99694,264,99904,100,99608,100,100039,100,99576,100,100113,100,99575,100,100262,100,99429,100,100285,100,99413,100,100421,100,99390,100,100473,100,99208,100
2019-06-28 09:57:20.600758001,99869,269,99783,70,99888,264,99717,264,99900,264,99694,264,99904,100,99608,100,100039,100,99576,100,100113,100,99575,100,100262,100,99429,100,100285,100,99413,100,100421,100,99390,100,100473,100,99208,100
2019-06-28 09:57:25.550367157,99823,100,99783,70,99869,269,99717,264,99888,264,99694,264,99900,264,99608,100,99904,100,99576,100,100039,100,99575,100,100113,100,99429,100,100262,100,99413,100,100285,100,99390,100,100421,100,99208,100
2019-06-28 09:57:29.158502252,99783,30,99717,264,99823,100,99694,264,99869,269,99608,100,99888,264,99576,100,99900,264,99575,100,99904,100,99429,100,100039,100,99413,100,100113,100,99390,100,100262,100,99208,100,100285,100,,
2019-06-28 09:57:30.000000000,99783,526,99717,596,99823,100,99694,100,99869,100,99608,100,99888,100,99576,100,99900,100,99575,100,99904,100,99429,100,100039,100,99413,100,100113,100,99390,100,100262,100,99208,100,100285,100,,
2019-06-28 09:57:40.000000000,99783,278,99717,348,99823,348,99694,348,99869,100,99608,100,99888,100,99576,100,99900,100,99575,100,99904,100,99429,100,100039,100,99413,100,100113,100,99390,100,100262,100,99208,100,100285,100,,
2019-06-28 09:57:50.000000000,99783,526,99717,596,99823,100,99694,100,99869,100,99608,100,99888,100,99576,100,99900,100,99575,100,99904,100,99429,100,100039,100,99413,100,100113,100,99390,100,100262,100,99208,100,100285,100,,
2019-06-28 09:58:00.000000000,99783,199,99717,269,99823,264,99694,264,99869,264,99608,264,99888,100,99576,100,99900,100,99575,100,99904,100,99429,100,100039,100,99413,100,100113,100,99390,100,100262,100,99208,100,100285,100,,
2019-06-28 09:58:10.000000000,99783,199,99717,269,99823,264,99694,264,99869,264,99608,264,99888,100,99576,100,99900,100,99575,100,99904,100,99429,100,100039,100,99413,100,100113,100,99390,100,100262,100,99208,100,100285,100,,
2019-06-28 09:58:20.000000000,99783,199,99717,269,99823,264,99694,264,99869,264,99608,264,99888,100,99576,100,99900,100,99575,100,99904,100,99429,100,100039,100,99413,100,100113,100,99390,100,100262,100,99208,100,100285,100,,
2019-06-28 09:58:22.592221889,99783,299,99717,269,99823,264,99694,264,99869,264,99608,264,99888,100,99576,100,99900,100,99575,100,99904,100,99429,100,100039,100,99413,100,100113,100,99390,100,100262,100,99208,100,100285,100,,
2019-06-28 09:58:30.000000000,99783,626,99717,596,99823,100,99694,100,99869,100,99608,100,99888,100,99576,100,99900,100,99575,100,99904,100,99429,100,100039,100,99413,100,100113,100,99390,100,100262,100,99208,100,100285,100,,
2019-06-28 09:58:40.000000000,99783,299,99717,269,99823,264,99694,264,99869,264,99608,264,99888,100,99576,100,99900,100,99575,100,99904,100,99429,100,100039,100,99413,100,100113,100,99390,100,100262,100,99208,100,100285,100,,
2019-06-28 09:58:50.000000000,99783,254,99717,224,99823,224,99694,224,99869,224,99608,224,99888,224,99576,224,99900,100,99575,100,99904,100,99429,100,100039,100,99413,100,100113,100,99390,100,100262,100,99208,100,100285,100,,
2019-06-28 09:58:58.928992655,99783,354,99717,224,99823,224,99694,224,99869,224,99608,224,99888,224,99576,224,99904,100,99575,100,100039,100,99429,100,100113,100,99413,100,100262,100,99390,100,100285,100,99208,100,100421,100,,
2019-06-28 09:59:00.000000000,99783,726,99717,596,99823,100,99694,100,99869,100,99608,100,99888,100,99576,100,99904,100,99575,100,100039,100,99429,100,100113,100,99413,100,100262,100,99390,100,100285,100,99208,100,100421,100,,
2019-06-28 09:59:02.427496435,99783,726,99717,496,99823,100,99694,100,99869,100,99608,100,99888,100,99576,100,99904,100,99575,100,100039,100,99429,100,100113,100,99413,100,100262,100,99390,100,100285,100,99208,100,100421,100,,
2019-06-28 09:59:06.585879246,99783,726,99717,396,99823,100,99694,100,99869,100,99608,100,99888,100,99576,100,99904,100,99575,100,100039,100,99429,100,100113,100,99413,100,100262,100,99390,100,100285,100,99208,100,100421,100,,
2019-06-28 09:59:06.758737857,99783,626,99717,396,99823,100,99694,100,99869,100,99608,100,99888,100,99576,100,99904,100,99575,100,100039,100,99429,100,100113,100,99413,100,100262,100,99390,100,100285,100,99208,100,100421,100,,
2019-06-28 09:59:10.000000000,99783,299,99694,269,99823,264,99608,264,99869,264,99576,264,99888,100,99575,100,99904,100,99429,100,100039,100,99413,100,100113,100,99390,100,100262,100,99208,100,100285,100,,,100421,100,,
2019-06-28 09:59:18.422610616,99717,100,99694,269,99783,299,99608,264,99823,264,99576,264,99869,264,99575,100,99888,100,99429,100,99904,100,99413,100,100039,100,99390,100,100113,100,99208,100,100262,100,,,100285,100,,
2019-06-28 09:59:20.000000000,99717,224,99694,224,99783,254,99608,224,99823,224,99576,224,99869,224,99575,224,99888,100,99429,100,99904,100,99413,100,100039,100,99390,100,100113,100,99208,100,100262,100,,,100285,100,,
2019-06-28 09:59:30.000000000,99717,596,99694,596,99783,130,99608,100,99823,100,99576,100,99869,100,99575,100,99888,100,99429,100,99904,100,99413,100,100039,100,99390,100,100113,100,99208,100,100262,100,,,100285,100,,
2019-06-28 09:59:33.521488157,99717,496,99694,596,99783,130,99608,100,99823,100,99576,100,99869,100,99575,100,99888,100,99429,100,99904,100,99413,100,100039,100,99390,100,100113,100,99208,100,100262,100,,,100285,100,,
2019-06-28 09:59:40.000000000,99783,254,99694,224,99823,224,99608,224,99869,224,99576,224,99888,224,99575,224,99904,100,99429,100,100039,100,99413,100,100113,100,99390,100,100262,100,99208,100,100285,100,,,100421,100,,
2019-06-28 09:59:50.000000000,99783,229,99694,199,99823,199,99608,199,99869,199,99576,199,99888,199,99575,199,99904,199,99429,199,100039,100,99413,100,100113,100,99390,100,100262,100,99208,100,100285,100,,,100421,100,,
2019-06-28 09:59:58.216722793,99783,229,99694,199,99823,199,99608,199,99869,199,99576,99,99888,199,99575,199,99904,199,99429,199,100039,100,99413,100,100113,100,99390,100,100262,100,99208,100,100285,100,98547,100,100421,100,,
2019-06-28 10:00:00.000000000,99783,229,99694,199,99823,199,99608,199,99869,199,99575,199,99888,199,99429,199,99904,199,99413,199,100039,100,99390,100,100113,100,99208,100,100262,100,98547,100,100285,100,,,100421,100,,
2019-06-28 10:00:10.000000000,99783,254,99694,224,99823,224,99608,224,99869,224,99575,224,99888,224,99429,224,99904,100,99413,100,100039,100,99390,100,100113,100,99208,100,100262,100,98547,100,100285,100,,,100421,100,,
2019-06-28 10:00:18.317432327,99783,254,99694,124,99823,224,99608,224,99869,224,99575,224,99888,224,99429,224,99904,100,99413,100,100039,100,99390,100,100113,100,99208,100,100262,100,98547,100,100285,100,,,100421,100,,
2019-06-28 10:00:20.000000000,99783,626,99608,596,99823,100,99575,100,99869,100,99429,100,99888,100,99413,100,99904,100,99390,100,100039,100,99208,100,100113,100,98547,100,100262,100,,,100285,100,,,100421,100,,
2019-06-28 10:00:30.000000000,99783,378,99608,348,99823,348,99575,348,99869,100,99429,100,99888,100,99413,100,99904,100,99390,100,100039,100,99208,100,100113,100,98547,100,100262,100,,,100285,100,,,100421,100,,
2019-06-28 10:00:37.843966403,99716,100,99608,348,99783,378,99575,348,99823,348,99429,100,99869,100,99413,100,99888,100,99390,100,99904,100,99208,100,100039,100,98547,100,100113,100,,,100262,100,,,100285,100,,
2019-06-28 10:00:40.000000000,99716,596,99608,596,99783,130,99575,100,99823,100,99429,100,99869,100,99413,100,99888,100,99390,100,99904,100,99208,100,100039,100,98547,100,100113,100,,,100262,100,,,100285,100,,
2019-06-28 10:00:50.000000000,99716,199,99608,199,99783,229,99575,199,99823,199,99429,199,99869,199,99413,199,99888,199,99390,199,99904,100,99208,100,100039,100,98547,100,100113,100,,,100262,100,,,100285,100,,
2019-06-28 10:01:00.000000000,99716,348,99608,348,99783,378,99575,348,99823,100,99429,100,99869,100,99413,100,99888,100,99390,100,99904,100,99208,100,100039,100,98547,100,100113,100,,,100262,100,,,100285,100,,
2019-06-28 10:01:00.060236753,99716,348,99608,248,99783,378,99575,348,99823,100,99429,100,99869,100,99413,100,99904,100,99390,100,100039,100,99208,100,100113,100,98547,100,100262,100,,,100285,100,,,100421,100,,
2019-06-28 10:01:06.094174911,99716,348,99608,248,99783,378,99575,348,99823,100,99429,100,99869,100,99413,100,99904,100,99390,100,100039,100,99208,100,100113,100,98547,100,100262,100,98533,100,100285,100,,,100421,100,,
2019-06-28 10:01:10.000000000,99716,224,99575,224,99783,254,99429,224,99823,224,99413,224,99869,224,99390,224,99904,100,99208,100,100039,100,98547,100,100113,100,98533,100,100262,100,,,100285,100,,,100421,100,,
2019-06-28 10:01:20.000000000,99716,596,99575,596,99783,130,99429,100,99823,100,99413,100,99869,100,99390,100,99904,100,99208,100,100039,100,98547,100,100113,100,98533,100,100262,100,,,100285,100,,,100421,100,,
2019-06-28 10:01:26.246493221,99716,596,99575,496,99783,130,99429,100,99823,100,99413,100,99869,100,99390,100,99904,100,99208,100,100039,100,98547,100,100113,100,98533,100,100262,100,,,100285,100,,,100421,100,,
2019-06-28 10:01:30.000000000,99716,596,99429,596,99783,130,99413,100,99823,100,99390,100,99869,100,99208,100,99904,100,98547,100,100039,100,98533,100,100113,100,,,100262,100,,,100285,100,,,100421,100,,
2019-06-28 10:01:32.548741198,99716,596,99429,596,99783,30,99413,100,99823,100,99390,100,99869,100,99208,100,99904,100,98547,100,100039,100,98533,100,100113,100,,,100262,100,,,100285,100,,,100421,100,,
2019-06-28 10:01:37.922886930,99608,100,99429,596,99716,596,99413,100,99783,30,99390,100,99823,100,99208,100,99869,100,98547,100,99904,100,98533,100,100039,100,,,100113,100,,,100262,100,,,100285,100,,
2019-06-28 10:01:40.000000000,99608,224,99429,224,99716,224,99413,224,99783,154,99390,224,99823,224,99208,224,99869,100,98547,100,99904,100,98533,100,100039,100,,,100113,100,,,100262,100,,,100285,100,,
2019-06-28 10:01:40.869444026,99608,224,99429,224,99716,224,99413,224,99783,154,99390,224,99823,224,99208,224,99869,100,98703,100,99904,100,98547,100,100039,100,98533,100,100113,100,,,100262,100,,,100285,100,,
2019-06-28 10:01:49.228014726,99608,324,99429,224,99716,224,99413,224,99783,154,99390,224,99823,224,99208,224,99869,100,98703,100,99904,100,98547,100,100039,100,98533,100,100113,100,,,100262,100,,,100285,100,,
2019-06-28 10:01:50.000000000,99608,369,99429,269,99716,264,99413,264,99783,194,99390,264,99823,100,99208,100,99869,100,98703,100,99904,100,98547,100,100039,100,98533,100,100113,100,,,100262,100,,,100285,100,,
2019-06-28 10:01:55.498061689,99608,369,99429,169,99716,264,99413,264,99783,194,99390,264,99823,100,99208,100,99869,100,98703,100,99904,100,98547,100,100039,100,98533,100,100113,100,,,100262,100,,,100285,100,,
2019-06-28 10:02:00.000000000,99608,369,99413,269,99716,264,99390,264,99783,194,99208,264,99823,100,98703,100,99869,100,98547,100,99904,100,98533,100,100039,100,,,100113,100,,,100262,100,,,100285,100,,
2019-06-28 10:02:10.000000000,99608,299,99413,199,99716,199,99390,199,99783,129,99208,199,99823,199,98703,199,99869,199,98547,199,99904,100,98533,100,100039,100,,,100113,100,,,100262,100,,,100285,100,,
2019-06-28 10:02:12.584930716,99608,299,99413,199,99716,199,99390,199,99783,129,99208,199,99823,199,98776,100,99869,199,98703,199,99904,100,98547,199,100039,100,98533,100,100113,100,,,100262,100,,,100285,100,,
2019-06-28 10:02:20.000000000,99608,369,99413,269,99716,264,99390,264,99783,194,99208,264,99823,100,98776,100,99869,100,98703,100,99904,100,98547,100,100039,100,98533,100,100113,100,,,100262,100,,,100285,100,,
2019-06-28 10:02:30.000000000,99608,299,99413,199,99716,199,99390,199,99783,129,99208,199,99823,199,98776,199,99869,199,98703,199,99904,100,98547,100,100039,100,98533,100,100113,100,,,100262,100,,,100285,100,,
2019-06-28 10:02:38.436085839,99608,299,99413,99,99716,199,99390,199,99783,129,99208,199,99823,199,98776,199,99869,199,98703,199,99904,100,98547,100,100039,100,98533,100,100113,100,,,100262,100,,,100285,100,,
2019-06-28 10:02:40.000000000,99608,369,99390,269,99716,264,99208,264,99783,194,98776,264,99823,100,98703,100,99869,100,98547,100,99904,100,98533,100,100039,100,,,100113,100,,,100262,100,,,100285,100,,
2019-06-28 10:02:46.946619440,99608,369,99390,169,99716,264,99208,264,99783,194,98776,264,99823,100,98703,100,99869,100,98547,100,99904,100,98533,100,100039,100,,,100113,100,,,100262,100,,,100285,100,,
2019-06-28 10:02:49.553376937,99608,369,99390,69,99716,264,99208,264,99783,194,98776,264,99823,100,98703,100,99869,100,98533,100,99904,100,,,100039,100,,,100113,100,,,100262,100,,,100285,100,,
2019-06-28 10:02:50.000000000,99608,448,99208,348,99716,348,98776,348,99783,30,98703,100,99823,100,98533,100,99869,100,,,99904,100,,,100039,100,,,100113,100,,,100262,100,,,100285,100,,
2019-06-28 10:03:00.000000000,99608,696,99208,596,99716,100,98776,100,99783,30,98703,100,99823,100,98533,100,99869,100,,,99904,100,,,100039,100,,,100113,100,,,100262,100,,,100285,100,,
2019-06-28 10:03:06.213227925,99608,696,99208,496,99716,100,98776,100,99783,30,98703,100,99823,100,98533,100,99869,100,,,99904,100,,,100039,100,,,100113,100,,,100262,100,,,100285,100,,
2019-06-28 10:03:10.000000000,99608,299,98776,199,99716,199,98703,199,99783,129,98533,199,99823,199,98532,99,99869,199,,,99904,100,,,100039,100,,,100113,100,,,100262,100,,,100285,100,,
2019-06-28 10:03:20.000000000,99608,369,98776,269,99716,264,98703,264,99783,194,98533,264,99823,100,,,99869,100,,,99904,100,,,100039,100,,,100113,100,,,100262,100,,,100285,100,,
2019-06-28 10:03:20.462070228,99608,369,98776,269,99716,264,98703,264,99783,194,98550,100,99823,100,98533,264,99869,100,,,99904,100,,,100039,100,,,100113,100,,,100262,100,,,100285,100,,
2019-06-28 10:03:21.596987068,98896,100,98776,269,99608,369,98703,264,99716,264,98550,100,99783,194,98533,264,99823,100,,,99869,100,,,99904,100,,,100039,100,,,100113,100,,,100262,100,,
2019-06-28 10:03:30.000000000,98896,269,98776,269,99608,364,98703,264,99716,264,98550,264,99783,30,98533,100,99823,100,,,99869,100,,,99904,100,,,100039,100,,,100113,100,,,100262,100,,
2019-06-28 10:03:40.000000000,98896,199,98776,199,99608,299,98703,199,99716,199,98550,199,99783,129,98533,199,99823,199,98532,99,99869,100,,,99904,100,,,100039,100,,,100113,100,,,100262,100,,
2019-06-28 10:03:43.366568205,98896,199,98776,199,99608,299,98703,199,99716,199,98550,199,99783,129,98533,199,99823,199,98532,99,99869,100,98402,100,99904,100,,,100039,100,,,100113,100,,,100262,100,,
2019-06-28 10:03:49.711815373,98896,199,98776,199,99608,299,98703,199,99716,199,98550,199,99783,129,98533,199,99823,99,98532,99,99869,100,98402,100,99904,100,,,100039,100,,,100113,100,,,100262,100,,
2019-06-28 10:03:50.000000000,98896,596,98776,596,99608,200,98703,100,99716,100,98550,100,99783,30,98533,100,99869,100,98402,100,99904,100,,,100039,100,,,100113,100,,,100262,100,,,100285,100,,
2019-06-28 10:04:00.000000000,98896,269,98776,269,99608,364,98703,264,99716,264,98550,264,99783,30,98533,100,99869,100,98402,100,99904,100,,,100039,100,,,100113,100,,,100262,100,,,100285,100,,
2019-06-28 10:04:03.428000207,98896,269,98868,100,99608,364,98776,269,99716,264,98703,264,99783,30,98550,264,99869,100,98533,100,99904,100,98402,100,100039,100,,,100262,100,,,100285,100,,,100473,100,,
2019-06-28 10:04:06.605072074,98896,269,98868,100,99608,364,98776,269,99716,264,98703,264,99783,30,98550,264,99904,100,98533,100,100039,100,98402,100,100262,100,,,100285,100,,,100473,100,,,,,,
2019-06-28 10:04:10.000000000,98896,596,98868,596,99608,200,98776,100,99716,100,98703,100,99783,30,98550,100,99904,100,98533,100,100039,100,98402,100,100262,100,,,100285,100,,,100473,100,,,,,,
2019-06-28 10:04:12.622681235,98896,596,98868,496,99608,200,98776,100,99716,100,98703,100,99783,30,98550,100,99904,100,98533,100,100039,100,98402,100,100262,100,,,100285,100,,,100473,100,,,,,,
2019-06-28 10:04:20.000000000,98896,224,98776,224,99608,324,98703,224,99716,224,98550,224,99783,154,98533,224,99904,100,98402,100,100039,100,,,100262,100,,,100285,100,,,100473,100,,,,,,
2019-06-28 10:04:30.000000000,98896,224,98776,224,99608,324,98703,224,99716,224,98550,224,99783,154,98533,224,99904,100,98402,100,100039,100,,,100262,100,,,100285,100,,,100473,100,,,,,,
2019-06-28 10:04:40.000000000,98896,269,98776,269,99608,364,98703,264,99716,264,98550,264,99783,30,98533,100,99904,100,98402,100,100039,100,,,100262,100,,,100285,100,,,100473,100,,,,,,
2019-06-28 10:04:50.000000000,98896,269,98776,269,99608,364,98703,264,99716,264,98550,264,99783,30,98533,100,99904,100,98402,100,100039,100,,,100262,100,,,100285,100,,,100473,100,,,,,,
2019-06-28 10:04:58.967707281,98896,269,98776,269,99194,100,98703,264,99608,364,98550,264,99716,264,98533,100,99783,30,98402,100,99904,100,,,100039,100,,,100262,100,,,100285,100,,,100473,100,,
2019-06-28 10:05:00.000000000,98896,269,98776,269,99194,264,98703,264,99608,364,98550,264,99716,100,98533,100,99783,30,98402,100,99904,100,,,100039,100,,,100262,100,,,100285,100,,,100473,100,,
2019-06-28 10:05:10.000000000,98896,224,98776,224,99194,224,98703,224,99608,324,98550,224,99716,224,98533,224,99783,30,98402,100,99904,100,,,100039,100,,,100262,100,,,100285,100,,,100473,100,,
2019-06-28 10:05:20.000000000,98896,224,98776,224,99194,224,98703,224,99608,324,98550,224,99716,224,98533,224,99783,30,98402,100,99904,100,,,100039,100,,,100262,100,,,100285,100,,,100473,100,,
2019-06-28 10:05:27.736266508,98896,124,98776,224,99194,224,98703,224,99608,324,98550,224,99716,224,98533,224,99783,30,98402,100,99904,100,,,100039,100,,,100262,100,,,100285,100,,,100473,100,,
2019-06-28 10:05:30.000000000,99194,224,98776,224,99608,324,98703,224,99716,224,98550,224,99783,154,98533,224,99904,100,98402,100,100039,100,,,100262,100,,,100285,100,,,100473,100,,,,,,
2019-06-28 10:05:34.678822035,99194,224,98869,100,99608,324,98776,224,99716,124,98703,224,99783,154,98550,224,99904,100,98533,224,100039,100,98402,100,100262,100,,,100285,100,,,100473,100,,,,,,
2019-06-28 10:05:40.000000000,99194,269,98869,269,99608,364,98776,264,99783,194,98703,264,99904,100,98550,100,100039,100,98533,100,100262,100,98402,100,100285,100,,,100473,100,,,,,,,,,,
2019-06-28 10:05:50.000000000,99194,348,98869,348,99608,448,98776,348,99783,30,98703,100,99904,100,98550,100,100039,100,98533,100,100262,100,98402,100,100285,100,,,100473,100,,,,,,,,,,
2019-06-28 10:06:00.000000000,99194,224,98869,224,99608,324,98776,224,99783,154,98703,224,99904,224,98550,224,100039,100,98533,100,100262,100,98402,100,100285,100,,,100473,100,,,,,,,,,,
2019-06-28 10:06:10.000000000,99194,596,98869,596,99608,200,98776,100,99783,30,98703,100,99904,100,98550,100,100039,100,98533,100,100262,100,98402,100,100285,100,,,100473,100,,,,,,,,,,
2019-06-28 10:06:20.000000000,99194,269,98869,269,99608,364,98776,264,99783,194,98703,264,99904,100,98550,100,100039,100,98533,100,100262,100,98402,100,100285,100,,,100473,100,,,,,,,,,,
2019-06-28 10:06:30.000000000,99194,348,98869,348,99608,448,98776,348,99783,30,98703,100,99904,100,98550,100,100039,100,98533,100,100262,100,98402,100,100285,100,,,100473,100,,,,,,,,,,
2019-06-28 10:06:33.300185335,98895,100,98869,348,99194,348,98776,348,99608,448,98703,100,99783,30,98550,100,99904,100,98533,100,100039,100,98402,100,100262,100,,,100285,100,,,100473,100,,,,,,
2019-06-28 10:06:40.000000000,98895,348,98869,348,99194,348,98776,348,99608,200,98703,100,99783,30,98550,100,99904,100,98533,100,100039,100,98402,100,100262,100,,,100285,100,,,100473,100,,,,,,
2019-06-28 10:06:41.280460027,98895,348,98869,348,99194,348,98776,348,99608,200,98703,100,99783,30,98550,100,99904,100,98533,100,100039,100,98402,100,100262,100,98365,100,100285,100,,,100473,100,,,,,,
2019-06-28 10:06:50.000000000,98895,348,98869,348,99194,348,98776,348,99608,200,98703,100,99783,30,98550,100,99904,100,98533,100,100039,100,98402,100,100262,100,98365,100,100285,100,,,100473,100,,,,,,
2019-06-28 10:07:00.000000000,98895,224,98869,224,99194,224,98776,224,99608,324,98703,224,99783,154,98550,224,99904,100,98533,100,100039,100,98402,100,100262,100,98365,100,100285,100,,,100473,100,,,,,,
2019-06-28 10:07:00.359713668,98895,224,98869,124,99194,224,98776,224,99608,324,98703,224,99783,154,98550,224,99904,100,98533,100,100039,100,98402,100,100262,100,98365,100,100285,100,,,100473,100,,,,,,
2019-06-28 10:07:10.000000000,98895,269,98776,269,99194,264,98703,264,99608,364,98550,264,99783,30,98533,100,99904,100,98402,100,100039,100,98365,100,100262,100,,,100285,100,,,100473,100,,,,,,
2019-06-28 10:07:20.000000000,98895,224,98776,224,99194,224,98703,224,99608,324,98550,224,99783,154,98533,224,99904,100,98402,100,100039,100,98365,100,100262,100,,,100285,100,,,100473,100,,,,,,
2019-06-28 10:07:20.170232101,98895,224,98776,124,99194,224,98703,224,99608,324,98550,224,99783,154,98533,224,99904,100,98402,100,100039,100,98365,100,100262,100,,,100285,100,,,100473,100,,,,,,
2019-06-28 10:07:21.603408737,98895,224,98776,24,99194,224,98703,224,99608,324,98550,224,99783,154,98533,224,99904,100,98402,100,100039,100,98365,100,100262,100,,,100285,100,,,100473,100,,,,,,
2019-06-28 10:07:23.685198644,98776,76,98703,124,98895,224,98550,224,99194,224,98533,224,99608,324,98402,100,99783,154,98365,100,99904,100,,,100039,100,,,100262,100,,,100285,100,,,100473,100,,
2019-06-28 10:07:26.919576107,98776,176,98703,124,98895,224,98550,224,99194,224,98533,224,99608,324,98402,100,99783,154,98365,100,99904,100,,,100039,100,,,100262,100,,,100285,100,,,100473,100,,
2019-06-28 10:07:28.538649865,98776,176,98703,124,98895,224,98550,224,99194,224,98533,224,99608,324,98506,100,99783,154,98402,100,99904,100,98365,100,100039,100,,,100262,100,,,100285,100,,,100473,100,,
2019-06-28 10:07:30.000000000,98776,275,98550,199,98895,199,98533,199,99194,199,98506,199,99608,299,98402,199,99783,129,98365,199,99904,100,,,100039,100,,,100262,100,,,100285,100,,,100473,100,,
2019-06-28 10:07:40.000000000,98776,345,98550,269,98895,264,98533,264,99194,264,98506,264,99608,200,98402,100,99783,30,98365,100,99904,100,,,100039,100,,,100262,100,,,100285,100,,,100473,100,,
2019-06-28 10:07:42.647569833,98776,345,98550,169,98895,264,98533,264,99194,264,98506,264,99608,200,98402,100,99783,30,98365,100,99904,100,,,100039,100,,,100262,100,,,100285,100,,,100473,100,,
2019-06-28 10:07:50.000000000,98776,672,98533,596,98895,100,98506,100,99194,100,98402,100,99608,200,98365,100,99783,30,,,99904,100,,,100039,100,,,100262,100,,,100285,100,,,100473,100,,
2019-06-28 10:08:00.000000000,98776,672,98533,596,98895,100,98506,100,99194,100,98402,100,99608,200,98365,100,99783,30,,,99904,100,,,100039,100,,,100262,100,,,100285,100,,,100473,100,,
2019-06-28 10:08:03.183686707,98776,672,98551,100,98895,100,98533,596,99194,100,98506,100,99608,200,98402,100,99783,30,98365,100,99904,100,,,100039,100,,,100262,100,,,100285,100,,,100473,100,,
2019-06-28 10:08:10.000000000,98776,300,98551,224,98895,224,98533,224,99194,224,98506,224,99608,324,98402,224,99783,30,98365,100,99904,100,,,100039,100,,,100262,100,,,100285,100,,,100473,100,,
2019-06-28 10:08:10.296171760,98775,100,98551,224,98776,300,98533,224,98895,224,98506,224,99194,224,98402,224,99608,324,98365,100,99783,30,,,99904,100,,,100039,100,,,100262,100,,,100285,100,,
2019-06-28 10:08:20.000000000,98775,348,98551,348,98776,424,98533,348,98895,100,98506,100,99194,100,98402,100,99608,200,98365,100,99783,30,,,99904,100,,,100039,100,,,100262,100,,,100285,100,,
2019-06-28 10:08:30.000000000,98775,269,98551,269,98776,340,98533,264,98895,264,98506,264,99194,100,98402,100,99608,200,98365,100,99783,30,,,99904,100,,,100039,100,,,100262,100,,,100285,100,,
2019-06-28 10:08:40.000000000,98775,224,98551,224,98776,300,98533,224,98895,224,98506,224,99194,224,98402,224,99608,200,98365,100,99783,30,,,99904,100,,,100039,100,,,100262,100,,,100285,100,,
2019-06-28 10:08:46.811939630,98600,100,98551,224,98775,224,98533,224,98776,300,98506,224,98895,224,98402,224,99194,224,98365,100,99608,200,,,99783,30,,,99904,100,,,100039,100,,,100262,100,,
2019-06-28 10:08:50.000000000,98600,224,98551,224,98775,224,98533,224,98776,300,98506,224,98895,224,98402,224,99194,100,98365,100,99608,200,,,99783,30,,,99904,100,,,100039,100,,,100262,100,,
2019-06-28 10:08:53.654605267,98600,224,98551,224,98775,324,98533,224,98776,300,98506,224,98895,224,98402,224,99194,100,98365,100,99608,200,,,99783,30,,,99904,100,,,100039,100,,,100262,100,,
2019-06-28 10:09:00.000000000,98600,199,98551,199,98775,299,98533,199,98776,275,98506,199,98895,199,98402,199,99194,199,98365,199,99608,200,,,99783,30,,,99904,100,,,100039,100,,,100262,100,,
2019-06-28 10:09:05.871554022,98600,199,98551,299,98775,299,98533,199,98776,275,98506,199,98895,99,98402,199,99194,199,98365,199,99608,200,,,99783,30,,,99904,100,,,100039,100,,,100262,100,,
2019-06-28 10:09:10.000000000,98600,348,98551,448,98775,448,98533,348,98776,176,98506,100,99194,100,98402,100,99608,200,98365,100,99783,30,,,99904,100,,,100039,100,,,100262,100,,,100285,100,,
2019-06-28 10:09:12.551326898,98600,248,98551,448,98775,448,98533,348,98776,176,98506,100,99194,100,98402,100,99608,200,98365,100,99783,30,,,99904,100,,,100039,100,,,100262,100,,,100285,100,,
2019-06-28 10:09:20.000000000,98775,369,98551,369,98776,340,98533,264,99194,264,98506,264,99608,200,98402,100,99783,30,98365,100,99904,100,,,100039,100,,,100262,100,,,100285,100,,,100473,100,,
2019-06-28 10:09:20.813267859,98775,369,98551,369,98776,340,98533,264,98875,100,98506,264,99194,264,98402,100,99608,200,98365,100,99783,30,,,99904,100,,,100039,100,,,100262,100,,,100285,100,,
2019-06-28 10:09:30.000000000,98775,448,98551,448,98776,424,98533,348,98875,100,98506,100,99194,100,98402,100,99608,200,98365,100,99783,30,,,99904,100,,,100039,100,,,100262,100,,,100285,100,,
2019-06-28 10:09:31.799714982,98775,448,98552,100,98776,424,98551,448,98875,100,98533,348,99194,100,98506,100,99608,200,98402,100,99783,30,98365,100,99904,100,,,100039,100,,,100262,100,,,100285,100,,
2019-06-28 10:09:40.000000000,98775,324,98552,224,98776,300,98551,324,98875,224,98533,224,99194,224,98506,224,99608,200,98402,100,99783,30,98365,100,99904,100,,,100039,100,,,100262,100,,,100285,100,,
2019-06-28 10:09:50.000000000,98775,324,98552,224,98776,300,98551,324,98875,224,98533,224,99194,224,98506,224,99608,200,98402,100,99783,30,98365,100,99904,100,,,100039,100,,,100262,100,,,100285,100,,
2019-06-28 10:09:55.882871813,98775,324,98552,224,98776,300,98551,324,98875,224,98533,224,99194,224,98506,224,99608,200,98402,100,99783,30,98376,100,99904,100,98365,100,100039,100,,,100262,100,,,100285,100,,
2019-06-28 10:10:00.000000000,98775,299,98552,199,98776,275,98551,299,98875,199,98533,199,99194,199,98506,199,99608,299,98402,199,99783,30,98376,100,99904,100,98365,100,100039,100,,,100262,100,,,100285,100,,
2019-06-28 10:10:10.000000000,98775,696,98552,596,98776,176,98551,200,98875,100,98533,100,99194,100,98506,100,99608,200,98402,100,99783,30,98376,100,99904,100,98365,100,100039,100,,,100262,100,,,100285,100,,
2019-06-28 10:10:13.768849004,98674,100,98552,596,98775,696,98551,200,98776,176,98533,100,98875,100,98506,100,99194,100,98402,100,99608,200,98376,100,99783,30,98365,100,99904,100,,,100039,100,,,100262,100,,
2019-06-28 10:10:14.017553159,98674,100,98552,496,98775,696,98551,200,98776,176,98533,100,98875,100,98506,100,99194,100,98402,100,99608,200,98376,100,99783,30,98365,100,99904,100,,,100039,100,,,100262,100,,
2019-06-28 10:10:20.000000000,98674,224,98551,324,98775,324,98533,224,98776,300,98506,224,98875,224,98402,224,99194,100,98376,100,99608,200,98365,100,99783,30,,,99904,100,,,100039,100,,,100262,100,,
2019-06-28 10:10:30.000000000,98674,348,98551,448,98775,448,98533,348,98776,176,98506,100,98875,100,98402,100,99194,100,98376,100,99608,200,98365,100,99783,30,,,99904,100,,,100039,100,,,100262,100,,
2019-06-28 10:10:40.000000000,98674,269,98551,369,98775,364,98533,264,98776,340,98506,264,98875,100,98402,100,99194,100,98376,100,99608,200,98365,100,99783,30,,,99904,100,,,100039,100,,,100262,100,,
2019-06-28 10:10:50.000000000,98674,348,98551,448,98775,448,98533,348,98776,176,98506,100,98875,100,98402,100,99194,100,98376,100,99608,200,98365,100,99783,30,,,99904,100,,,100039,100,,,100262,100,,
2019-06-28 10:11:00.000000000,98674,224,98551,324,98775,324,98533,224,98776,300,98506,224,98875,224,98402,224,99194,100,98376,100,99608,200,98365,100,99783,30,,,99904,100,,,100039,100,,,100262,100,,
2019-06-28 10:11:10.000000000,98674,269,98551,369,98775,364,98533,264,98776,340,98506,264,98875,100,98402,100,99194,100,98376,100,99608,200,98365,100,99783,30,,,99904,100,,,100039,100,,,100262,100,,
