,ask_price_1,ask_size_1,bid_price_1,bid_size_1,ask_price_2,ask_size_2,bid_price_2,bid_size_2,ask_price_3,ask_size_3,bid_price_3,bid_size_3,ask_price_4,ask_size_4,bid_price_4,bid_size_4,ask_price_5,ask_size_5,bid_price_5,bid_size_5,ask_price_6,ask_size_6,bid_price_6,bid_size_6,ask_price_7,ask_size_7,bid_price_7,bid_size_7,ask_price_8,ask_size_8,bid_price_8,bid_size_8,ask_price_9,ask_size_9,bid_price_9,bid_size_9,ask_price_10,ask_size_10,bid_price_10,bid_size_10
2019-06-28 09:30:00.000000000,,,99962,100,,,,,,,,,,,,,,,,,,,,,,,,,,,,,,,,,,,,
2019-06-28 09:30:00.000000002,100083,100,99962,100,,,,,,,,,,,,,,,,,,,,,,,,,,,,,,,,,,,,
2019-06-28 09:30:00.000000005,100054,100,99860,100,100083,100,,,,,,,,,,,,,,,,,,,,,,,,,,,,,,,,,,
2019-06-28 09:30:00.000000006,100054,100,99860,100,100058,100,,,100083,100,,,,,,,,,,,,,,,,,,,,,,,,,,,,,,
2019-06-28 09:30:00.000000007,100054,100,99922,100,100058,100,99860,100,100083,100,,,,,,,,,,,,,,,,,,,,,,,,,,,,,,
2019-06-28 09:30:00.000000008,100054,100,99922,100,100058,100,99860,100,100083,100,99715,100,,,,,,,,,,,,,,,,,,,,,,,,,,,,
2019-06-28 09:30:00.000000009,100054,100,99955,100,100058,100,99922,100,100083,100,99860,100,,,99715,100,,,,,,,,,,,,,,,,,,,,,,,,
2019-06-28 09:30:00.000000010,100054,100,99955,100,100058,100,99922,100,100083,100,99860,100,100085,100,99715,100,,,,,,,,,,,,,,,,,,,,,,,,
2019-06-28 09:30:00.000000013,100058,100,99955,100,100083,100,99922,100,100085,100,99860,100,,,99715,100,,,,,,,,,,,,,,,,,,,,,,,,
2019-06-28 09:30:00.000000015,100058,100,99962,100,100083,100,99955,100,100085,100,99922,100,,,99860,100,,,99715,100,,,,,,,,,,,,,,,,,,,,
2019-06-28 09:30:00.000000018,100058,100,99979,100,100083,100,99962,100,100085,100,99955,100,,,99922,100,,,99860,100,,,99715,100,,,,,,,,,,,,,,,,
2019-06-28 09:30:00.000000020,100058,100,99979,100,100083,100,99962,100,100085,100,99955,100,,,99951,100,,,99922,100,,,99860,100,,,99715,100,,,,,,,,,,,,
2019-06-28 09:30:00.000000025,100054,200,99979,100,100058,100,99962,100,100069,100,99955,100,100083,100,99951,100,100085,100,99922,100,,,99860,100,,,99715,100,,,,,,,,,,,,
2019-06-28 09:30:00.000000030,100054,200,99979,100,100058,100,99962,100,100069,100,99955,100,100081,100,99951,100,100083,100,99922,100,100085,100,99860,100,,,99715,100,,,,,,,,,,,,
2019-06-28 09:30:00.000000033,100006,100,99979,100,100054,200,99962,100,100058,100,99955,100,100069,100,99951,100,100081,100,99922,100,100083,100,99860,100,100085,100,99715,100,,,,,,,,,,,,
2019-06-28 09:30:00.000000035,100006,100,99979,100,100054,200,99962,100,100058,100,99955,100,100069,100,99951,100,100081,100,99934,100,100083,100,99922,100,100085,100,99894,100,,,99860,100,,,99715,100,,,,
2019-06-28 09:30:00.000000036,100006,100,99979,100,100054,200,99962,100,100058,100,99955,100,100069,100,99951,200,100081,100,99934,100,100083,100,99922,100,100085,100,99894,100,,,99860,100,,,99715,100,,,,
2019-06-28 09:30:00.000000038,100006,100,99979,100,100054,300,99962,100,100058,100,99955,100,100069,100,99951,200,100081,100,99934,100,100083,100,99922,100,100085,100,99894,100,,,99860,100,,,99715,100,,,,
2019-06-28 09:30:00.000000039,100006,100,99979,100,100054,300,99962,100,100058,100,99955,100,100069,100,99951,200,100081,100,99934,100,100083,100,99922,100,100085,100,99906,100,,,99894,100,,,99860,100,,,99715,100
2019-06-28 09:30:00.000000041,100006,100,99979,100,100054,300,99962,100,100058,100,99955,100,100067,100,99951,200,100069,100,99934,100,100081,100,99922,100,100083,100,99906,100,100085,100,99894,100,,,99860,100,,,99715,100
2019-06-28 09:30:00.000000048,100006,100,99979,100,100054,300,99962,100,100058,100,99955,100,100067,100,99951,200,100069,100,99934,100,100081,100,99922,100,100083,100,99908,100,100085,100,99906,100,,,99894,100,,,99860,100
2019-06-28 09:30:00.000000050,100006,100,99979,100,100054,400,99969,100,100058,100,99962,100,100067,100,99955,100,100069,100,99951,200,100081,100,99934,100,100083,100,99922,100,100085,100,99908,100,,,99906,100,,,99894,100
2019-06-28 09:30:00.000000053,100006,100,99979,100,100054,400,99969,100,100058,100,99962,200,100067,100,99955,100,100069,100,99951,200,100081,100,99934,100,100083,100,99922,100,100085,100,99908,100,,,99906,100,,,99894,100
2019-06-28 09:30:00.000000054,100006,100,99979,100,100054,500,99969,100,100058,100,99962,200,100067,100,99955,100,100069,100,99951,200,100081,100,99934,100,100083,100,99922,100,100085,100,99908,100,,,99906,100,,,99894,100
2019-06-28 09:30:00.000000056,100006,100,99979,100,100054,500,99969,100,100058,100,99962,200,100067,100,99956,100,100069,100,99955,100,100081,100,99951,200,100083,100,99934,100,100084,100,99922,100,100085,100,99908,100,,,99906,100
2019-06-28 09:30:00.000000057,100006,100,99979,100,100054,500,99969,100,100058,100,99962,300,100067,100,99956,100,100069,100,99955,100,100081,100,99951,200,100083,100,99934,100,100084,100,99922,100,100085,100,99908,100,,,99906,100
2019-06-28 09:30:00.000000058,100054,500,99979,100,100058,100,99969,100,100067,100,99962,300,100069,100,99956,100,100081,100,99955,100,100083,100,99951,200,100084,100,99934,100,100085,100,99922,100,100167,100,99908,100,,,99906,100
2019-06-28 09:30:00.000000063,100054,500,99969,100,100058,100,99962,300,100067,100,99956,100,100069,100,99955,100,100081,100,99951,200,100083,100,99934,100,100084,100,99922,100,100085,100,99908,100,100167,100,99906,100,,,99894,100
2019-06-28 09:30:00.000000065,100054,500,99988,100,100058,100,99969,100,100067,100,99962,300,100069,100,99956,100,100074,100,99955,100,100081,100,99951,200,100083,100,99934,100,100084,100,99922,100,100085,100,99908,100,100167,100,99906,100
2019-06-28 09:30:00.000000074,100054,500,99988,100,100058,100,99969,100,100067,100,99962,300,100069,100,99956,100,100074,100,99955,100,100081,100,99951,200,100083,100,99947,100,100084,100,99946,100,100085,100,99934,100,100167,100,99922,100
2019-06-28 09:30:00.000000075,100006,100,99988,100,100054,500,99969,100,100058,100,99962,300,100067,100,99956,100,100069,100,99955,100,100074,100,99951,200,100081,100,99947,100,100083,100,99946,100,100084,100,99934,100,100085,100,99922,100
2019-06-28 09:30:00.000000076,100054,500,99988,100,100058,100,99969,100,100067,100,99962,300,100069,100,99956,100,100074,100,99955,100,100081,100,99951,200,100083,100,99947,100,100084,100,99946,100,100085,100,99934,100,100167,100,99922,100
2019-06-28 09:30:00.000000078,100054,600,99988,100,100058,100,99969,100,100067,100,99962,300,100069,100,99956,100,100074,100,99955,100,100081,100,99951,200,100083,100,99947,100,100084,100,99946,100,100085,100,99934,100,100167,100,99922,100
2019-06-28 09:30:00.000000079,100054,600,100006,200,100058,100,99988,100,100067,100,99969,100,100069,100,99962,300,100074,100,99956,100,100081,100,99955,100,100083,100,99951,200,100084,100,99947,100,100085,100,99946,100,100167,100,99934,100
2019-06-28 09:30:00.000000080,100009,100,100006,200,100054,600,99988,100,100058,100,99969,100,100067,100,99962,300,100069,100,99956,100,100074,100,99955,100,100081,100,99951,200,100083,100,99947,100,100084,100,99946,100,100085,100,99934,100
2019-06-28 09:30:00.000000082,100026,100,100006,200,100054,600,99988,100,100058,100,99969,100,100067,100,99962,300,100069,100,99956,100,100074,100,99955,100,100081,100,99951,200,100083,100,99947,100,100084,100,99946,100,100085,100,99934,100
2019-06-28 09:30:00.000000083,100026,100,100006,200,100054,600,99988,100,100058,100,99969,100,100062,100,99962,300,100067,100,99956,100,100069,100,99955,100,100074,100,99951,200,100081,100,99947,100,100083,100,99946,100,100084,100,99934,100
2019-06-28 09:30:00.000000085,100026,100,100006,200,100036,100,99988,100,100054,600,99969,100,100058,100,99967,100,100062,100,99962,300,100067,100,99956,100,100069,100,99955,100,100074,100,99951,200,100081,100,99947,100,100083,100,99946,100
2019-06-28 09:30:00.000000086,100026,100,100006,200,100036,100,99988,100,100054,600,99969,100,100058,100,99967,100,100062,100,99962,300,100067,100,99956,100,100069,200,99955,100,100074,100,99951,200,100081,100,99947,100,100083,100,99946,100
2019-06-28 09:30:00.000000089,100026,100,100006,200,100036,100,99988,100,100054,600,99969,100,100058,100,99967,100,100062,100,99962,300,100067,100,99960,100,100069,200,99956,100,100074,100,99955,100,100081,100,99951,200,100083,100,99947,100
2019-06-28 09:30:00.000000090,100009,100,100006,100,100026,100,99988,100,100036,100,99969,100,100054,600,99967,100,100058,100,99962,300,100062,100,99960,100,100067,100,99956,100,100069,200,99955,100,100074,100,99951,200,100081,100,99947,100
2019-06-28 09:30:00.000000094,100009,100,100006,100,100026,100,99988,100,100036,100,99969,100,100054,600,99967,100,100058,100,99962,300,100062,100,99960,100,100067,100,99956,100,100069,200,99955,100,100074,100,99951,200,100081,100,99947,100
2019-06-28 09:30:00.000000096,100009,100,100006,100,100015,100,99988,100,100026,100,99969,100,100036,100,99967,100,100054,600,99962,300,100058,100,99960,100,100062,100,99956,100,100067,100,99955,100,100069,200,99951,200,100074,100,99947,100
2019-06-28 09:30:00.000000097,100009,100,100006,100,100015,100,99988,100,100026,100,99969,100,100036,100,99967,100,100054,600,99962,300,100058,100,99960,100,100062,100,99956,100,100067,100,99955,100,100069,200,99951,200,100074,100,99947,100
2019-06-28 09:30:02.990290980,100009,200,100006,100,100015,100,99988,100,100026,100,99969,100,100036,100,99967,100,100054,600,99962,300,100058,100,99960,100,100062,100,99956,100,100067,100,99955,100,100069,200,99951,200,100074,100,99947,100
2019-06-28 09:30:10.000000000,100009,277,100006,177,100015,177,99988,177,100026,177,99969,177,100036,177,99967,177,100054,677,99962,377,100058,100,99960,100,100062,100,99956,100,100067,100,99955,100,100069,200,99951,200,100074,100,99947,100
2019-06-28 09:30:14.008634061,100009,277,100006,177,100015,177,99988,177,100026,177,99969,177,100036,177,99967,177,100054,677,99962,377,100058,100,99960,100,100062,100,99956,100,100067,100,99955,100,100069,200,99951,200,100074,100,99947,100
2019-06-28 09:30:20.000000000,100009,331,100006,231,100015,227,99988,227,100026,227,99969,227,100036,100,99967,100,100054,600,99962,300,100058,100,99960,100,100062,100,99956,100,100067,100,99955,100,100069,200,99951,200,100074,100,99947,100
2019-06-28 09:30:30.000000000,100009,296,100006,196,100015,196,99988,196,100026,196,99969,196,100036,196,99967,196,100054,600,99962,300,100058,100,99960,100,100062,100,99956,100,100067,100,99955,100,100069,200,99951,200,100074,100,99947,100
2019-06-28 09:30:31.787315575,100009,296,100006,196,100015,196,99988,196,100026,196,99969,196,100036,196,99967,196,100054,600,99962,300,100058,100,99960,100,100062,100,99956,100,100067,100,99955,100,100069,200,99951,200,100074,100,99947,100
2019-06-28 09:30:40.000000000,100009,277,100006,177,100015,177,99988,177,100026,177,99969,177,100036,177,99967,177,100054,677,99962,377,100058,100,99960,100,100062,100,99956,100,100067,100,99955,100,100069,200,99951,200,100074,100,99947,100
2019-06-28 09:30:50.000000000,100009,296,100006,196,100015,196,99988,196,100026,196,99969,196,100036,196,99967,196,100054,600,99962,300,100058,100,99960,100,100062,100,99956,100,100067,100,99955,100,100069,200,99951,200,100074,100,99947,100
2019-06-28 09:31:00.000000000,100009,393,100006,293,100015,293,99988,293,100026,100,99969,100,100036,100,99967,100,100054,600,99962,300,100058,100,99960,100,100062,100,99956,100,100067,100,99955,100,100069,200,99951,200,100074,100,99947,100
2019-06-28 09:31:02.791403018,100009,493,100006,293,100015,293,99988,293,100026,100,99969,100,100036,100,99967,100,100054,600,99962,300,100058,100,99960,100,100062,100,99956,100,100067,100,99955,100,100069,200,99951,200,100074,100,99947,100
2019-06-28 09:31:10.000000000,100009,493,100006,293,100015,293,99988,293,100026,100,99969,100,100036,100,99967,100,100054,600,99962,300,100058,100,99960,100,100062,100,99956,100,100067,100,99955,100,100069,200,99951,200,100074,100,99947,100
2019-06-28 09:31:20.000000000,100009,377,100006,177,100015,177,99988,177,100026,177,99969,177,100036,177,99967,177,100054,677,99962,377,100058,100,99960,100,100062,100,99956,100,100067,100,99955,100,100069,200,99951,200,100074,100,99947,100
2019-06-28 09:31:23.525178411,100009,377,100006,177,100015,177,99988,177,100026,177,99969,177,100036,177,99967,177,100054,677,99962,277,100058,100,99960,100,100062,100,99956,100,100067,100,99955,100,100069,200,99951,200,100074,100,99947,100
2019-06-28 09:31:29.426993674,100009,377,100006,177,100015,177,99988,177,100026,177,99969,177,100036,177,99967,177,100054,577,99962,277,100058,100,99960,100,100062,100,99956,100,100067,100,99955,100,100069,200,99951,200,100074,100,99947,100
2019-06-28 09:31:30.000000000,100009,431,100006,231,100015,227,99988,227,100026,227,99969,227,100036,100,99967,100,100054,500,99962,200,100058,100,99960,100,100062,100,99956,100,100067,100,99955,100,100069,200,99951,200,100074,100,99947,100
2019-06-28 09:31:40.000000000,100009,396,100006,196,100015,196,99988,196,100026,196,99969,196,100036,196,99967,196,100054,500,99962,200,100058,100,99960,100,100062,100,99956,100,100067,100,99955,100,100069,200,99951,200,100074,100,99947,100
2019-06-28 09:31:41.606195695,100009,396,100006,96,100015,196,99988,196,100026,196,99969,196,100036,196,99967,196,100054,500,99962,200,100058,100,99960,100,100062,100,99956,100,100067,100,99955,100,100069,200,99951,200,100074,100,99947,100
2019-06-28 09:31:50.000000000,100009,686,99988,486,100015,100,99969,100,100026,100,99967,100,100036,100,99962,200,100054,500,99960,100,100058,100,99956,100,100062,100,99955,100,100067,100,99951,200,100069,200,99947,100,100074,100,99946,100
2019-06-28 09:31:57.012355341,100009,686,99988,486,100015,100,99969,100,100026,100,99967,100,100036,100,99962,200,100054,500,99960,100,100058,100,99956,100,100062,100,99955,100,100067,100,99951,200,100069,200,99947,100,100074,100,99946,100
2019-06-28 09:32:00.000000000,100009,431,99988,231,100015,227,99969,227,100026,227,99967,227,100036,100,99962,200,100054,500,99960,100,100058,100,99956,100,100062,100,99955,100,100067,100,99951,200,100069,200,99947,100,100074,100,99946,100
2019-06-28 09:32:10.000000000,100009,431,99988,231,100015,227,99969,227,100026,227,99967,227,100036,100,99962,200,100054,500,99960,100,100058,100,99956,100,100062,100,99955,100,100067,100,99951,200,100069,200,99947,100,100074,100,99946,100
2019-06-28 09:32:20.000000000,100009,431,99988,231,100015,227,99969,227,100026,227,99967,227,100036,100,99962,200,100054,500,99960,100,100058,100,99956,100,100062,100,99955,100,100067,100,99951,200,100069,200,99947,100,100074,100,99946,100
2019-06-28 09:32:24.592284493,100009,431,99988,231,100015,227,99969,227,100026,227,99967,227,100036,100,99962,200,100054,500,99960,100,100058,100,99956,100,100062,100,99955,100,100067,100,99951,200,100069,200,99946,100,100074,100,99934,100
2019-06-28 09:32:30.000000000,100009,377,99988,177,100015,177,99969,177,100026,177,99967,177,100036,177,99962,277,100054,577,99960,177,100058,100,99956,100,100062,100,99955,100,100067,100,99951,200,100069,200,99946,100,100074,100,99934,100
2019-06-28 09:32:31.086322123,100009,377,99988,77,100015,177,99969,177,100026,177,99967,177,100036,177,99962,277,100054,577,99960,177,100058,100,99956,100,100062,100,99955,100,100067,100,99951,200,100069,200,99946,100,100074,100,99934,100
2019-06-28 09:32:40.000000000,100009,686,99969,486,100015,100,99967,100,100026,100,99962,200,100036,100,99960,100,100054,500,99956,100,100058,100,99955,100,100062,100,99951,200,100067,100,99946,100,100069,200,99934,100,100074,100,99924,100
2019-06-28 09:32:50.000000000,100009,686,99969,486,100015,100,99967,100,100026,100,99962,200,100036,100,99960,100,100054,500,99956,100,100058,100,99955,100,100062,100,99951,200,100067,100,99946,100,100069,200,99934,100,100074,100,99924,100
2019-06-28 09:32:53.462953400,100009,686,99969,486,100015,100,99967,100,100026,100,99962,200,100036,100,99960,100,100054,400,99956,100,100058,100,99955,100,100062,100,99951,200,100067,100,99946,100,100069,200,99934,100,100074,100,99924,100
2019-06-28 09:33:00.000000000,100009,431,99969,231,100015,227,99967,227,100026,227,99962,327,100036,100,99960,100,100054,400,99956,100,100058,100,99955,100,100062,100,99951,200,100067,100,99946,100,100069,200,99934,100,100074,100,99924,100
2019-06-28 09:33:10.000000000,100009,377,99969,177,100015,177,99967,177,100026,177,99962,277,100036,177,99960,177,100054,477,99956,177,100058,100,99955,100,100062,100,99951,200,100067,100,99946,100,100069,200,99934,100,100074,100,99924,100
2019-06-28 09:33:13.333589811,100006,100,99969,177,100009,377,99967,177,100015,177,99962,277,100026,177,99960,177,100036,177,99956,177,100054,477,99955,100,100058,100,99951,200,100062,100,99946,100,100067,100,99934,100,100069,200,99924,100
2019-06-28 09:33:17.679369284,100006,200,99969,177,100009,377,99967,177,100015,177,99962,277,100026,177,99960,177,100036,177,99956,177,100054,477,99955,100,100058,100,99951,200,100062,100,99946,100,100067,100,99934,100,100069,200,99924,100
2019-06-28 09:33:20.000000000,100006,277,99969,177,100009,377,99967,177,100015,177,99962,277,100026,177,99960,177,100036,177,99956,177,100054,400,99955,100,100058,100,99951,200,100062,100,99946,100,100067,100,99934,100,100069,200,99924,100
2019-06-28 09:33:30.000000000,100006,277,99969,177,100009,377,99967,177,100015,177,99962,277,100026,177,99960,177,100036,177,99956,177,100054,400,99955,100,100058,100,99951,200,100062,100,99946,100,100067,100,99934,100,100069,200,99924,100
2019-06-28 09:33:40.000000000,100006,393,99969,293,100009,493,99967,293,100015,100,99962,200,100026,100,99960,100,100036,100,99956,100,100054,400,99955,100,100058,100,99951,200,100062,100,99946,100,100067,100,99934,100,100069,200,99924,100
2019-06-28 09:33:50.000000000,100006,586,99969,486,100009,300,99967,100,100015,100,99962,200,100026,100,99960,100,100036,100,99956,100,100054,400,99955,100,100058,100,99951,200,100062,100,99946,100,100067,100,99934,100,100069,200,99924,100
2019-06-28 09:34:00.000000000,100006,586,99969,486,100009,300,99967,100,100015,100,99962,200,100026,100,99960,100,100036,100,99956,100,100054,400,99955,100,100058,100,99951,200,100062,100,99946,100,100067,100,99934,100,100069,200,99924,100
2019-06-28 09:34:10.000000000,100006,393,99969,293,100009,493,99967,293,100015,100,99962,200,100026,100,99960,100,100036,100,99956,100,100054,400,99955,100,100058,100,99951,200,100062,100,99946,100,100067,100,99934,100,100069,200,99924,100
2019-06-28 09:34:15.322688797,100006,393,99969,293,100009,493,99967,293,100015,100,99962,200,100026,100,99960,100,100036,100,99956,100,100054,400,99955,100,100058,100,99951,200,100062,100,99946,100,100067,100,99934,100,100069,200,99924,100
2019-06-28 09:34:20.000000000,100006,331,99969,231,100009,427,99967,227,100015,227,99962,327,100026,100,99960,100,100036,100,99956,100,100054,400,99955,100,100058,100,99951,200,100062,100,99946,100,100067,100,99934,100,100069,200,99924,100
2019-06-28 09:34:29.941973596,100006,331,99969,131,100009,427,99967,227,100015,227,99962,327,100026,100,99960,100,100036,100,99956,100,100054,400,99955,100,100058,100,99951,200,100062,100,99946,100,100067,100,99934,100,100069,200,99924,100
2019-06-28 09:34:30.000000000,100006,393,99967,293,100009,493,99962,393,100015,100,99960,100,100026,100,99956,100,100036,100,99955,100,100054,400,99951,200,100058,100,99946,100,100062,100,99934,100,100067,100,99924,100,100069,200,99922,100
2019-06-28 09:34:40.000000000,100006,277,99967,177,100009,377,99962,277,100015,177,99960,177,100026,177,99956,177,100036,177,99955,177,100054,400,99951,200,100058,100,99946,100,100062,100,99934,100,100067,100,99924,100,100069,200,99922,100
2019-06-28 09:34:48.221764789,99988,100,99967,177,100006,277,99962,277,100009,377,99960,177,100015,177,99956,177,100026,177,99955,177,100036,177,99951,200,100054,400,99946,100,100058,100,99934,100,100062,100,99924,100,100067,100,99922,100
2019-06-28 09:34:50.000000000,99988,177,99967,177,100006,277,99962,277,100009,377,99960,177,100015,177,99956,177,100026,177,99955,177,100036,100,99951,200,100054,400,99946,100,100058,100,99934,100,100062,100,99924,100,100067,100,99922,100
2019-06-28 09:35:00.000000000,99988,177,99967,177,100006,277,99962,277,100009,377,99960,177,100015,177,99956,177,100026,177,99955,177,100036,100,99951,200,100054,400,99946,100,100058,100,99934,100,100062,100,99924,100,100067,100,99922,100
2019-06-28 09:35:08.224997481,99988,177,99967,77,100006,277,99962,277,100009,377,99960,177,100015,177,99956,77,100026,177,99955,177,100036,100,99951,200,100054,400,99946,100,100058,100,99934,100,100062,100,99924,100,100067,100,99922,100
2019-06-28 09:35:10.000000000,99988,486,99962,586,100006,200,99960,100,100009,300,99955,100,100015,100,99951,200,100026,100,99946,100,100036,100,99934,100,100054,400,99924,100,100058,100,99922,100,100062,100,99918,100,100067,100,99916,100
2019-06-28 09:35:15.014844892,99969,100,99962,586,99988,486,99960,100,100006,200,99955,100,100009,300,99951,200,100015,100,99946,100,100026,100,99934,100,100036,100,99924,100,100054,400,99922,100,100058,100,99918,100,100062,100,99916,100
2019-06-28 09:35:20.000000000,99969,177,99962,277,99988,177,99960,177,100006,277,99955,177,100009,377,99951,277,100015,177,99946,177,100026,100,99934,100,100036,100,99924,100,100054,400,99922,100,100058,100,99918,100,100062,100,99916,100
2019-06-28 09:35:30.000000000,99969,177,99962,277,99988,177,99960,177,100006,277,99955,177,100009,377,99951,277,100015,177,99946,177,100026,100,99934,100,100036,100,99924,100,100054,400,99922,100,100058,100,99918,100,100062,100,99916,100
2019-06-28 09:35:37.391406674,99969,177,99962,277,99988,177,99960,177,100006,277,99955,177,100009,377,99951,277,100015,177,99946,177,100026,100,99934,100,100036,100,99924,100,100054,400,99922,100,100058,100,99918,100,100062,100,99916,100
2019-06-28 09:35:40.000000000,99969,293,99962,393,99988,293,99960,293,100006,200,99955,100,100009,300,99951,200,100015,100,99946,100,100026,100,99934,100,100036,100,99924,100,100054,400,99922,100,100058,100,99918,100,100062,100,99916,100
2019-06-28 09:35:50.000000000,99969,196,99962,296,99988,196,99960,196,100006,296,99955,196,100009,396,99951,296,100015,100,99946,100,100026,100,99934,100,100036,100,99924,100,100054,400,99922,100,100058,100,99918,100,100062,100,99916,100
2019-06-28 09:36:00.000000000,99969,486,99962,586,99988,100,99960,100,100006,200,99955,100,100009,300,99951,200,100015,100,99946,100,100026,100,99934,100,100036,100,99924,100,100054,400,99922,100,100058,100,99918,100,100062,100,99916,100
2019-06-28 09:36:00.515923561,99969,486,99962,586,99988,100,99960,100,100006,200,99955,100,100009,300,99951,200,100015,100,99946,100,100026,100,99934,100,100036,100,99924,100,100054,400,99922,100,100058,100,99918,100,100062,100,99916,100
2019-06-28 09:36:10.000000000,99969,177,99962,277,99988,177,99960,177,100006,277,99955,177,100009,377,99951,277,100015,177,99946,177,100026,100,99934,100,100036,100,99924,100,100054,400,99922,100,100058,100,99918,100,100062,100,99916,100
2019-06-28 09:36:10.947492031,99969,277,99962,277,99988,177,99960,177,100006,277,99955,177,100009,377,99951,277,100015,177,99946,177,100026,100,99934,100,100036,100,99924,100,100054,400,99922,100,100058,100,99918,100,100062,100,99916,100
2019-06-28 09:36:17.699443699,99969,277,99962,277,99988,177,99960,177,100006,277,99955,177,100009,377,99951,277,100015,177,99946,177,100026,100,99934,100,100036,100,99924,100,100054,400,99922,100,100058,100,99918,100,100062,100,99916,100
2019-06-28 09:36:18.255644153,99969,277,99962,177,99988,177,99960,177,100006,277,99955,177,100009,377,99951,277,100015,177,99946,177,100026,100,99934,100,100036,100,99924,100,100054,400,99922,100,100058,100,99918,100,100062,100,99916,100
2019-06-28 09:36:20.000000000,99969,331,99962,231,99988,227,99960,227,100006,327,99955,227,100009,300,99951,200,100015,100,99946,100,100026,100,99934,100,100036,100,99924,100,100054,400,99922,100,100058,100,99918,100,100062,100,99916,100
2019-06-28 09:36:30.000000000,99969,331,99962,231,99988,227,99960,227,100006,327,99955,227,100009,300,99951,200,100015,100,99946,100,100026,100,99934,100,100036,100,99924,100,100054,400,99922,100,100058,100,99918,100,100062,100,99916,100
2019-06-28 09:36:40.000000000,99969,331,99962,231,99988,227,99960,227,100006,327,99955,227,100009,300,99951,200,100015,100,99946,100,100026,100,99934,100,100036,100,99924,100,100054,400,99922,100,100058,100,99918,100,100062,100,99916,100
2019-06-28 09:36:46.050187640,99967,100,99962,231,99969,331,99960,227,99988,127,99955,227,100006,327,99951,200,100009,300,99946,100,100015,100,99934,100,100026,100,99924,100,100036,100,99922,100,100054,400,99918,100,100058,100,99916,100
2019-06-28 09:36:50.000000000,99967,177,99962,177,99969,277,99960,177,100006,277,99955,177,100009,377,99951,277,100015,177,99946,177,100026,100,99934,100,100036,100,99924,100,100054,400,99922,100,100058,100,99918,100,100062,100,99916,100
2019-06-28 09:37:00.000000000,99967,177,99962,177,99969,277,99960,177,100006,277,99955,177,100009,377,99951,277,100015,177,99946,177,100026,100,99934,100,100036,100,99924,100,100054,400,99922,100,100058,100,99918,100,100062,100,99916,100
2019-06-28 09:37:10.000000000,99967,293,99962,293,99969,393,99960,293,100006,200,99955,100,100009,300,99951,200,100015,100,99946,100,100026,100,99934,100,100036,100,99924,100,100054,400,99922,100,100058,100,99918,100,100062,100,99916,100
2019-06-28 09:37:20.000000000,99967,293,99962,293,99969,393,99960,293,100006,200,99955,100,100009,300,99951,200,100015,100,99946,100,100026,100,99934,100,100036,100,99924,100,100054,400,99922,100,100058,100,99918,100,100062,100,99916,100
2019-06-28 09:37:30.000000000,99967,293,99962,293,99969,393,99960,293,100006,200,99955,100,100009,300,99951,200,100015,100,99946,100,100026,100,99934,100,100036,100,99924,100,100054,400,99922,100,100058,100,99918,100,100062,100,99916,100
2019-06-28 09:37:40.000000000,99967,177,99962,177,99969,277,99960,177,100006,277,99955,177,100009,377,99951,277,100015,177,99946,177,100026,100,99934,100,100036,100,99924,100,100054,400,99922,100,100058,100,99918,100,100062,100,99916,100
2019-06-28 09:37:43.286492408,99967,177,99962,177,99969,277,99960,177,100006,277,99955,177,100009,377,99951,277,100015,177,99946,177,100026,100,99934,100,100036,100,99924,100,100054,400,99922,100,100058,100,99918,100,100062,100,99916,100
2019-06-28 09:37:50.000000000,99967,293,99962,293,99969,393,99960,293,100006,200,99955,100,100009,300,99951,200,100015,100,99946,100,100026,100,99934,100,100036,100,99924,100,100054,400,99922,100,100058,100,99918,100,100062,100,99916,100
2019-06-28 09:37:51.113761585,99967,293,99962,193,99969,393,99960,293,100006,200,99955,100,100009,300,99951,200,100015,100,99946,100,100026,100,99934,100,100036,100,99924,100,100054,400,99922,100,100058,100,99918,100,100062,100,99916,100
2019-06-28 09:38:00.000000000,99967,293,99960,293,99969,393,99955,293,100006,200,99951,200,100009,300,99946,100,100015,100,99934,100,100026,100,99924,100,100036,100,99922,100,100054,400,99918,100,100058,100,99916,100,100062,100,99908,100
2019-06-28 09:38:04.244746833,99967,293,99960,293,99969,393,99955,293,100006,200,99951,200,100009,300,99946,100,100015,100,99934,100,100026,100,99924,100,100036,100,99922,100,100054,300,99918,100,100058,100,99916,100,100062,100,99908,100
2019-06-28 09:38:10.000000000,99967,293,99960,293,99969,393,99955,293,100006,200,99951,200,100009,300,99946,100,100015,100,99934,100,100026,100,99924,100,100036,100,99922,100,100054,300,99918,100,100058,100,99916,100,100062,100,99908,100
2019-06-28 09:38:11.420861748,99967,293,99960,193,99969,393,99955,293,100006,200,99951,200,100009,300,99946,100,100015,100,99934,100,100026,100,99924,100,100036,100,99922,100,100054,300,99918,100,100058,100,99916,100,100067,100,99908,100
2019-06-28 09:38:20.000000000,99967,196,99955,196,99969,296,99951,296,100006,296,99946,196,100009,396,99934,196,100015,100,99924,100,100026,100,99922,100,100036,100,99918,100,100054,300,99916,100,100058,100,99908,100,100067,100,99906,100
2019-06-28 09:38:27.239529007,99967,196,99955,196,99969,296,99951,296,100006,296,99946,196,100009,396,99934,196,100015,100,99924,100,100026,100,99922,100,100036,100,99918,100,100054,300,99916,100,100058,100,99908,100,100067,100,99894,100
2019-06-28 09:38:30.000000000,99967,293,99955,293,99969,393,99951,393,100006,200,99946,100,100009,300,99934,100,100015,100,99924,100,100026,100,99922,100,100036,100,99918,100,100054,300,99916,100,100058,100,99908,100,100067,100,99894,100
2019-06-28 09:38:36.010548340,99967,293,99955,293,99969,293,99951,393,100006,200,99946,100,100009,300,99934,100,100015,100,99924,100,100026,100,99922,100,100036,100,99918,100,100054,300,99916,100,100058,100,99908,100,100067,100,99894,100
2019-06-28 09:38:40.000000000,99967,196,99955,196,99969,196,99951,296,100006,296,99946,196,100009,396,99934,196,100015,100,99924,100,100026,100,99922,100,100036,100,99918,100,100054,300,99916,100,100058,100,99908,100,100067,100,99894,100
2019-06-28 09:38:50.000000000,99967,486,99955,486,99969,100,99951,200,100006,200,99946,100,100009,300,99934,100,100015,100,99924,100,100026,100,99922,100,100036,100,99918,100,100054,300,99916,100,100058,100,99908,100,100067,100,99894,100
2019-06-28 09:39:00.000000000,99967,196,99955,196,99969,196,99951,296,100006,296,99946,196,100009,396,99934,196,100015,100,99924,100,100026,100,99922,100,100036,100,99918,100,100054,300,99916,100,100058,100,99908,100,100067,100,99894,100
2019-06-28 09:39:06.622195919,99967,196,99955,96,99969,196,99951,296,100006,296,99946,196,100009,396,99934,196,100015,100,99924,100,100026,100,99922,100,100036,100,99918,100,100054,300,99916,100,100058,100,99908,100,100067,100,99894,100
2019-06-28 09:39:10.000000000,99967,293,99951,393,99969,293,99946,293,100006,200,99934,100,100009,300,99924,100,100015,100,99922,100,100026,100,99918,100,100036,100,99916,100,100054,300,99908,100,100058,100,99894,100,100067,100,99860,100
2019-06-28 09:39:11.887228769,99967,293,99951,293,99969,293,99946,293,100006,200,99934,100,100009,300,99924,100,100015,100,99922,100,100026,100,99918,100,100036,100,99916,100,100054,300,99908,100,100058,100,99894,100,100067,100,99860,100
2019-06-28 09:39:13.139482503,99967,293,99951,293,99969,293,99946,293,100006,200,99934,100,100009,300,99924,100,100015,100,99922,100,100026,100,99918,100,100036,100,99916,100,100054,200,99908,100,100058,100,99894,100,100067,100,99860,100
2019-06-28 09:39:15.297547030,99967,293,99951,293,99969,293,99946,293,100006,200,99934,100,100009,300,99924,100,100015,100,99922,100,100026,100,99918,100,100036,100,99916,100,100054,200,99908,100,100067,100,99894,100,100069,200,99860,100
2019-06-28 09:39:20.000000000,99967,196,99951,196,99969,196,99946,196,100006,296,99934,196,100009,396,99924,196,100015,100,99922,100,100026,100,99918,100,100036,100,99916,100,100054,200,99908,100,100067,100,99894,100,100069,200,99860,100
2019-06-28 09:39:30.000000000,99967,293,99951,293,99969,293,99946,293,100006,200,99934,100,100009,300,99924,100,100015,100,99922,100,100026,100,99918,100,100036,100,99916,100,100054,200,99908,100,100067,100,99894,100,100069,200,99860,100
2019-06-28 09:39:40.000000000,99967,231,99951,231,99969,227,99946,227,100006,327,99934,227,100009,300,99924,100,100015,100,99922,100,100026,100,99918,100,100036,100,99916,100,100054,200,99908,100,100067,100,99894,100,100069,200,99860,100
2019-06-28 09:39:44.695643206,99955,100,99951,231,99967,231,99946,227,99969,227,99934,227,100006,327,99924,100,100009,300,99922,100,100015,100,99918,100,100026,100,99916,100,100036,100,99908,100,100054,200,99894,100,100067,100,99860,100
2019-06-28 09:39:50.000000000,99955,293,99951,293,99967,293,99946,293,99969,100,99934,100,100006,200,99924,100,100009,300,99922,100,100015,100,99918,100,100026,100,99916,100,100036,100,99908,100,100054,200,99894,100,100067,100,99860,100
2019-06-28 09:39:55.128166453,99955,393,99951,293,99967,293,99946,293,99969,100,99934,100,100006,100,99924,100,100009,300,99922,100,100015,100,99918,100,100026,100,99916,100,100036,100,99908,100,100054,200,99894,100,100067,100,99860,100
2019-06-28 09:39:55.302882733,99955,393,99951,193,99967,293,99946,293,99969,100,99934,100,100006,100,99924,100,100009,300,99922,100,100015,100,99918,100,100026,100,99916,100,100036,100,99908,100,100054,200,99894,100,100067,100,99860,100
2019-06-28 09:40:00.000000000,99955,277,99946,177,99967,177,99934,177,99969,177,99924,177,100006,177,99922,177,100009,377,99918,177,100015,100,99916,100,100026,100,99908,100,100036,100,99894,100,100054,200,99860,100,100067,100,99825,100
2019-06-28 09:40:10.000000000,99955,296,99946,196,99967,196,99934,196,99969,196,99924,196,100006,196,99922,196,100009,300,99918,100,100015,100,99916,100,100026,100,99908,100,100036,100,99894,100,100054,200,99860,100,100067,100,99825,100
2019-06-28 09:40:20.000000000,99955,586,99946,486,99967,100,99934,100,99969,100,99924,100,100006,100,99922,100,100009,300,99918,100,100015,100,99916,100,100026,100,99908,100,100036,100,99894,100,100054,200,99860,100,100067,100,99825,100
2019-06-28 09:40:30.000000000,99955,331,99946,231,99967,227,99934,227,99969,227,99924,227,100006,100,99922,100,100009,300,99918,100,100015,100,99916,100,100026,100,99908,100,100036,100,99894,100,100054,200,99860,100,100067,100,99825,100
2019-06-28 09:40:37.096672714,99955,331,99946,231,99967,227,99934,227,99969,227,99924,227,100006,100,99922,100,100009,300,99916,100,100015,100,99908,100,100026,100,99894,100,100036,100,99860,100,100054,200,99825,100,100067,100,99820,100
2019-06-28 09:40:40.000000000,99955,296,99946,196,99967,196,99934,196,99969,196,99924,196,100006,196,99922,196,100009,300,99916,100,100015,100,99908,100,100026,100,99894,100,100036,100,99860,100,100054,200,99825,100,100067,100,99820,100
2019-06-28 09:40:44.978217651,99955,296,99946,96,99967,196,99934,196,99969,196,99924,196,100006,196,99922,196,100009,300,99916,100,100015,100,99908,100,100026,100,99894,100,100036,100,99860,100,100054,200,99825,100,100067,100,99820,100
2019-06-28 09:40:50.000000000,99955,331,99934,231,99967,227,99924,227,99969,227,99922,227,100006,100,99916,100,100009,300,99908,100,100015,100,99894,100,100026,100,99860,100,100036,100,99825,100,100054,200,99820,100,100067,100,99804,100
2019-06-28 09:40:56.167929747,99955,331,99934,231,99967,227,99924,227,99969,227,99922,227,100006,100,99916,100,100009,300,99908,100,100015,100,99894,100,100026,100,99860,100,100036,100,99825,100,100054,200,99820,100,100067,100,99804,100
2019-06-28 09:41:00.000000000,99955,331,99934,231,99967,227,99924,227,99969,227,99922,227,100006,100,99916,100,100009,300,99908,100,100015,100,99894,100,100026,100,99860,100,100036,100,99825,100,100054,200,99820,100,100067,100,99804,100
2019-06-28 09:41:10.000000000,99955,296,99934,196,99967,196,99924,196,99969,196,99922,196,100006,196,99916,196,100009,300,99908,100,100015,100,99894,100,100026,100,99860,100,100036,100,99825,100,100054,200,99820,100,100067,100,99804,100
2019-06-28 09:41:20.000000000,99955,331,99934,231,99967,227,99924,227,99969,227,99922,227,100006,100,99916,100,100009,300,99908,100,100015,100,99894,100,100026,100,99860,100,100036,100,99825,100,100054,200,99820,100,100067,100,99804,100
2019-06-28 09:41:20.456643516,99951,100,99934,231,99955,331,99924,227,99967,227,99922,227,99969,227,99916,100,100006,100,99908,100,100009,200,99894,100,100015,100,99860,100,100026,100,99825,100,100036,100,99820,100,100054,200,99804,100
2019-06-28 09:41:30.000000000,99951,293,99934,293,99955,393,99924,293,99967,100,99922,100,99969,100,99916,100,100006,100,99908,100,100009,200,99894,100,100015,100,99860,100,100026,100,99825,100,100036,100,99820,100,100054,200,99804,100
2019-06-28 09:41:36.982581614,99951,193,99934,293,99955,393,99924,293,99967,100,99922,100,99969,100,99916,100,100006,100,99908,100,100009,200,99894,100,100015,100,99860,100,100026,100,99825,100,100036,100,99820,100,100054,200,99804,100
2019-06-28 09:41:40.000000000,99955,393,99934,293,99967,293,99924,293,99969,100,99922,100,100006,100,99916,100,100009,200,99908,100,100015,100,99894,100,100026,100,99860,100,100036,100,99825,100,100054,200,99820,100,100067,100,99804,100
2019-06-28 09:41:44.600453171,99955,393,99947,100,99967,293,99934,293,99969,100,99924,293,100006,100,99922,100,100009,200,99916,100,100015,100,99908,100,100026,100,99894,100,100036,100,99860,100,100054,200,99825,100,100067,100,99820,100
2019-06-28 09:41:50.000000000,99955,296,99947,196,99967,196,99934,196,99969,196,99924,196,100006,196,99922,196,100009,200,99916,100,100015,100,99908,100,100026,100,99894,100,100036,100,99860,100,100054,200,99825,100,100067,100,99820,100
2019-06-28 09:42:00.000000000,99955,393,99947,293,99967,293,99934,293,99969,100,99924,100,100006,100,99922,100,100009,200,99916,100,100015,100,99908,100,100026,100,99894,100,100036,100,99860,100,100054,200,99825,100,100067,100,99820,100
2019-06-28 09:42:06.499026082,99950,100,99947,193,99955,393,99934,293,99967,293,99924,100,99969,100,99922,100,100006,100,99916,100,100009,200,99908,100,100015,100,99894,100,100026,100,99860,100,100036,100,99825,100,100054,200,99820,100
2019-06-28 09:42:07.912351464,99950,100,99947,293,99955,393,99934,293,99967,293,99924,100,99969,100,99922,100,100006,100,99916,100,100009,200,99908,100,100015,100,99894,100,100026,100,99860,100,100036,100,99825,100,100054,200,99820,100
2019-06-28 09:42:10.000000000,99950,177,99947,177,99955,277,99934,177,99967,177,99924,177,99969,177,99922,177,100006,177,99916,177,100009,200,99908,100,100015,100,99894,100,100026,100,99860,100,100036,100,99825,100,100054,200,99820,100
2019-06-28 09:42:19.675029662,99950,277,99947,177,99955,277,99934,177,99967,177,99924,177,99969,77,99922,177,100006,177,99916,177,100009,200,99908,100,100015,100,99894,100,100026,100,99860,100,100036,100,99825,100,100054,200,99820,100
2019-06-28 09:42:20.000000000,99950,296,99947,196,99955,296,99934,196,99967,196,99924,196,100006,196,99922,196,100009,200,99916,100,100015,100,99908,100,100026,100,99894,100,100036,100,99860,100,100054,200,99825,100,100067,100,99820,100
2019-06-28 09:42:22.857766693,99950,296,99947,196,99955,296,99934,196,99967,196,99924,196,100006,196,99922,196,100009,200,99916,100,100015,100,99908,100,100026,100,99860,100,100036,100,99825,100,100054,200,99820,100,100067,200,99804,100
2019-06-28 09:42:28.822299603,99950,296,99947,196,99955,296,99934,196,99967,196,99924,196,100006,196,99922,196,100009,200,99916,100,100015,100,99908,100,100026,100,99860,100,100036,100,99825,100,100054,200,99820,100,100067,200,99804,100
2019-06-28 09:42:30.000000000,99950,331,99947,231,99955,327,99934,227,99967,227,99924,227,100006,100,99922,100,100009,200,99916,100,100015,100,99908,100,100026,100,99860,100,100036,100,99825,100,100054,200,99820,100,100067,200,99804,100
2019-06-28 09:42:33.156051861,99950,331,99947,231,99955,327,99934,227,99967,227,99924,227,100006,100,99922,100,100009,200,99916,100,100015,100,99908,100,100026,100,99860,100,100036,100,99825,100,100054,200,99820,100,100067,200,99804,100
2019-06-28 09:42:40.000000000,99950,393,99947,293,99955,393,99934,293,99967,100,99924,100,100006,100,99922,100,100009,200,99916,100,100015,100,99908,100,100026,100,99860,100,100036,100,99825,100,100054,200,99820,100,100067,200,99804,100
2019-06-28 09:42:43.424284556,99950,393,99947,293,99955,393,99934,293,99967,100,99924,100,99990,100,99922,100,100006,100,99916,100,100009,200,99908,100,100015,100,99860,100,100026,100,99825,100,100036,100,99820,100,100054,200,99804,100
2019-06-28 09:42:44.913850969,99950,393,99947,393,99955,393,99934,293,99967,100,99924,100,99990,100,99922,100,100006,100,99916,100,100009,200,99908,100,100015,100,99860,100,100026,100,99825,100,100036,100,99820,100,100054,200,99804,100
2019-06-28 09:42:50.000000000,99950,277,99947,277,99955,277,99934,177,99967,177,99924,177,99990,177,99922,177,100006,177,99916,177,100009,200,99908,100,100015,100,99860,100,100026,100,99825,100,100036,100,99820,100,100054,200,99804,100
2019-06-28 09:43:00.000000000,99950,277,99947,277,99955,277,99934,177,99967,177,99924,177,99990,177,99922,177,100006,177,99916,177,100009,200,99908,100,100015,100,99860,100,100026,100,99825,100,100036,100,99820,100,100054,200,99804,100
2019-06-28 09:43:02.812653464,99950,277,99947,277,99955,277,99934,177,99967,177,99924,177,99990,177,99922,177,100006,177,99916,177,100009,100,99908,100,100015,100,99860,100,100026,100,99825,100,100036,100,99820,100,100054,200,99804,100
2019-06-28 09:43:10.000000000,99950,277,99947,277,99955,277,99934,177,99967,177,99924,177,99990,177,99922,177,100006,177,99916,177,100009,100,99908,100,100015,100,99860,100,100026,100,99825,100,100036,100,99820,100,100054,200,99804,100
2019-06-28 09:43:11.351338008,99950,377,99947,277,99955,277,99934,177,99967,177,99924,177,99990,177,99922,177,100006,177,99916,177,100009,100,99908,100,100015,100,99860,100,100026,100,99825,100,100036,100,99820,100,100054,200,99804,100
2019-06-28 09:43:20.000000000,99950,377,99947,277,99955,277,99934,177,99967,177,99924,177,99990,177,99922,177,100006,177,99916,177,100009,100,99908,100,100015,100,99860,100,100026,100,99825,100,100036,100,99820,100,100054,200,99804,100
2019-06-28 09:43:29.907914503,99950,377,99947,177,99955,277,99934,177,99967,177,99924,77,99990,177,99922,177,100006,177,99916,177,100009,100,99908,100,100015,100,99860,100,100026,100,99825,100,100036,100,99820,100,100054,200,99804,100
2019-06-28 09:43:30.000000000,99950,396,99947,196,99955,296,99934,196,99967,196,99922,196,99990,196,99916,196,100006,100,99908,100,100009,100,99860,100,100015,100,99825,100,100026,100,99820,100,100036,100,99804,100,100054,200,99797,100
2019-06-28 09:43:40.000000000,99950,493,99947,293,99955,393,99934,293,99967,100,99922,100,99990,100,99916,100,100006,100,99908,100,100009,100,99860,100,100015,100,99825,100,100026,100,99820,100,100036,100,99804,100,100054,200,99797,100
2019-06-28 09:43:50.000000000,99950,431,99947,231,99955,327,99934,227,99967,227,99922,227,99990,100,99916,100,100006,100,99908,100,100009,100,99860,100,100015,100,99825,100,100026,100,99820,100,100036,100,99804,100,100054,200,99797,100
2019-06-28 09:43:57.669753663,99950,431,99947,131,99955,327,99934,227,99967,227,99922,227,99990,100,99916,100,100006,100,99908,100,100009,100,99860,100,100015,100,99825,100,100026,100,99820,100,100036,100,99797,100,100054,200,99781,100
2019-06-28 09:44:00.000000000,99950,431,99934,231,99955,327,99922,227,99967,227,99916,227,99990,100,99908,100,100006,100,99860,100,100009,100,99825,100,100015,100,99820,100,100026,100,99797,100,100036,100,99781,100,100054,200,99775,100
2019-06-28 09:44:03.603370580,99950,431,99934,131,99955,327,99922,227,99967,227,99916,227,99990,100,99908,100,100006,100,99860,100,100009,100,99825,100,100015,100,99820,100,100026,100,99797,100,100036,100,99781,100,100054,200,99775,100
2019-06-28 09:44:10.000000000,99950,396,99922,196,99955,296,99916,196,99967,196,99908,196,99990,196,99860,196,100006,100,99825,100,100009,100,99820,100,100015,100,99797,100,100026,100,99781,100,100036,100,99775,100,100054,200,99731,100
2019-06-28 09:44:18.654274465,99950,396,99922,196,99955,296,99916,196,99967,196,99908,196,99990,196,99860,196,100006,100,99825,100,100009,100,99820,100,100015,100,99797,100,100026,100,99781,100,100036,100,99775,100,100054,200,99731,100
2019-06-28 09:44:20.000000000,99950,431,99922,231,99955,327,99916,227,99967,227,99908,227,99990,100,99860,100,100006,100,99825,100,100009,100,99820,100,100015,100,99797,100,100026,100,99781,100,100036,100,99775,100,100054,200,99731,100
2019-06-28 09:44:30.000000000,99950,431,99922,231,99955,327,99916,227,99967,227,99908,227,99990,100,99860,100,100006,100,99825,100,100009,100,99820,100,100015,100,99797,100,100026,100,99781,100,100036,100,99775,100,100054,200,99731,100
2019-06-28 09:44:40.000000000,99950,377,99922,177,99955,277,99916,177,99967,177,99908,177,99990,177,99860,177,100006,177,99825,177,100009,100,99820,100,100015,100,99797,100,100026,100,99781,100,100036,100,99775,100,100054,200,99731,100
2019-06-28 09:44:41.444716306,99950,377,99948,100,99955,277,99922,177,99967,177,99916,177,99990,177,99908,177,100006,177,99860,177,100009,100,99825,177,100015,100,99820,100,100026,100,99797,100,100036,100,99781,100,100054,200,99775,100
2019-06-28 09:44:48.176753434,99950,377,99948,200,99955,277,99922,177,99967,77,99916,177,99990,177,99908,177,100006,177,99860,177,100009,100,99825,177,100015,100,99820,100,100026,100,99797,100,100036,100,99781,100,100054,200,99775,100
2019-06-28 09:44:50.000000000,99950,377,99948,277,99955,277,99922,177,99990,177,99916,177,100006,177,99908,177,100009,177,99860,177,100015,100,99825,100,100026,100,99820,100,100036,100,99797,100,100054,200,99781,100,100067,200,99775,100
2019-06-28 09:45:00.000000000,99950,431,99948,331,99955,327,99922,227,99990,227,99916,227,100006,100,99908,100,100009,100,99860,100,100015,100,99825,100,100026,100,99820,100,100036,100,99797,100,100054,200,99781,100,100067,200,99775,100
2019-06-28 09:45:10.000000000,99950,431,99948,331,99955,327,99922,227,99990,227,99916,227,100006,100,99908,100,100009,100,99860,100,100015,100,99825,100,100026,100,99820,100,100036,100,99797,100,100054,200,99781,100,100067,200,99775,100
2019-06-28 09:45:20.000000000,99950,493,99948,393,99955,393,99922,293,99990,100,99916,100,100006,100,99908,100,100009,100,99860,100,100015,100,99825,100,100026,100,99820,100,100036,100,99797,100,100054,200,99781,100,100067,200,99775,100
2019-06-28 09:45:24.549301165,99950,493,99948,393,99955,393,99922,293,99990,100,99916,100,100006,100,99908,100,100009,100,99860,100,100015,100,99825,100,100026,100,99820,100,100036,100,99797,100,100054,200,99781,100,100067,200,99775,100
2019-06-28 09:45:30.000000000,99950,396,99948,296,99955,296,99922,196,99990,196,99916,196,100006,196,99908,196,100009,100,99860,100,100015,100,99825,100,100026,100,99820,100,100036,100,99797,100,100054,200,99781,100,100067,200,99775,100
2019-06-28 09:45:39.622322969,99950,396,99948,296,99955,296,99922,196,99990,196,99916,196,100006,196,99908,196,100009,100,99860,100,100015,100,99825,100,100026,100,99820,100,100036,100,99797,100,100054,200,99781,100,100067,200,99775,100
2019-06-28 09:45:40.000000000,99950,493,99948,393,99955,393,99922,293,99990,100,99916,100,100006,100,99908,100,100009,100,99860,100,100015,100,99825,100,100026,100,99820,100,100036,100,99797,100,100054,200,99781,100,100067,200,99775,100
2019-06-28 09:45:41.519659654,99950,393,99948,393,99955,393,99922,293,99990,100,99916,100,100006,100,99908,100,100009,100,99860,100,100015,100,99825,100,100026,100,99820,100,100036,100,99797,100,100054,200,99781,100,100067,200,99775,100
2019-06-28 09:45:43.240060941,99950,393,99948,393,99955,393,99922,293,99990,100,99916,100,100006,100,99908,100,100009,100,99860,100,100015,100,99825,100,100026,100,99820,100,100036,100,99797,100,100054,200,99781,100,100067,200,99775,100
2019-06-28 09:45:50.000000000,99950,393,99948,393,99955,393,99922,293,99990,100,99916,100,100006,100,99908,100,100009,100,99860,100,100015,100,99825,100,100026,100,99820,100,100036,100,99797,100,100054,200,99781,100,100067,200,99775,100
2019-06-28 09:46:00.000000000,99950,393,99948,393,99955,393,99922,293,99990,100,99916,100,100006,100,99908,100,100009,100,99860,100,100015,100,99825,100,100026,100,99820,100,100036,100,99797,100,100054,200,99781,100,100067,200,99775,100
2019-06-28 09:46:02.119513428,99950,293,99948,393,99955,393,99922,293,99990,100,99916,100,100006,100,99908,100,100009,100,99860,100,100015,100,99825,100,100026,100,99820,100,100036,100,99797,100,100054,200,99781,100,100067,200,99775,100
2019-06-28 09:46:10.000000000,99950,231,99948,331,99955,327,99922,227,99990,227,99916,227,100006,100,99908,100,100009,100,99860,100,100015,100,99825,100,100026,100,99820,100,100036,100,99797,100,100054,200,99781,100,100067,200,99775,100
2019-06-28 09:46:11.983739902,99950,231,99948,331,99955,327,99922,227,99990,227,99916,227,100006,100,99908,100,100009,100,99860,100,100015,100,99825,100,100026,100,99820,100,100036,100,99797,100,100054,200,99781,100,100067,200,99775,100
2019-06-28 09:46:17.185087039,99950,231,99948,331,99955,327,99922,227,99990,227,99916,227,100006,100,99908,100,100009,100,99860,100,100026,100,99825,100,100036,100,99820,100,100054,200,99797,100,100067,200,99781,100,100069,200,99775,100
2019-06-28 09:46:20.000000000,99950,486,99948,586,99955,200,99922,100,99990,100,99916,100,100006,100,99908,100,100009,100,99860,100,100026,100,99825,100,100036,100,99820,100,100054,200,99797,100,100067,200,99781,100,100069,200,99775,100
2019-06-28 09:46:30.000000000,99950,293,99948,393,99955,393,99922,293,99990,100,99916,100,100006,100,99908,100,100009,100,99860,100,100026,100,99825,100,100036,100,99820,100,100054,200,99797,100,100067,200,99781,100,100069,200,99775,100
2019-06-28 09:46:40.000000000,99950,486,99948,586,99955,200,99922,100,99990,100,99916,100,100006,100,99908,100,100009,100,99860,100,100026,100,99825,100,100036,100,99820,100,100054,200,99797,100,100067,200,99781,100,100069,200,99775,100
2019-06-28 09:46:45.938777327,99950,386,99948,586,99955,200,99922,100,99990,100,99916,100,100006,100,99908,100,100009,100,99825,100,100026,100,99820,100,100036,100,99797,100,100054,200,99781,100,100067,200,99775,100,100069,200,99731,100
2019-06-28 09:46:50.000000000,99955,296,99948,296,99990,196,99922,196,100006,196,99916,196,100009,196,99908,196,100026,100,99825,100,100036,100,99820,100,100054,200,99797,100,100067,200,99781,100,100069,200,99775,100,100074,100,99731,100
2019-06-28 09:46:58.033977341,99955,196,99948,296,99990,196,99922,196,100006,196,99916,196,100009,196,99908,196,100026,100,99825,100,100036,100,99820,100,100054,200,99797,100,100067,200,99781,100,100069,100,99775,100,100074,100,99731,100
2019-06-28 09:47:00.000000000,99955,231,99948,331,99990,227,99922,227,100006,227,99916,227,100009,100,99908,100,100026,100,99825,100,100036,100,99820,100,100054,200,99797,100,100067,200,99781,100,100069,100,99775,100,100074,100,99731,100
2019-06-28 09:47:10.000000000,99955,196,99948,296,99990,196,99922,196,100006,196,99916,196,100009,196,99908,196,100026,100,99825,100,100036,100,99820,100,100054,200,99797,100,100067,200,99781,100,100069,100,99775,100,100074,100,99731,100
2019-06-28 09:47:13.057144617,99955,96,99948,296,99990,196,99922,196,100006,196,99916,196,100009,196,99908,196,100026,100,99825,100,100036,100,99820,100,100054,200,99797,100,100067,200,99781,100,100069,100,99775,100,100074,100,99731,100
2019-06-28 09:47:20.000000000,99990,293,99948,393,100006,293,99922,293,100009,100,99916,100,100026,100,99908,100,100036,100,99825,100,100054,200,99820,100,100067,200,99797,100,100069,100,99781,100,100074,100,99775,100,100081,100,99731,100
2019-06-28 09:47:23.082539977,99990,293,99948,393,100006,293,99922,293,100009,100,99916,100,100026,100,99908,100,100036,100,99825,100,100054,200,99820,100,100067,200,99797,100,100069,100,99781,100,100074,100,99775,100,100081,100,99731,100
2019-06-28 09:47:30.000000000,99990,196,99948,296,100006,196,99922,196,100009,196,99916,196,100026,196,99908,196,100036,100,99825,100,100054,200,99820,100,100067,200,99797,100,100069,100,99781,100,100074,100,99775,100,100081,100,99731,100
2019-06-28 09:47:36.417442814,99990,96,99948,296,100006,196,99922,196,100009,196,99916,196,100026,196,99908,196,100036,100,99825,100,100054,200,99820,100,100067,200,99797,100,100069,100,99781,100,100074,100,99731,100,100081,100,99694,100
2019-06-28 09:47:40.000000000,100006,231,99948,331,100009,227,99922,227,100026,227,99916,227,100036,100,99908,100,100054,200,99825,100,100067,200,99820,100,100069,100,99797,100,100074,100,99781,100,100081,100,99731,100,100085,100,99694,100
2019-06-28 09:47:42.727943084,100006,131,99948,331,100009,227,99922,227,100026,227,99916,227,100036,100,99908,100,100054,200,99825,100,100067,200,99820,100,100069,100,99797,100,100074,100,99781,100,100081,100,99731,100,100085,100,99694,100
2019-06-28 09:47:50.000000000,100009,231,99948,331,100026,227,99922,227,100036,227,99916,227,100054,200,99908,100,100067,200,99825,100,100069,100,99820,100,100074,100,99797,100,100081,100,99781,100,100085,100,99731,100,100126,100,99694,100
2019-06-28 09:47:56.959247502,100009,231,99948,331,100026,227,99922,227,100036,227,99916,227,100054,200,99908,100,100067,200,99825,100,100069,100,99820,100,100074,100,99797,100,100081,100,99781,100,100085,100,99731,100,100126,100,99694,100
2019-06-28 09:48:00.000000000,100009,177,99948,277,100026,177,99922,177,100036,177,99916,177,100054,277,99908,177,100067,277,99825,177,100069,100,99820,100,100074,100,99797,100,100081,100,99781,100,100085,100,99731,100,100126,100,99694,100
2019-06-28 09:48:10.000000000,100009,293,99948,393,100026,293,99922,293,100036,100,99916,100,100054,200,99908,100,100067,200,99825,100,100069,100,99820,100,100074,100,99797,100,100081,100,99781,100,100085,100,99731,100,100126,100,99694,100
2019-06-28 09:48:10.511667312,100009,293,99948,393,100026,293,99922,293,100036,100,99920,100,100054,200,99916,100,100067,200,99908,100,100069,100,99825,100,100074,100,99820,100,100081,100,99797,100,100085,100,99781,100,100126,100,99731,100
2019-06-28 09:48:20.000000000,100009,231,99948,331,100026,227,99922,227,100036,227,99920,227,100054,200,99916,100,100067,200,99908,100,100069,100,99825,100,100074,100,99820,100,100081,100,99797,100,100085,100,99781,100,100126,100,99731,100
2019-06-28 09:48:27.192827793,100009,231,99948,331,100026,227,99922,227,100036,227,99920,227,100054,200,99916,100,100067,200,99908,100,100069,100,99825,100,100074,100,99820,100,100081,100,99797,100,100085,100,99781,100,100126,100,99731,100
2019-06-28 09:48:28.961227019,100009,231,99948,331,100026,227,99922,127,100036,227,99920,227,100054,200,99916,100,100067,200,99908,100,100069,100,99825,100,100074,100,99820,100,100081,100,99797,100,100085,100,99781,100,100126,100,99731,100
2019-06-28 09:48:30.000000000,100009,177,99948,277,100026,177,99920,177,100036,177,99916,177,100054,277,99908,177,100067,277,99825,177,100069,100,99820,100,100074,100,99797,100,100081,100,99781,100,100085,100,99731,100,100126,100,99694,100
2019-06-28 09:48:39.359461802,100009,77,99948,277,100026,177,99920,177,100036,177,99916,177,100054,277,99908,177,100067,277,99825,177,100069,100,99820,100,100074,100,99797,100,100081,100,99781,100,100085,100,99731,100,100126,100,99694,100
2019-06-28 09:48:40.000000000,100026,196,99948,296,100036,196,99920,196,100054,296,99916,196,100067,296,99908,196,100069,100,99825,100,100074,100,99820,100,100081,100,99797,100,100085,100,99781,100,100126,100,99731,100,100167,100,99694,100
2019-06-28 09:48:50.000000000,100026,231,99948,331,100036,227,99920,227,100054,327,99916,227,100067,200,99908,100,100069,100,99825,100,100074,100,99820,100,100081,100,99797,100,100085,100,99781,100,100126,100,99731,100,100167,100,99694,100
2019-06-28 09:49:00.000000000,100026,293,99948,393,100036,293,99920,293,100054,200,99916,100,100067,200,99908,100,100069,100,99825,100,100074,100,99820,100,100081,100,99797,100,100085,100,99781,100,100126,100,99731,100,100167,100,99694,100
2019-06-28 09:49:04.465544128,100026,293,100006,100,100036,293,99948,393,100054,200,99920,293,100067,200,99916,100,100069,100,99908,100,100074,100,99825,100,100081,100,99820,100,100085,100,99797,100,100126,100,99781,100,100167,100,99731,100
2019-06-28 09:49:10.000000000,100026,196,100006,196,100036,196,99948,296,100054,296,99920,196,100067,296,99916,196,100069,100,99908,100,100074,100,99825,100,100081,100,99820,100,100085,100,99797,100,100126,100,99781,100,100167,100,99731,100
2019-06-28 09:49:20.000000000,100026,293,100006,293,100036,293,99948,393,100054,200,99920,100,100067,200,99916,100,100069,100,99908,100,100074,100,99825,100,100081,100,99820,100,100085,100,99797,100,100126,100,99781,100,100167,100,99731,100
2019-06-28 09:49:30.000000000,100026,486,100006,486,100036,100,99948,200,100054,200,99920,100,100067,200,99916,100,100069,100,99908,100,100074,100,99825,100,100081,100,99820,100,100085,100,99797,100,100126,100,99781,100,100167,100,99731,100
2019-06-28 09:49:40.000000000,100026,231,100006,231,100036,227,99948,327,100054,327,99920,227,100067,200,99916,100,100069,100,99908,100,100074,100,99825,100,100081,100,99820,100,100085,100,99797,100,100126,100,99781,100,100167,100,99731,100
2019-06-28 09:49:48.462368456,100026,231,100006,131,100036,227,99948,327,100054,327,99920,227,100067,200,99916,100,100069,100,99908,100,100074,100,99825,100,100081,100,99820,100,100085,100,99797,100,100126,100,99781,100,100167,100,99731,100
2019-06-28 09:49:50.000000000,100026,231,99948,331,100036,227,99920,227,100054,327,99916,227,100067,200,99908,100,100069,100,99825,100,100074,100,99820,100,100081,100,99797,100,100085,100,99781,100,100126,100,99731,100,100167,100,99694,100
2019-06-28 09:49:54.712445887,100026,231,99948,331,100036,227,99920,227,100054,327,99916,227,100067,200,99908,100,100069,100,99825,100,100081,100,99820,100,100085,100,99797,100,100126,100,99781,100,100167,100,99731,100,100222,100,99704,100
2019-06-28 09:49:56.660183181,100026,231,99948,331,100036,227,99920,227,100054,327,99916,227,100067,200,99908,100,100069,100,99825,100,100081,100,99820,100,100085,100,99797,100,100126,100,99781,100,100167,100,99731,100,100222,100,99704,100
2019-06-28 09:50:00.000000000,100026,486,99948,586,100036,100,99920,100,100054,200,99916,100,100067,200,99908,100,100069,100,99825,100,100081,100,99820,100,100085,100,99797,100,100126,100,99781,100,100167,100,99731,100,100222,100,99704,100
2019-06-28 09:50:10.000000000,100026,486,99948,586,100036,100,99920,100,100054,200,99916,100,100067,200,99908,100,100069,100,99825,100,100081,100,99820,100,100085,100,99797,100,100126,100,99781,100,100167,100,99731,100,100222,100,99704,100
2019-06-28 09:50:20.000000000,100026,486,99948,586,100036,100,99920,100,100054,200,99916,100,100067,200,99908,100,100069,100,99825,100,100081,100,99820,100,100085,100,99797,100,100126,100,99781,100,100167,100,99731,100,100222,100,99704,100
2019-06-28 09:50:30.000000000,100026,486,99948,586,100036,100,99920,100,100054,200,99916,100,100067,200,99908,100,100069,100,99825,100,100081,100,99820,100,100085,100,99797,100,100126,100,99781,100,100167,100,99731,100,100222,100,99704,100
2019-06-28 09:50:38.384675057,100026,486,99948,486,100036,100,99920,100,100054,200,99916,100,100067,200,99908,100,100069,100,99825,100,100085,100,99820,100,100126,100,99797,100,100167,100,99781,100,100222,100,99731,100,100226,100,99704,100
2019-06-28 09:50:40.000000000,100026,177,99948,177,100036,177,99920,177,100054,277,99916,177,100067,277,99908,177,100069,177,99825,177,100085,100,99820,100,100126,100,99797,100,100167,100,99781,100,100222,100,99731,100,100226,100,99704,100
2019-06-28 09:50:50.000000000,100026,231,99948,231,100036,227,99920,227,100054,327,99916,227,100067,200,99908,100,100069,100,99825,100,100085,100,99820,100,100126,100,99797,100,100167,100,99781,100,100222,100,99731,100,100226,100,99704,100
2019-06-28 09:51:00.000000000,100026,293,99948,293,100036,293,99920,293,100054,200,99916,100,100067,200,99908,100,100069,100,99825,100,100085,100,99820,100,100126,100,99797,100,100167,100,99781,100,100222,100,99731,100,100226,100,99704,100
2019-06-28 09:51:10.000000000,100026,196,99948,196,100036,196,99920,196,100054,296,99916,196,100067,296,99908,196,100069,100,99825,100,100085,100,99820,100,100126,100,99797,100,100167,100,99781,100,100222,100,99731,100,100226,100,99704,100
2019-06-28 09:51:20.000000000,100026,293,99948,293,100036,293,99920,293,100054,200,99916,100,100067,200,99908,100,100069,100,99825,100,100085,100,99820,100,100126,100,99797,100,100167,100,99781,100,100222,100,99731,100,100226,100,99704,100
2019-06-28 09:51:20.013286813,100026,293,99948,293,100036,293,99920,293,100054,200,99916,100,100067,200,99908,100,100069,100,99864,100,100085,100,99825,100,100126,100,99820,100,100167,100,99797,100,100222,100,99781,100,100226,100,99731,100
2019-06-28 09:51:30.000000000,100026,486,99948,486,100036,100,99920,100,100054,200,99916,100,100067,200,99908,100,100069,100,99864,100,100085,100,99825,100,100126,100,99820,100,100167,100,99797,100,100222,100,99781,100,100226,100,99731,100
2019-06-28 09:51:40.000000000,100026,293,99948,293,100036,293,99920,293,100054,200,99916,100,100067,200,99908,100,100069,100,99864,100,100085,100,99825,100,100126,100,99820,100,100167,100,99797,100,100222,100,99781,100,100226,100,99731,100
2019-06-28 09:51:50.000000000,100026,196,99948,196,100036,196,99920,196,100054,296,99916,196,100067,296,99908,196,100069,100,99864,100,100085,100,99825,100,100126,100,99820,100,100167,100,99797,100,100222,100,99781,100,100226,100,99731,100
2019-06-28 09:51:50.703077822,100006,100,99948,196,100026,196,99920,196,100036,196,99916,196,100054,296,99908,196,100067,296,99864,100,100069,100,99825,100,100085,100,99820,100,100126,100,99797,100,100167,100,99781,100,100222,100,99731,100
2019-06-28 09:52:00.000000000,100006,231,99948,231,100026,227,99920,227,100036,227,99916,227,100054,200,99908,100,100067,200,99864,100,100069,100,99825,100,100085,100,99820,100,100126,100,99797,100,100167,100,99781,100,100222,100,99731,100
2019-06-28 09:52:01.351939994,99998,100,99948,231,100006,231,99920,227,100026,227,99916,227,100036,227,99908,100,100054,200,99864,100,100067,200,99825,100,100069,100,99820,100,100085,100,99797,100,100126,100,99781,100,100167,100,99731,100
2019-06-28 09:52:02.055820581,99998,100,99948,131,100006,231,99920,227,100026,227,99916,227,100036,227,99908,100,100054,200,99864,100,100067,200,99820,100,100069,100,99797,100,100085,100,99781,100,100126,100,99731,100,100167,100,99704,100
2019-06-28 09:52:07.523026074,99998,100,99948,131,100006,231,99920,227,100026,227,99916,227,100036,227,99908,100,100054,200,99864,100,100067,200,99820,100,100069,100,99797,100,100085,100,99781,100,100126,100,99731,100,100167,100,99704,100
2019-06-28 09:52:10.000000000,99998,231,99920,231,100006,227,99916,227,100026,227,99908,227,100036,100,99864,100,100054,200,99820,100,100067,200,99797,100,100069,100,99781,100,100085,100,99731,100,100126,100,99704,100,100167,100,99694,100
2019-06-28 09:52:20.000000000,99998,196,99920,196,100006,196,99916,196,100026,196,99908,196,100036,196,99864,196,100054,200,99820,100,100067,200,99797,100,100069,100,99781,100,100085,100,99731,100,100126,100,99704,100,100167,100,99694,100
2019-06-28 09:52:21.115825576,99948,100,99920,196,99998,196,99916,196,100006,196,99908,196,100026,196,99864,196,100036,196,99820,100,100054,200,99797,100,100067,200,99781,100,100069,100,99731,100,100085,100,99704,100,100126,100,99694,100
2019-06-28 09:52:28.939364774,99948,100,99920,96,99998,196,99916,196,100006,196,99908,196,100026,196,99864,196,100036,196,99820,100,100054,200,99797,100,100067,200,99781,100,100069,100,99731,100,100085,100,99704,100,100126,100,99694,100
2019-06-28 09:52:30.000000000,99948,231,99916,231,99998,227,99908,227,100006,227,99864,227,100026,100,99820,100,100036,100,99797,100,100054,200,99781,100,100067,200,99731,100,100069,100,99704,100,100085,100,99694,100,100126,100,99683,100
2019-06-28 09:52:39.571320489,99948,231,99916,231,99998,227,99908,227,100006,227,99864,227,100026,100,99820,100,100036,100,99797,100,100054,200,99781,100,100067,200,99731,100,100069,100,99704,100,100085,100,99694,100,100126,100,99683,100
2019-06-28 09:52:40.000000000,99948,196,99916,196,99998,196,99908,196,100006,196,99864,196,100026,196,99820,196,100036,100,99797,100,100054,200,99781,100,100067,200,99731,100,100069,100,99704,100,100085,100,99694,100,100126,100,99683,100
2019-06-28 09:52:50.000000000,99948,196,99916,196,99998,196,99908,196,100006,196,99864,196,100026,196,99820,196,100036,100,99797,100,100054,200,99781,100,100067,200,99731,100,100069,100,99704,100,100085,100,99694,100,100126,100,99683,100
2019-06-28 09:53:00.000000000,99948,177,99916,177,99998,177,99908,177,100006,177,99864,177,100026,177,99820,177,100036,177,99797,177,100054,200,99781,100,100067,200,99731,100,100069,100,99704,100,100085,100,99694,100,100126,100,99683,100
2019-06-28 09:53:04.148653093,99948,177,99916,177,99998,177,99908,177,100006,177,99864,177,100026,177,99820,177,100036,177,99797,77,100054,200,99781,100,100067,200,99731,100,100069,100,99704,100,100085,100,99694,100,100126,100,99683,100
2019-06-28 09:53:10.000000000,99948,196,99916,196,99998,196,99908,196,100006,196,99864,196,100026,196,99820,196,100036,100,99781,100,100054,200,99731,100,100067,200,99704,100,100069,100,99694,100,100085,100,99683,100,100126,100,99682,100
2019-06-28 09:53:10.417969589,99948,196,99916,96,99998,196,99908,196,100006,196,99864,196,100026,196,99820,196,100036,100,99781,100,100054,200,99731,100,100067,200,99704,100,100069,100,99694,100,100085,100,99683,100,100126,100,99682,100
2019-06-28 09:53:12.198964745,99916,4,99908,196,99948,196,99864,196,99998,196,99820,196,100006,196,99781,100,100026,196,99731,100,100036,100,99704,100,100054,200,99694,100,100067,200,99683,100,100069,100,99682,100,100085,100,99662,100
2019-06-28 09:53:20.000000000,99916,135,99908,231,99948,227,99864,227,99998,227,99820,227,100006,100,99781,100,100026,100,99731,100,100036,100,99704,100,100054,200,99694,100,100067,200,99683,100,100069,100,99682,100,100085,100,99662,100
2019-06-28 09:53:25.956228082,99916,135,99908,131,99948,227,99864,227,99998,227,99820,227,100006,100,99781,100,100026,100,99731,100,100036,100,99704,100,100054,200,99694,100,100067,200,99683,100,100069,100,99682,100,100085,100,99662,100
2019-06-28 09:53:30.000000000,99916,197,99864,293,99948,293,99820,293,99998,100,99781,100,100006,100,99731,100,100026,100,99704,100,100036,100,99694,100,100054,200,99683,100,100067,200,99682,100,100069,100,99662,100,100085,100,99645,100
2019-06-28 09:53:37.690394919,99916,197,99864,293,99948,293,99820,293,99998,100,99781,100,100006,100,99731,100,100026,100,99704,100,100036,100,99694,100,100054,200,99683,100,100067,200,99682,100,100069,100,99662,100,100085,100,99645,100
2019-06-28 09:53:38.052684454,99916,197,99864,193,99948,293,99820,293,99998,100,99781,100,100006,100,99731,100,100026,100,99704,100,100036,100,99694,100,100054,200,99683,100,100067,200,99682,100,100069,100,99662,100,100085,100,99645,100
2019-06-28 09:53:40.000000000,99916,81,99820,177,99948,177,99781,177,99998,177,99731,177,100006,177,99704,177,100026,177,99694,177,100036,100,99683,100,100054,200,99682,100,100067,200,99662,100,100069,100,99645,100,100085,100,99637,100
2019-06-28 09:53:43.244449302,99916,81,99820,177,99948,177,99781,177,99998,177,99731,177,100006,177,99704,177,100026,177,99695,100,100036,100,99694,177,100054,200,99683,100,100067,200,99682,100,100069,100,99662,100,100085,100,99645,100
2019-06-28 09:53:50.000000000,99916,100,99820,196,99948,196,99781,196,99998,196,99731,196,100006,196,99704,196,100026,100,99695,100,100036,100,99694,100,100054,200,99683,100,100067,200,99682,100,100069,100,99662,100,100085,100,99645,100
2019-06-28 09:53:51.084705857,99908,100,99820,196,99916,100,99781,196,99948,196,99731,196,99998,196,99704,196,100006,196,99695,100,100026,100,99694,100,100036,100,99683,100,100054,100,99682,100,100067,200,99662,100,100069,100,99645,100
2019-06-28 09:53:56.181312753,99908,100,99820,96,99916,96,99781,196,99948,196,99731,196,99998,196,99704,196,100006,196,99695,100,100026,100,99694,100,100036,100,99683,100,100054,100,99682,100,100067,200,99662,100,100069,100,99645,100
2019-06-28 09:54:00.000000000,99908,293,99781,293,99948,293,99731,293,99998,100,99704,100,100006,100,99695,100,100026,100,99694,100,100036,100,99683,100,100054,100,99682,100,100067,200,99662,100,100069,100,99645,100,100085,100,99637,100
2019-06-28 09:54:10.000000000,99908,196,99781,196,99948,196,99731,196,99998,196,99704,196,100006,196,99695,196,100026,100,99694,100,100036,100,99683,100,100054,100,99682,100,100067,200,99662,100,100069,100,99645,100,100085,100,99637,100
2019-06-28 09:54:20.000000000,99908,196,99781,196,99948,196,99731,196,99998,196,99704,196,100006,196,99695,196,100026,100,99694,100,100036,100,99683,100,100054,100,99682,100,100067,200,99662,100,100069,100,99645,100,100085,100,99637,100
2019-06-28 09:54:28.485571940,99908,196,99781,96,99948,196,99731,196,99998,196,99704,196,100006,196,99695,96,100026,100,99694,100,100036,100,99683,100,100054,100,99682,100,100067,200,99662,100,100069,100,99645,100,100085,100,99637,100
2019-06-28 09:54:30.000000000,99908,196,99731,196,99948,196,99704,196,99998,196,99694,196,100006,196,99683,196,100026,100,99682,100,100036,100,99662,100,100054,100,99645,100,100067,200,99637,100,100069,100,99578,100,100085,100,99564,100
2019-06-28 09:54:34.315723254,99908,196,99731,96,99948,196,99704,196,99998,196,99694,196,100006,196,99683,196,100026,100,99682,100,100036,100,99662,100,100054,100,99645,100,100067,200,99637,100,100069,100,99578,100,100085,100,99564,100
2019-06-28 09:54:40.000000000,99908,486,99704,486,99948,100,99694,100,99998,100,99683,100,100006,100,99682,100,100026,100,99662,100,100036,100,99645,100,100054,100,99637,100,100067,200,99578,100,100069,100,99564,100,100085,100,,
2019-06-28 09:54:50.000000000,99908,293,99704,293,99948,293,99694,293,99998,100,99683,100,100006,100,99682,100,100026,100,99662,100,100036,100,99645,100,100054,100,99637,100,100067,200,99578,100,100069,100,99564,100,100085,100,,
2019-06-28 09:55:00.000000000,99908,231,99704,231,99948,227,99694,227,99998,227,99683,227,100006,100,99682,100,100026,100,99662,100,100036,100,99645,100,100054,100,99637,100,100067,200,99578,100,100069,100,99564,100,100085,100,,
2019-06-28 09:55:10.000000000,99908,177,99704,177,99948,177,99694,177,99998,177,99683,177,100006,177,99682,177,100026,177,99662,177,100036,100,99645,100,100054,100,99637,100,100067,200,99578,100,100069,100,99564,100,100085,100,,
2019-06-28 09:55:12.338963115,99908,177,99704,177,99948,177,99694,177,99998,177,99683,177,100006,177,99682,177,100026,177,99662,177,100036,100,99645,100,100054,100,99637,100,100067,200,99578,100,100069,100,99564,100,100085,100,98858,100
2019-06-28 09:55:13.797152657,99781,100,99704,177,99908,177,99694,177,99948,177,99683,177,99998,177,99682,177,100006,177,99662,177,100026,177,99645,100,100036,100,99637,100,100054,100,99578,100,100067,200,99564,100,100069,100,98858,100
2019-06-28 09:55:20.000000000,99781,177,99704,177,99908,177,99694,177,99948,177,99683,177,99998,177,99682,177,100006,177,99662,177,100026,100,99645,100,100036,100,99637,100,100054,100,99578,100,100067,200,99564,100,100069,100,98858,100
2019-06-28 09:55:25.248313702,99781,177,99704,177,99908,177,99694,177,99948,177,99683,177,99998,177,99682,177,100006,177,99662,177,100026,100,99645,100,100036,100,99637,100,100054,100,99578,100,100067,200,99564,100,100069,100,98862,100
2019-06-28 09:55:30.000000000,99781,486,99704,486,99908,100,99694,100,99948,100,99683,100,99998,100,99682,100,100006,100,99662,100,100026,100,99645,100,100036,100,99637,100,100054,100,99578,100,100067,200,99564,100,100069,100,98862,100
2019-06-28 09:55:33.747206048,99781,586,99704,486,99908,100,99694,100,99948,100,99683,100,99998,100,99682,100,100006,100,99662,100,100026,100,99645,100,100036,100,99637,100,100054,100,99578,100,100067,200,99564,100,100069,100,98862,100
2019-06-28 09:55:40.000000000,99781,393,99704,293,99908,293,99694,293,99948,100,99683,100,99998,100,99682,100,100006,100,99662,100,100026,100,99645,100,100036,100,99637,100,100054,100,99578,100,100067,200,99564,100,100069,100,98862,100
2019-06-28 09:55:44.776180532,99781,393,99704,93,99908,293,99694,293,99948,100,99683,100,99998,100,99682,100,100006,100,99662,100,100026,100,99645,100,100036,100,99637,100,100054,100,99578,100,100067,200,99564,100,100069,100,98862,100
2019-06-28 09:55:50.000000000,99781,586,99694,486,99908,100,99683,100,99948,100,99682,100,99998,100,99662,100,100006,100,99645,100,100026,100,99637,100,100036,100,99578,100,100054,100,99564,100,100067,200,98862,100,100069,100,98858,100
2019-06-28 09:55:52.090827859,99781,586,99694,486,99908,100,99683,100,99998,100,99682,100,100006,100,99662,100,100026,100,99645,100,100036,100,99637,100,100054,100,99578,100,100067,200,99564,100,100069,100,98862,100,100126,100,98858,100
2019-06-28 09:55:55.613438714,99781,586,99694,486,99908,100,99683,100,99998,100,99682,100,100006,100,99662,100,100026,100,99645,100,100036,100,99637,100,100054,100,99578,100,100067,200,99564,100,100069,100,98862,100,100126,100,98858,100
2019-06-28 09:55:58.680534733,99781,586,99694,386,99908,100,99683,100,99998,100,99682,100,100006,100,99662,100,100026,100,99645,100,100036,100,99637,100,100054,100,99578,100,100067,200,99564,100,100069,100,98862,100,100126,100,98858,100
2019-06-28 09:55:58.844052510,99781,586,99694,386,99908,100,99683,100,99998,100,99682,100,100006,100,99662,100,100026,100,99645,100,100036,100,99637,100,100054,100,99578,100,100067,200,99564,100,100069,100,98862,100,100126,100,98858,100
2019-06-28 09:56:00.000000000,99781,277,99683,177,99908,177,99682,177,99998,177,99662,177,100006,177,99645,177,100026,177,99637,177,100036,100,99578,100,100054,100,99564,100,100067,200,98862,100,100069,100,98858,100,100126,100,98635,100
2019-06-28 09:56:04.311406774,99781,277,99683,77,99908,177,99682,177,99998,177,99662,177,100006,177,99645,177,100026,177,99637,177,100036,100,99578,100,100054,100,99564,100,100067,200,98862,100,100069,100,98858,100,100126,100,98635,100
2019-06-28 09:56:10.000000000,99781,277,99682,177,99908,177,99662,177,99998,177,99645,177,100006,177,99637,177,100026,177,99578,177,100036,100,99564,100,100054,100,98862,100,100067,200,98858,100,100069,100,98635,100,100126,100,98254,100
2019-06-28 09:56:20.000000000,99781,277,99682,177,99908,177,99662,177,99998,177,99645,177,100006,177,99637,177,100026,177,99578,177,100036,100,99564,100,100054,100,98862,100,100067,200,98858,100,100069,100,98635,100,100126,100,98254,100
2019-06-28 09:56:30.000000000,99781,393,99682,293,99908,293,99662,293,99998,100,99645,100,100006,100,99637,100,100026,100,99578,100,100036,100,99564,100,100054,100,98862,100,100067,200,98858,100,100069,100,98635,100,100126,100,98254,100
2019-06-28 09:56:40.000000000,99781,296,99682,196,99908,196,99662,196,99998,196,99645,196,100006,196,99637,196,100026,100,99578,100,100036,100,99564,100,100054,100,98862,100,100067,200,98858,100,100069,100,98635,100,100126,100,98254,100
2019-06-28 09:56:50.000000000,99781,277,99682,177,99908,177,99662,177,99998,177,99645,177,100006,177,99637,177,100026,177,99578,177,100036,100,99564,100,100054,100,98862,100,100067,200,98858,100,100069,100,98635,100,100126,100,98254,100
2019-06-28 09:57:00.000000000,99781,393,99682,293,99908,293,99662,293,99998,100,99645,100,100006,100,99637,100,100026,100,99578,100,100036,100,99564,100,100054,100,98862,100,100067,200,98858,100,100069,100,98635,100,100126,100,98254,100
2019-06-28 09:57:10.000000000,99781,296,99682,196,99908,196,99662,196,99998,196,99645,196,100006,196,99637,196,100026,100,99578,100,100036,100,99564,100,100054,100,98862,100,100067,200,98858,100,100069,100,98635,100,100126,100,98254,100
2019-06-28 09:57:20.000000000,99781,277,99682,177,99908,177,99662,177,99998,177,99645,177,100006,177,99637,177,100026,177,99578,177,100036,100,99564,100,100054,100,98862,100,100067,200,98858,100,100069,100,98635,100,100126,100,98254,100
2019-06-28 09:57:30.000000000,99781,331,99682,231,99908,227,99662,227,99998,227,99645,227,100006,100,99637,100,100026,100,99578,100,100036,100,99564,100,100054,100,98862,100,100067,200,98858,100,100069,100,98635,100,100126,100,98254,100
2019-06-28 09:57:35.912492940,99781,331,99682,231,99908,227,99662,227,99998,227,99645,227,100006,100,99637,100,100026,100,99578,100,100036,100,99564,100,100054,100,98862,100,100067,200,98858,100,100069,100,98351,100,100126,100,98254,100
2019-06-28 09:57:40.000000000,99781,296,99682,196,99908,196,99662,196,99998,196,99645,196,100006,196,99637,196,100026,100,99578,100,100036,100,99564,100,100054,100,98862,100,100067,200,98858,100,100069,100,98351,100,100126,100,98254,100
2019-06-28 09:57:50.000000000,99781,393,99682,293,99908,293,99662,293,99998,100,99645,100,100006,100,99637,100,100026,100,99578,100,100036,100,99564,100,100054,100,98862,100,100067,200,98858,100,100069,100,98351,100,100126,100,98254,100
2019-06-28 09:58:00.000000000,99781,331,99682,231,99908,227,99662,227,99998,227,99645,227,100006,100,99637,100,100026,100,99578,100,100036,100,99564,100,100054,100,98862,100,100067,200,98858,100,100069,100,98351,100,100126,100,98254,100
2019-06-28 09:58:05.041985812,99694,100,99682,231,99781,231,99662,227,99908,227,99645,227,99998,227,99637,100,100006,100,99578,100,100026,100,99564,100,100036,100,98862,100,100054,100,98858,100,100067,200,98351,100,100069,100,98254,100
2019-06-28 09:58:07.950836289,99694,100,99682,131,99781,231,99662,227,99908,227,99645,227,99998,227,99637,100,100006,100,99578,100,100026,100,99564,100,100036,100,98862,100,100054,100,98858,100,100067,200,98351,100,100069,100,98254,100
2019-06-28 09:58:10.000000000,99694,293,99662,293,99781,293,99645,293,99908,100,99637,100,99998,100,99578,100,100006,100,99564,100,100026,100,98862,100,100036,100,98858,100,100054,100,98351,100,100067,200,98254,100,100069,100,,
2019-06-28 09:58:20.000000000,99694,177,99662,177,99781,177,99645,177,99908,177,99637,177,99998,177,99578,177,100006,177,99564,177,100026,100,98862,100,100036,100,98858,100,100054,100,98351,100,100067,200,98254,100,100069,100,,
2019-06-28 09:58:30.000000000,99694,177,99662,177,99781,177,99645,177,99908,177,99637,177,99998,177,99578,177,100006,177,99564,177,100026,100,98862,100,100036,100,98858,100,100054,100,98351,100,100067,200,98254,100,100069,100,,
2019-06-28 09:58:40.000000000,99694,177,99662,177,99781,177,99645,177,99908,177,99637,177,99998,177,99578,177,100006,177,99564,177,100026,100,98862,100,100036,100,98858,100,100054,100,98351,100,100067,200,98254,100,100069,100,,
2019-06-28 09:58:50.000000000,99694,196,99662,196,99781,196,99645,196,99908,196,99637,196,99998,196,99578,196,100006,100,99564,100,100026,100,98862,100,100036,100,98858,100,100054,100,98351,100,100067,200,98254,100,100069,100,,
2019-06-28 09:59:00.000000000,99694,196,99662,196,99781,196,99645,196,99908,196,99637,196,99998,196,99578,196,100006,100,99564,100,100026,100,98862,100,100036,100,98858,100,100054,100,98351,100,100067,200,98254,100,100069,100,,
2019-06-28 09:59:10.000000000,99694,293,99662,293,99781,293,99645,293,99908,100,99637,100,99998,100,99578,100,100006,100,99564,100,100026,100,98862,100,100036,100,98858,100,100054,100,98351,100,100067,200,98254,100,100069,100,,
2019-06-28 09:59:14.030499646,99694,293,99662,193,99781,293,99645,293,99908,100,99637,100,99998,100,99578,100,100006,100,99564,100,100026,100,98862,100,100036,100,98858,100,100054,100,98351,100,100067,200,98254,100,100069,100,,
2019-06-28 09:59:14.918097352,99682,100,99662,193,99694,293,99645,293,99781,293,99637,100,99908,100,99578,100,99998,100,99564,100,100006,100,98862,100,100026,100,98858,100,100036,100,98351,100,100054,100,98254,100,100067,200,,
2019-06-28 09:59:20.000000000,99682,293,99645,293,99694,293,99637,293,99781,100,99578,100,99908,100,99564,100,99998,100,98862,100,100006,100,98858,100,100026,100,98351,100,100036,100,98254,100,100054,100,,,100067,200,,
2019-06-28 09:59:30.000000000,99682,177,99645,177,99694,177,99637,177,99781,177,99578,177,99908,177,99564,177,99998,177,98862,177,100006,100,98858,100,100026,100,98351,100,100036,100,98254,100,100054,100,,,100067,200,,
2019-06-28 09:59:36.198270318,99682,177,99645,77,99694,177,99637,177,99781,177,99578,177,99908,177,99564,177,99998,177,98862,177,100006,100,98858,100,100026,100,98351,100,100036,100,98254,100,100054,100,,,100067,200,,
2019-06-28 09:59:40.000000000,99682,293,99637,293,99694,293,99578,293,99781,100,99564,100,99908,100,98862,100,99998,100,98858,100,100006,100,98351,100,100026,100,98254,100,100036,100,,,100054,100,,,100067,200,,
2019-06-28 09:59:50.000000000,99682,196,99637,196,99694,196,99578,196,99781,196,99564,196,99908,196,98862,196,99998,100,98858,100,100006,100,98351,100,100026,100,98254,100,100036,100,,,100054,100,,,100067,200,,
2019-06-28 09:59:50.648965544,99682,196,99637,96,99694,196,99578,196,99781,196,99564,196,99908,196,98862,196,99998,100,98858,100,100006,100,98351,100,100026,100,98254,100,100036,100,,,100054,100,,,100067,200,,
2019-06-28 09:59:58.296844224,99637,4,99578,196,99682,196,99564,196,99694,196,98862,196,99781,196,98858,100,99908,196,98351,100,99998,100,98254,100,100006,100,,,100026,100,,,100036,100,,,100054,100,,
2019-06-28 10:00:00.000000000,99637,135,99578,231,99682,227,99564,227,99694,227,98862,227,99781,100,98858,100,99908,100,98351,100,99998,100,98254,100,100006,100,,,100026,100,,,100036,100,,,100054,100,,
2019-06-28 10:00:10.000000000,99637,135,99578,231,99682,227,99564,227,99694,227,98862,227,99781,100,98858,100,99908,100,98351,100,99998,100,98254,100,100006,100,,,100026,100,,,100036,100,,,100054,100,,
2019-06-28 10:00:12.844840005,99637,135,99578,231,99682,227,99564,227,99694,227,98862,227,99781,100,98858,100,99908,100,98351,100,99998,100,98254,100,100006,100,97963,100,100026,100,,,100036,100,,,100054,100,,
2019-06-28 10:00:20.000000000,99637,81,99578,177,99682,177,99564,177,99694,177,98862,177,99781,177,98858,177,99908,177,98351,177,99998,100,98254,100,100006,100,97963,100,100026,100,,,100036,100,,,100054,100,,
2019-06-28 10:00:30.000000000,99637,390,99578,486,99682,100,99564,100,99694,100,98862,100,99781,100,98858,100,99908,100,98351,100,99998,100,98254,100,100006,100,97963,100,100026,100,,,100036,100,,,100054,100,,
2019-06-28 10:00:32.857215473,99637,490,99578,486,99682,100,99564,100,99694,100,98862,100,99781,100,98858,100,99908,100,98351,100,99998,100,98254,100,100006,100,97963,100,100026,100,,,100036,100,,,100054,100,,
2019-06-28 10:00:40.000000000,99637,490,99578,486,99682,100,99564,100,99694,100,98862,100,99781,100,98858,100,99908,100,98351,100,99998,100,98254,100,100006,100,97963,100,100026,100,,,100036,100,,,100054,100,,
2019-06-28 10:00:41.709537321,99637,490,99578,486,99682,100,99564,100,99694,100,98862,100,99781,100,98858,100,99908,100,98351,100,99998,100,98254,100,100006,100,97963,100,100026,100,97852,100,100036,100,,,100054,100,,
2019-06-28 10:00:43.593047118,99637,490,99578,486,99682,100,99564,100,99694,100,98862,100,99781,100,98858,100,99908,100,98351,100,99998,100,98254,100,100006,100,97963,100,100026,100,97852,100,100036,100,97788,100,100054,100,,
2019-06-28 10:00:50.000000000,99637,235,99578,231,99682,227,99564,227,99694,227,98862,227,99781,100,98858,100,99908,100,98351,100,99998,100,98254,100,100006,100,97963,100,100026,100,97852,100,100036,100,97788,100,100054,100,,
2019-06-28 10:01:00.000000000,99637,235,99578,231,99682,227,99564,227,99694,227,98862,227,99781,100,98858,100,99908,100,98351,100,99998,100,98254,100,100006,100,97963,100,100026,100,97852,100,100036,100,97788,100,100054,100,,
2019-06-28 10:01:10.000000000,99637,200,99578,196,99682,196,99564,196,99694,196,98862,196,99781,196,98858,196,99908,100,98351,100,99998,100,98254,100,100006,100,97963,100,100026,100,97852,100,100036,100,97788,100,100054,100,,
2019-06-28 10:01:16.318825257,99637,200,99578,96,99682,196,99564,196,99694,196,98862,196,99781,196,98858,196,99908,100,98351,100,99998,100,98254,100,100006,100,97963,100,100026,100,97852,100,100036,100,97788,100,100054,100,,
2019-06-28 10:01:20.000000000,99637,235,99564,231,99682,227,98862,227,99694,227,98858,227,99781,100,98351,100,99908,100,98254,100,99998,100,97963,100,100006,100,97852,100,100026,100,97788,100,100036,100,,,100054,100,,
2019-06-28 10:01:30.000000000,99637,297,99564,293,99682,293,98862,293,99694,100,98858,100,99781,100,98351,100,99908,100,98254,100,99998,100,97963,100,100006,100,97852,100,100026,100,97788,100,100036,100,,,100054,100,,
2019-06-28 10:01:40.000000000,99637,490,99564,486,99682,100,98862,100,99694,100,98858,100,99781,100,98351,100,99908,100,98254,100,99998,100,97963,100,100006,100,97852,100,100026,100,97788,100,100036,100,,,100054,100,,
2019-06-28 10:01:40.205052303,99636,100,99564,486,99637,490,98862,100,99682,100,98858,100,99694,100,98351,100,99781,100,98254,100,99908,100,97963,100,99998,100,97852,100,100006,100,97788,100,100026,100,,,100036,100,,
2019-06-28 10:01:50.000000000,99636,486,99564,486,99637,104,98862,100,99682,100,98858,100,99694,100,98351,100,99781,100,98254,100,99908,100,97963,100,99998,100,97852,100,100006,100,97788,100,100026,100,,,100036,100,,
2019-06-28 10:02:00.000000000,99636,293,99564,293,99637,297,98862,293,99682,100,98858,100,99694,100,98351,100,99781,100,98254,100,99908,100,97963,100,99998,100,97852,100,100006,100,97788,100,100026,100,,,100036,100,,
2019-06-28 10:02:10.000000000,99636,231,99564,231,99637,231,98862,227,99682,227,98858,227,99694,100,98351,100,99781,100,98254,100,99908,100,97963,100,99998,100,97852,100,100006,100,97788,100,100026,100,,,100036,100,,
2019-06-28 10:02:13.735768741,99636,231,99564,131,99637,231,98862,227,99682,227,98858,227,99694,100,98351,100,99781,100,98254,100,99908,100,97963,100,99998,100,97788,100,100006,100,,,100026,100,,,100036,100,,
2019-06-28 10:02:20.000000000,99636,293,98862,293,99637,297,98858,293,99682,100,98351,100,99694,100,98254,100,99781,100,97963,100,99908,100,97788,100,99998,100,,,100006,100,,,100026,100,,,100036,100,,
2019-06-28 10:02:28.414565580,99636,293,98862,193,99637,297,98858,293,99682,100,98351,100,99694,100,98254,100,99781,100,97963,100,99908,100,97788,100,99998,100,,,100006,100,,,100026,100,,,100036,100,,
2019-06-28 10:02:30.000000000,99636,196,98858,196,99637,200,98351,196,99682,196,98254,196,99694,196,97963,196,99781,100,97788,100,99908,100,,,99998,100,,,100006,100,,,100026,100,,,100036,100,,
2019-06-28 10:02:40.000000000,99636,177,98858,177,99637,181,98351,177,99682,177,98254,177,99694,177,97963,177,99781,177,97788,177,99908,100,,,99998,100,,,100006,100,,,100026,100,,,100036,100,,
2019-06-28 10:02:40.550150395,99636,177,98858,177,99637,181,98351,77,99682,177,98254,177,99694,177,98162,100,99781,177,97963,177,99908,100,97788,177,99998,100,,,100006,100,,,100026,100,,,100036,100,,
2019-06-28 10:02:41.538619214,99636,177,98858,77,99637,181,98351,77,99682,177,98254,177,99694,177,98162,100,99781,177,97963,177,99908,100,97788,177,99998,100,,,100006,100,,,100026,100,,,100036,100,,
2019-06-28 10:02:50.000000000,99636,486,98254,486,99637,104,98162,100,99682,100,97963,100,99694,100,97788,100,99781,100,,,99908,100,,,99998,100,,,100006,100,,,100026,100,,,100036,100,,
2019-06-28 10:03:00.000000000,99636,177,98254,177,99637,181,98162,177,99682,177,97963,177,99694,177,97788,177,99781,177,97787,77,99908,100,,,99998,100,,,100006,100,,,100026,100,,,100036,100,,
2019-06-28 10:03:07.582968236,98862,100,98254,177,99636,177,98162,177,99637,181,97963,177,99682,177,97788,177,99694,177,97787,77,99781,177,,,99908,100,,,99998,100,,,100006,100,,,100026,100,,
2019-06-28 10:03:10.000000000,98862,231,98254,231,99636,227,98162,227,99637,231,97963,227,99682,100,97788,100,99694,100,,,99781,100,,,99908,100,,,99998,100,,,100006,100,,,100026,100,,
2019-06-28 10:03:20.000000000,98862,177,98254,177,99636,177,98162,177,99637,181,97963,177,99682,177,97788,177,99694,177,97787,77,99781,100,,,99908,100,,,99998,100,,,100006,100,,,100026,100,,
2019-06-28 10:03:26.462531555,98862,177,98254,177,98876,100,98162,177,99636,177,97963,177,99637,181,97788,177,99682,177,97787,77,99694,177,,,99781,100,,,99908,100,,,99998,100,,,100006,100,,
2019-06-28 10:03:30.000000000,98862,231,98254,231,98876,227,98162,227,99636,227,97963,227,99637,104,97788,100,99682,100,,,99694,100,,,99781,100,,,99908,100,,,99998,100,,,100006,100,,
2019-06-28 10:03:35.641269853,98862,331,98254,231,98876,227,98162,227,99636,227,97963,227,99637,104,97788,100,99682,100,,,99694,100,,,99781,100,,,99908,100,,,99998,100,,,100006,100,,
2019-06-28 10:03:40.000000000,98862,296,98254,196,98876,196,98162,196,99636,196,97963,196,99637,200,97788,196,99682,100,,,99694,100,,,99781,100,,,99908,100,,,99998,100,,,100006,100,,
2019-06-28 10:03:45.653069608,98862,296,98254,196,98876,196,98162,196,99636,196,97963,196,99637,200,97788,196,99682,100,,,99694,100,,,99908,100,,,99998,100,,,100006,100,,,100026,100,,
2019-06-28 10:03:50.000000000,98862,586,98254,486,98876,100,98162,100,99636,100,97963,100,99637,104,97788,100,99682,100,,,99694,100,,,99908,100,,,99998,100,,,100006,100,,,100026,100,,
2019-06-28 10:04:00.000000000,98862,331,98254,231,98876,227,98162,227,99636,227,97963,227,99637,104,97788,100,99682,100,,,99694,100,,,99908,100,,,99998,100,,,100006,100,,,100026,100,,
2019-06-28 10:04:10.000000000,98862,277,98254,177,98876,177,98162,177,99636,177,97963,177,99637,181,97788,177,99682,177,97787,77,99694,100,,,99908,100,,,99998,100,,,100006,100,,,100026,100,,
2019-06-28 10:04:18.878653234,98862,277,98721,100,98876,177,98254,177,99636,177,98162,177,99637,181,97963,177,99682,177,97788,177,99694,100,97787,77,99908,100,,,99998,100,,,100006,100,,,100026,100,,
2019-06-28 10:04:20.000000000,98862,586,98721,486,98876,100,98254,100,99636,100,98162,100,99637,104,97963,100,99682,100,97788,100,99694,100,,,99908,100,,,99998,100,,,100006,100,,,100026,100,,
2019-06-28 10:04:30.000000000,98862,296,98721,196,98876,196,98254,196,99636,196,98162,196,99637,200,97963,196,99682,100,97788,100,99694,100,,,99908,100,,,99998,100,,,100006,100,,,100026,100,,
2019-06-28 10:04:34.172984269,98862,396,98721,196,98876,196,98254,196,99636,196,98162,196,99637,200,97963,196,99682,100,97788,100,99694,100,,,99908,100,,,99998,100,,,100006,100,,,100026,100,,
2019-06-28 10:04:39.475205277,98862,296,98721,196,98876,196,98254,196,99636,196,98162,196,99637,200,97963,196,99682,100,97788,100,99694,100,,,99908,100,,,99998,100,,,100006,100,,,100026,100,,
2019-06-28 10:04:40.000000000,98862,277,98721,177,98876,177,98254,177,99636,177,98162,177,99637,181,97963,177,99682,177,97788,177,99694,100,,,99908,100,,,99998,100,,,100006,100,,,100026,100,,
2019-06-28 10:04:50.000000000,98862,296,98721,196,98876,196,98254,196,99636,196,98162,196,99637,200,97963,196,99682,100,97788,100,99694,100,,,99908,100,,,99998,100,,,100006,100,,,100026,100,,
2019-06-28 10:05:00.000000000,98862,296,98721,196,98876,196,98254,196,99636,196,98162,196,99637,200,97963,196,99682,100,97788,100,99694,100,,,99908,100,,,99998,100,,,100006,100,,,100026,100,,
2019-06-28 10:05:00.552979181,98862,396,98721,196,98876,196,98254,196,99636,196,98162,196,99637,200,97963,196,99682,100,97788,100,99694,100,,,99908,100,,,99998,100,,,100006,100,,,100026,100,,
2019-06-28 10:05:10.000000000,98862,686,98721,486,98876,100,98254,100,99636,100,98162,100,99637,104,97963,100,99682,100,97788,100,99694,100,,,99908,100,,,99998,100,,,100006,100,,,100026,100,,
2019-06-28 10:05:20.000000000,98862,377,98721,177,98876,177,98254,177,99636,177,98162,177,99637,181,97963,177,99682,177,97788,177,99694,100,,,99908,100,,,99998,100,,,100006,100,,,100026,100,,
2019-06-28 10:05:30.000000000,98862,377,98721,177,98876,177,98254,177,99636,177,98162,177,99637,181,97963,177,99682,177,97788,177,99694,100,,,99908,100,,,99998,100,,,100006,100,,,100026,100,,
2019-06-28 10:05:35.534147394,98862,377,98721,77,98876,177,98254,177,99636,177,98162,177,99637,181,97963,177,99682,177,97788,177,99694,100,,,99908,100,,,99998,100,,,100006,100,,,100026,100,,
2019-06-28 10:05:40.000000000,98862,396,98254,196,98876,196,98162,196,99636,196,97963,196,99637,200,97788,196,99682,100,,,99694,100,,,99908,100,,,99998,100,,,100006,100,,,100026,100,,
2019-06-28 10:05:50.000000000,98862,686,98254,486,98876,100,98162,100,99636,100,97963,100,99637,104,97788,100,99682,100,,,99694,100,,,99908,100,,,99998,100,,,100006,100,,,100026,100,,
2019-06-28 10:06:00.000000000,98862,493,98254,293,98876,293,98162,293,99636,100,97963,100,99637,104,97788,100,99682,100,,,99694,100,,,99908,100,,,99998,100,,,100006,100,,,100026,100,,
2019-06-28 10:06:09.793482778,98522,100,98254,293,98862,493,98162,293,98876,293,97963,100,99636,100,97788,100,99637,104,,,99682,100,,,99694,100,,,99908,100,,,99998,100,,,100006,100,,
2019-06-28 10:06:10.000000000,98522,231,98254,231,98862,427,98162,227,98876,227,97963,227,99636,100,97788,100,99637,104,,,99682,100,,,99694,100,,,99908,100,,,99998,100,,,100006,100,,
2019-06-28 10:06:20.000000000,98522,486,98254,486,98862,300,98162,100,98876,100,97963,100,99636,100,97788,100,99637,104,,,99682,100,,,99694,100,,,99908,100,,,99998,100,,,100006,100,,
2019-06-28 10:06:30.000000000,98522,231,98254,231,98862,427,98162,227,98876,227,97963,227,99636,100,97788,100,99637,104,,,99682,100,,,99694,100,,,99908,100,,,99998,100,,,100006,100,,
2019-06-28 10:06:40.000000000,98522,486,98254,486,98862,300,98162,100,98876,100,97963,100,99636,100,97788,100,99637,104,,,99682,100,,,99694,100,,,99908,100,,,99998,100,,,100006,100,,
2019-06-28 10:06:50.000000000,98522,293,98254,293,98862,493,98162,293,98876,100,97963,100,99636,100,97788,100,99637,104,,,99682,100,,,99694,100,,,99908,100,,,99998,100,,,100006,100,,
2019-06-28 10:07:00.000000000,98522,293,98254,293,98862,493,98162,293,98876,100,97963,100,99636,100,97788,100,99637,104,,,99682,100,,,99694,100,,,99908,100,,,99998,100,,,100006,100,,
2019-06-28 10:07:02.304330727,98334,100,98254,293,98522,293,98162,293,98862,493,97963,100,98876,100,97788,100,99636,100,,,99637,104,,,99682,100,,,99694,100,,,99908,100,,,99998,100,,
2019-06-28 10:07:08.461566836,98334,100,98254,293,98522,293,98162,293,98858,100,97963,100,98862,393,97788,100,98876,100,,,99636,100,,,99637,104,,,99682,100,,,99694,100,,,99908,100,,
2019-06-28 10:07:10.000000000,98334,196,98254,196,98522,196,98162,196,98858,196,97963,196,98862,296,97788,196,98876,100,,,99636,100,,,99637,104,,,99682,100,,,99694,100,,,99908,100,,
2019-06-28 10:07:20.000000000,98334,177,98254,177,98522,177,98162,177,98858,177,97963,177,98862,277,97788,177,98876,177,97787,77,99636,100,,,99637,104,,,99682,100,,,99694,100,,,99908,100,,
2019-06-28 10:07:23.731513033,98334,177,98254,177,98522,177,98162,177,98858,177,98073,100,98862,277,97963,177,98876,177,97788,177,99636,100,97787,77,99637,104,,,99682,100,,,99694,100,,,99908,100,,
2019-06-28 10:07:24.560901498,98334,177,98254,77,98522,177,98162,177,98858,177,98073,100,98862,277,97963,177,98876,177,97788,177,99636,100,97787,77,99637,104,,,99682,100,,,99694,100,,,99908,100,,
2019-06-28 10:07:30.000000000,98334,486,98162,486,98522,100,98073,100,98858,100,97963,100,98862,200,97788,100,98876,100,,,99636,100,,,99637,104,,,99682,100,,,99694,100,,,99908,100,,
2019-06-28 10:07:33.874765413,98334,486,98162,486,98521,100,98073,100,98522,100,97963,100,98858,100,97788,100,98862,100,,,98876,100,,,99636,100,,,99637,104,,,99682,100,,,99694,100,,
2019-06-28 10:07:40.000000000,98334,293,98162,293,98521,293,98073,293,98522,100,97963,100,98858,100,97788,100,98862,100,,,98876,100,,,99636,100,,,99637,104,,,99682,100,,,99694,100,,
2019-06-28 10:07:40.134734759,98334,293,98162,293,98521,293,98073,293,98522,100,97963,100,98858,100,97788,100,98862,100,,,98876,100,,,99636,100,,,99637,104,,,99682,100,,,99694,100,,
2019-06-28 10:07:42.066294164,98334,293,98162,193,98521,293,98073,293,98522,100,97963,100,98858,100,97788,100,98862,100,,,98876,100,,,99636,100,,,99637,104,,,99682,100,,,99694,100,,
2019-06-28 10:07:50.000000000,98334,293,98073,293,98521,293,97963,293,98522,100,97788,100,98858,100,,,98862,100,,,98876,100,,,99636,100,,,99637,104,,,99682,100,,,99694,100,,
2019-06-28 10:07:54.106729411,98334,293,98073,293,98521,293,97963,293,98522,100,97938,100,98858,100,97788,100,98862,100,,,98876,100,,,99636,100,,,99637,104,,,99682,100,,,99694,100,,
2019-06-28 10:07:59.850650546,98254,100,98073,293,98334,293,97963,293,98521,293,97938,100,98522,100,97788,100,98858,100,,,98862,100,,,98876,100,,,99636,100,,,99637,104,,,99682,100,,
2019-06-28 10:08:00.000000000,98254,196,98073,196,98334,196,97963,196,98521,196,97938,196,98522,196,97788,196,98858,100,,,98862,100,,,98876,100,,,99636,100,,,99637,104,,,99682,100,,
2019-06-28 10:08:10.000000000,98254,486,98073,486,98334,100,97963,100,98521,100,97938,100,98522,100,97788,100,98858,100,,,98862,100,,,98876,100,,,99636,100,,,99637,104,,,99682,100,,
2019-06-28 10:08:20.000000000,98254,196,98073,196,98334,196,97963,196,98521,196,97938,196,98522,196,97788,196,98858,100,,,98862,100,,,98876,100,,,99636,100,,,99637,104,,,99682,100,,
2019-06-28 10:08:21.105812713,98254,196,98073,96,98334,196,97963,196,98521,196,97938,196,98522,196,97788,196,98858,100,,,98862,100,,,98876,100,,,99636,100,,,99637,104,,,99682,100,,
2019-06-28 10:08:30.000000000,98254,293,97963,293,98334,293,97938,293,98521,100,97788,100,98522,100,,,98858,100,,,98862,100,,,98876,100,,,99636,100,,,99637,104,,,99682,100,,
2019-06-28 10:08:40.000000000,98254,196,97963,196,98334,196,97938,196,98521,196,97788,196,98522,196,97787,96,98858,100,,,98862,100,,,98876,100,,,99636,100,,,99637,104,,,99682,100,,
2019-06-28 10:08:50.000000000,98254,293,97963,293,98334,293,97938,293,98521,100,97788,100,98522,100,,,98858,100,,,98862,100,,,98876,100,,,99636,100,,,99637,104,,,99682,100,,
2019-06-28 10:09:00.000000000,98254,486,97963,486,98334,100,97938,100,98521,100,97788,100,98522,100,,,98858,100,,,98862,100,,,98876,100,,,99636,100,,,99637,104,,,99682,100,,
2019-06-28 10:09:04.187432684,98254,486,97963,486,98334,100,97938,100,98521,100,97788,100,98522,100,,,98858,100,,,98862,100,,,98876,100,,,98883,100,,,99636,100,,,99637,104,,
2019-06-28 10:09:10.000000000,98254,486,97963,486,98334,100,97938,100,98521,100,97788,100,98522,100,,,98858,100,,,98862,100,,,98876,100,,,98883,100,,,99636,100,,,99637,104,,
2019-06-28 10:09:20.000000000,98254,177,97963,177,98334,177,97938,177,98521,177,97788,177,98522,177,97787,77,98858,177,,,98862,100,,,98876,100,,,98883,100,,,99636,100,,,99637,104,,
2019-06-28 10:09:28.578845104,98254,77,97963,177,98334,177,97938,177,98521,177,97788,177,98522,177,97787,77,98858,177,,,98862,100,,,98876,100,,,98883,100,,,99636,100,,,99637,100,,
2019-06-28 10:09:30.000000000,98334,231,97963,231,98521,227,97938,227,98522,227,97788,227,98858,100,,,98862,100,,,98876,100,,,98883,100,,,99636,100,,,99637,100,,,99682,100,,
2019-06-28 10:09:40.000000000,98334,293,97963,293,98521,293,97938,293,98522,100,97788,100,98858,100,,,98862,100,,,98876,100,,,98883,100,,,99636,100,,,99637,100,,,99682,100,,
2019-06-28 10:09:50.000000000,98334,177,97963,177,98521,177,97938,177,98522,177,97788,177,98858,177,97787,77,98862,177,,,98876,100,,,98883,100,,,99636,100,,,99637,100,,,99682,100,,
2019-06-28 10:09:50.973550685,98334,177,97963,177,98521,177,97938,177,98522,177,97788,177,98753,100,97787,77,98858,177,,,98862,177,,,98876,100,,,98883,100,,,99636,100,,,99637,100,,
2019-06-28 10:10:00.000000000,98334,177,97963,177,98521,177,97938,177,98522,177,97788,177,98753,177,97787,77,98858,177,,,98862,100,,,98876,100,,,98883,100,,,99636,100,,,99637,100,,
2019-06-28 10:10:00.073626960,98334,177,97963,177,98521,177,97938,177,98522,177,97788,177,98753,177,97787,77,98858,177,,,98862,100,,,98876,100,,,98883,100,,,99636,100,,,99637,100,,
2019-06-28 10:10:07.171010841,98334,77,97963,177,98521,177,97938,177,98522,177,97788,177,98753,177,97787,77,98858,177,,,98862,100,,,98876,100,,,98883,100,,,99636,100,,,99637,100,,
2019-06-28 10:10:10.000000000,98521,196,97963,196,98522,196,97938,196,98753,196,97788,196,98858,196,97787,96,98862,100,,,98876,100,,,98883,100,,,99636,100,,,99637,100,,,99682,100,,
2019-06-28 10:10:20.000000000,98521,486,97963,486,98522,100,97938,100,98753,100,97788,100,98858,100,,,98862,100,,,98876,100,,,98883,100,,,99636,100,,,99637,100,,,99682,100,,
2019-06-28 10:10:21.309013538,98521,486,97963,486,98522,100,97788,100,98753,100,,,98858,200,,,98862,100,,,98876,100,,,98883,100,,,99636,100,,,99637,100,,,99682,100,,
2019-06-28 10:10:30.000000000,98521,293,97963,293,98522,293,97788,293,98753,100,,,98858,200,,,98862,100,,,98876,100,,,98883,100,,,99636,100,,,99637,100,,,99682,100,,
2019-06-28 10:10:40.000000000,98521,231,97963,231,98522,227,97788,227,98753,227,97787,127,98858,200,,,98862,100,,,98876,100,,,98883,100,,,99636,100,,,99637,100,,,99682,100,,
2019-06-28 10:10:43.480528850,98521,131,97963,231,98522,227,97788,227,98753,227,97787,127,98858,200,,,98862,100,,,98876,100,,,98883,100,,,99636,100,,,99637,100,,,99682,100,,
2019-06-28 10:10:50.000000000,98522,231,97963,231,98753,227,97788,227,98858,327,97787,127,98862,100,,,98876,100,,,98883,100,,,99636,100,,,99637,100,,,99682,100,,,99694,100,,
2019-06-28 10:10:51.889502554,98522,231,98334,100,98753,227,97963,231,98858,327,97788,227,98862,100,97787,127,98876,100,,,98883,100,,,99636,100,,,99637,100,,,99682,100,,,99694,100,,
2019-06-28 10:11:00.000000000,98522,231,98334,231,98753,227,97963,227,98858,327,97788,227,98862,100,,,98876,100,,,98883,100,,,99636,100,,,99637,100,,,99682,100,,,99694,100,,
2019-06-28 10:11:10.000000000,98522,486,98334,486,98753,100,97963,100,98858,200,97788,100,98862,100,,,98876,100,,,98883,100,,,99636,100,,,99637,100,,,99682,100,,,99694,100,,
