,ask_price_1,ask_size_1,bid_price_1,bid_size_1,ask_price_2,ask_size_2,bid_price_2,bid_size_2,ask_price_3,ask_size_3,bid_price_3,bid_size_3,ask_price_4,ask_size_4,bid_price_4,bid_size_4,ask_price_5,ask_size_5,bid_price_5,bid_size_5,ask_price_6,ask_size_6,bid_price_6,bid_size_6,ask_price_7,ask_size_7,bid_price_7,bid_size_7,ask_price_8,ask_size_8,bid_price_8,bid_size_8,ask_price_9,ask_size_9,bid_price_9,bid_size_9,ask_price_10,ask_size_10,bid_price_10,bid_size_10
2019-06-28 09:30:00.000000002,,,99977,100,,,,,,,,,,,,,,,,,,,,,,,,,,,,,,,,,,,,
2019-06-28 09:30:00.000000003,100124,100,99957,100,,,,,,,,,,,,,,,,,,,,,,,,,,,,,,,,,,,,
2019-06-28 09:30:00.000000004,100124,100,99975,100,,,99957,100,,,,,,,,,,,,,,,,,,,,,,,,,,,,,,,,
2019-06-28 09:30:00.000000011,100056,100,99975,100,100124,100,99957,100,,,,,,,,,,,,,,,,,,,,,,,,,,,,,,,,
2019-06-28 09:30:00.000000013,100039,100,99975,100,100056,100,99957,100,100124,100,,,,,,,,,,,,,,,,,,,,,,,,,,,,,,
2019-06-28 09:30:00.000000014,100039,100,99975,100,100056,100,99960,100,100099,100,99957,100,100124,100,,,,,,,,,,,,,,,,,,,,,,,,,,
2019-06-28 09:30:00.000000015,100039,100,99980,100,100056,100,99975,100,100099,100,99960,100,100124,100,99957,100,,,,,,,,,,,,,,,,,,,,,,,,
2019-06-28 09:30:00.000000017,100039,100,99980,100,100056,100,99975,100,100099,100,99960,100,100124,100,99957,100,,,99915,100,,,,,,,,,,,,,,,,,,,,
2019-06-28 09:30:00.000000019,100032,100,99980,100,100039,100,99975,100,100056,100,99960,100,100099,100,99957,100,100124,100,99915,100,,,,,,,,,,,,,,,,,,,,
2019-06-28 09:30:00.000000020,99995,100,99980,100,100032,100,99975,100,100039,100,99960,100,100056,100,99957,100,100099,100,99915,100,100124,100,,,,,,,,,,,,,,,,,,
2019-06-28 09:30:00.000000022,100032,100,99980,100,100039,100,99975,100,100056,100,99960,100,100099,100,99957,100,100124,100,99915,100,,,,,,,,,,,,,,,,,,,,
2019-06-28 09:30:00.000000023,100032,100,99981,100,100039,100,99980,100,100056,100,99977,100,100099,100,99975,100,100124,100,99960,100,,,99957,100,,,99915,100,,,,,,,,,,,,
2019-06-28 09:30:00.000000024,100032,100,99981,200,100039,100,99980,100,100056,100,99977,100,100086,100,99975,100,100099,100,99960,100,100124,100,99957,100,,,99915,100,,,99840,100,,,,,,,,
2019-06-28 09:30:00.000000026,100032,100,99981,100,100039,100,99980,100,100056,100,99977,100,100086,100,99975,100,100099,100,99960,100,100124,100,99957,100,,,99915,100,,,99840,100,,,,,,,,
2019-06-28 09:30:00.000000027,100032,100,99981,100,100039,100,99980,100,100056,100,99977,100,100086,100,99975,100,100099,100,99960,100,100120,100,99957,100,100124,100,99915,100,100181,100,99840,100,,,,,,,,
2019-06-28 09:30:00.000000032,100039,100,99981,100,100056,100,99980,100,100086,100,99977,100,100099,100,99975,100,100120,100,99960,100,100124,100,99957,100,100142,100,99915,100,100181,100,99840,100,,,,,,,,
2019-06-28 09:30:00.000000033,100056,100,99981,100,100086,100,99980,100,100099,100,99977,100,100120,100,99975,100,100124,100,99960,100,100142,100,99957,100,100181,100,99915,100,,,99840,100,,,,,,,,
2019-06-28 09:30:00.000000039,100056,100,99981,100,100086,100,99980,100,100099,100,99977,100,100120,100,99975,100,100124,100,99960,100,100142,100,99957,100,100181,100,99956,100,,,99915,100,,,99840,100,,,,
2019-06-28 09:30:00.000000042,100039,100,99981,100,100056,100,99980,100,100086,100,99977,100,100099,100,99975,100,100120,100,99960,100,100124,100,99957,100,100142,100,99956,100,100181,100,99915,100,,,99840,100,,,,
2019-06-28 09:30:00.000000043,100039,100,99981,100,100056,100,99980,100,100086,100,99977,100,100099,100,99975,100,100120,100,99960,100,100124,100,99957,100,100135,100,99956,100,100142,100,99915,100,100181,100,99840,100,,,,
2019-06-28 09:30:00.000000044,100039,100,99981,100,100056,100,99980,100,100086,100,99977,100,100099,100,99975,100,100120,100,99960,100,100124,100,99957,100,100135,100,99956,100,100142,100,99915,100,100181,100,99903,100,,,99840,100
2019-06-28 09:30:00.000000047,100039,100,100032,100,100056,100,99981,100,100086,100,99980,100,100099,100,99977,100,100120,100,99975,100,100124,100,99960,100,100135,100,99957,100,100142,100,99956,100,100181,100,99915,100,,,99903,100
2019-06-28 09:30:00.000000048,100039,100,100032,100,100056,100,99981,100,100086,100,99980,100,100099,100,99977,100,100112,100,99975,100,100120,100,99960,100,100124,100,99957,100,100135,100,99956,100,100142,100,99915,100,100181,100,99903,100
2019-06-28 09:30:00.000000049,100039,100,100032,100,100056,100,99981,100,100057,100,99980,100,100086,100,99977,100,100099,100,99975,100,100112,100,99960,100,100120,100,99957,100,100124,100,99956,100,100135,100,99915,100,100142,100,99903,100
2019-06-28 09:30:00.000000051,100039,100,100032,100,100056,100,99981,100,100057,100,99980,100,100062,100,99977,100,100086,100,99975,100,100099,100,99960,100,100112,100,99957,100,100120,100,99956,100,100124,100,99915,100,100135,100,99903,100
2019-06-28 09:30:00.000000052,100039,100,100032,100,100056,100,99981,100,100057,100,99980,100,100062,100,99977,100,100086,100,99975,100,100099,100,99970,100,100112,100,99960,100,100120,100,99957,100,100124,100,99956,100,100135,100,99915,100
2019-06-28 09:30:00.000000054,100039,200,100032,100,100056,100,99981,100,100057,100,99980,100,100062,100,99977,100,100086,100,99975,100,100099,100,99970,100,100112,100,99960,100,100120,100,99957,100,100124,100,99956,100,100135,100,99945,100
2019-06-28 09:30:00.000000058,100039,200,100032,100,100056,100,99981,100,100057,100,99980,100,100062,100,99977,100,100086,100,99975,100,100095,100,99970,100,100098,100,99960,100,100099,100,99957,100,100112,100,99956,100,100120,100,99945,100
2019-06-28 09:30:00.000000061,100039,200,100032,100,100056,100,99981,100,100057,100,99980,100,100062,100,99977,100,100085,100,99975,100,100086,100,99970,100,100095,100,99960,100,100098,100,99957,100,100099,100,99956,100,100112,100,99945,100
2019-06-28 09:30:00.000000063,100039,200,100032,100,100056,100,99981,100,100057,100,99980,100,100062,100,99977,100,100085,100,99975,100,100086,100,99970,100,100095,100,99960,100,100098,100,99957,100,100099,100,99956,100,100112,100,99945,100
2019-06-28 09:30:00.000000067,100039,200,100032,100,100056,100,99981,100,100057,100,99980,100,100062,100,99977,100,100085,100,99975,100,100086,100,99970,100,100095,100,99960,200,100098,100,99957,100,100099,100,99956,100,100112,100,99945,100
2019-06-28 09:30:00.000000071,100039,200,100032,100,100056,100,99981,100,100057,100,99980,100,100062,100,99977,100,100085,100,99975,100,100086,100,99970,100,100095,100,99960,200,100098,100,99957,100,100099,100,99956,100,100112,100,99951,100
2019-06-28 09:30:00.000000072,100039,200,99981,100,100056,100,99980,100,100057,100,99977,100,100062,100,99975,100,100085,100,99970,100,100086,100,99960,200,100095,100,99957,100,100098,100,99956,100,100099,100,99951,100,100112,100,99945,100
2019-06-28 09:30:00.000000073,100039,200,99981,100,100056,100,99980,100,100057,100,99977,100,100062,100,99975,100,100085,100,99970,100,100086,100,99960,200,100095,100,99957,100,100098,100,99956,100,100099,100,99951,100,100112,100,99945,100
2019-06-28 09:30:00.000000074,100039,200,99980,100,100056,100,99977,100,100057,100,99975,100,100062,100,99970,100,100085,100,99960,200,100086,100,99957,100,100095,100,99956,100,100098,100,99951,100,100099,100,99945,100,100112,100,99936,100
2019-06-28 09:30:00.000000078,100039,200,99991,100,100056,100,99980,100,100057,100,99977,100,100062,100,99975,100,100074,100,99970,100,100085,100,99963,100,100086,100,99960,200,100095,100,99957,100,100098,100,99956,100,100099,100,99951,100
2019-06-28 09:30:00.000000080,100039,200,99991,100,100056,100,99980,100,100057,100,99977,100,100062,100,99975,100,100074,100,99970,100,100085,100,99963,100,100086,100,99961,100,100095,100,99960,200,100098,100,99957,100,100099,100,99956,100
2019-06-28 09:30:00.000000081,100039,200,100031,100,100056,100,99991,100,100057,100,99980,100,100062,100,99977,100,100074,100,99975,100,100085,100,99970,100,100086,100,99963,100,100095,100,99961,100,100098,100,99960,200,100099,100,99957,100
2019-06-28 09:30:00.000000082,100039,200,100031,100,100056,100,99991,100,100057,100,99981,100,100062,100,99980,100,100074,100,99977,100,100079,100,99975,100,100085,100,99970,100,100086,100,99963,100,100095,100,99961,100,100098,100,99960,200
2019-06-28 09:30:00.000000083,100032,100,100031,100,100039,200,99991,100,100056,100,99981,100,100057,100,99980,100,100062,100,99977,100,100074,100,99975,100,100079,100,99970,100,100085,100,99963,100,100086,100,99961,100,100095,100,99960,200
2019-06-28 09:30:00.000000086,100032,300,100031,100,100039,200,99991,100,100056,100,99981,100,100057,100,99980,100,100062,100,99977,100,100074,100,99975,100,100079,100,99970,200,100085,100,99963,100,100086,100,99961,100,100095,100,99960,200
2019-06-28 09:30:00.000000087,100032,400,100031,100,100039,200,99991,100,100056,100,99981,100,100057,100,99980,100,100062,100,99977,100,100074,100,99975,100,100079,100,99970,200,100085,100,99963,100,100086,100,99961,100,100095,100,99960,200
2019-06-28 09:30:00.000000088,100032,400,100031,100,100039,200,99991,100,100056,100,99981,100,100057,100,99980,100,100062,100,99977,100,100074,100,99975,100,100079,100,99970,200,100085,100,99963,100,100086,100,99961,100,100095,100,99960,200
2019-06-28 09:30:00.000000089,100032,400,100031,100,100039,200,99991,100,100056,100,99984,100,100057,100,99981,100,100062,100,99980,100,100074,100,99977,100,100079,100,99975,100,100085,100,99970,200,100086,100,99963,100,100095,100,99961,100
2019-06-28 09:30:00.000000093,100032,400,100031,100,100039,200,99991,100,100056,100,99984,100,100057,100,99981,200,100062,100,99980,100,100074,100,99977,100,100079,100,99975,100,100085,100,99970,200,100086,100,99963,100,100095,100,99961,100
2019-06-28 09:30:00.000000095,100032,400,100031,100,100039,200,99991,100,100056,100,99984,100,100057,100,99981,200,100062,100,99980,100,100074,100,99977,100,100079,100,99975,100,100085,100,99970,200,100086,100,99963,100,100095,100,99961,100
2019-06-28 09:30:00.000000096,100032,400,100031,100,100039,200,100009,100,100056,100,99991,100,100057,100,99984,100,100062,100,99981,200,100074,100,99980,100,100079,100,99977,100,100085,100,99975,100,100086,100,99970,200,100095,100,99963,100
2019-06-28 09:30:00.000000099,100032,400,100031,100,100039,200,100009,100,100056,100,99991,100,100057,100,99984,100,100062,100,99981,300,100074,100,99980,100,100079,100,99977,100,100085,100,99975,100,100086,100,99970,200,100095,100,99963,100
2019-06-28 09:30:10.000000000,100032,568,100031,268,100039,363,100009,263,100056,263,99991,263,100057,100,99984,100,100062,100,99981,300,100074,100,99980,100,100079,100,99977,100,100085,100,99975,100,100086,100,99970,200,100095,100,99963,100
2019-06-28 09:30:14.215932301,100032,468,100031,268,100039,363,100009,263,100056,263,99991,263,100057,100,99984,100,100062,100,99981,300,100074,100,99980,100,100079,100,99977,100,100085,100,99975,100,100086,100,99970,200,100095,100,99963,100
2019-06-28 09:30:14.910372261,100032,468,100031,268,100039,363,100009,263,100056,263,99991,263,100057,100,99984,100,100062,100,99981,300,100074,100,99980,100,100079,100,99977,100,100085,100,99975,100,100086,100,99970,100,100095,100,99963,100
2019-06-28 09:30:20.000000000,100032,548,100031,348,100039,448,100009,348,100056,100,99991,100,100057,100,99984,100,100062,100,99981,300,100074,100,99980,100,100079,100,99977,100,100085,100,99975,100,100086,100,99970,100,100095,100,99963,100
2019-06-28 09:30:24.758583773,100032,448,100031,348,100039,448,100009,348,100056,100,99991,100,100057,100,99984,100,100062,100,99981,300,100074,100,99980,100,100079,100,99977,100,100085,100,99975,100,100086,100,99970,100,100095,100,99963,100
2019-06-28 09:30:28.418172278,100032,348,100031,348,100039,448,100009,348,100056,100,99991,100,100057,100,99984,100,100062,100,99981,300,100074,100,99980,100,100079,100,99977,100,100085,100,99975,100,100086,100,99970,100,100095,100,99963,100
2019-06-28 09:30:30.000000000,100032,268,100031,268,100039,363,100009,263,100056,263,99991,263,100057,100,99984,100,100062,100,99981,300,100074,100,99980,100,100079,100,99977,100,100085,100,99975,100,100086,100,99970,100,100095,100,99963,100
2019-06-28 09:30:36.773177993,100032,168,100031,268,100039,363,100009,263,100056,263,99991,263,100057,100,99984,100,100062,100,99981,300,100074,100,99980,100,100079,100,99977,100,100085,100,99975,100,100086,100,99970,100,100095,100,99963,100
2019-06-28 09:30:40.000000000,100039,368,100031,268,100056,263,100009,263,100057,263,99991,263,100062,100,99984,100,100074,100,99981,300,100079,100,99980,100,100085,100,99977,100,100086,100,99975,100,100095,100,99970,100,100098,100,99963,100
2019-06-28 09:30:43.516040588,100039,368,100031,268,100056,263,100009,263,100057,263,99991,263,100062,100,99984,100,100074,100,99981,300,100079,100,99980,100,100085,100,99977,100,100086,100,99975,100,100095,100,99970,100,100098,100,99963,100
2019-06-28 09:30:49.139060034,100039,368,100032,100,100056,263,100031,268,100057,263,100009,263,100062,100,99991,263,100074,100,99984,100,100079,100,99981,300,100085,100,99980,100,100086,100,99977,100,100095,100,99970,100,100098,100,99963,100
2019-06-28 09:30:50.000000000,100039,299,100032,199,100056,199,100031,199,100057,199,100009,199,100062,199,99991,199,100074,199,99984,199,100079,100,99981,300,100085,100,99980,100,100086,100,99977,100,100095,100,99970,100,100098,100,99963,100
2019-06-28 09:30:55.418984792,100039,199,100032,199,100056,199,100031,199,100057,199,100009,199,100062,199,99991,199,100074,199,99984,199,100079,100,99981,300,100085,100,99980,100,100086,100,99977,100,100095,100,99970,100,100098,100,99963,100
2019-06-28 09:30:55.783008287,100039,199,100032,299,100056,199,100031,199,100057,199,100009,199,100062,199,99991,199,100074,199,99984,199,100079,100,99981,300,100085,100,99980,100,100086,100,99977,100,100095,100,99970,100,100098,100,99963,100
2019-06-28 09:30:59.750165719,100039,199,100032,199,100056,199,100031,199,100057,199,100009,199,100062,199,99991,199,100074,199,99984,199,100079,100,99981,300,100085,100,99980,100,100086,100,99977,100,100095,100,99970,100,100098,100,99963,100
2019-06-28 09:31:00.000000000,100039,199,100032,199,100056,199,100031,199,100057,199,100009,199,100062,199,99991,199,100074,199,99984,199,100079,100,99981,300,100085,100,99980,100,100086,100,99977,100,100095,100,99970,100,100098,100,99963,100
2019-06-28 09:31:09.169515681,100039,199,100032,199,100056,199,100031,199,100057,199,100009,199,100062,199,99991,199,100074,199,99984,199,100079,100,99981,300,100085,100,99980,100,100086,100,99977,100,100095,100,99970,100,100098,100,99963,100
2019-06-28 09:31:10.000000000,100039,348,100032,348,100056,348,100031,348,100057,100,100009,100,100062,100,99991,100,100074,100,99984,100,100079,100,99981,300,100085,100,99980,100,100086,100,99977,100,100095,100,99970,100,100098,100,99963,100
2019-06-28 09:31:13.150789243,100039,248,100032,348,100056,348,100031,348,100057,100,100009,100,100062,100,99991,100,100074,100,99984,100,100079,100,99981,300,100085,100,99980,100,100086,100,99977,100,100095,100,99970,100,100098,100,99963,100
2019-06-28 09:31:20.000000000,100056,199,100032,199,100057,199,100031,199,100062,199,100009,199,100074,199,99991,199,100079,199,99984,199,100085,100,99981,300,100086,100,99980,100,100095,100,99977,100,100098,100,99970,100,100099,100,99963,100
2019-06-28 09:31:23.732049534,100056,199,100033,100,100057,199,100032,199,100062,199,100031,199,100074,199,100009,199,100079,199,99991,199,100085,100,99984,199,100086,100,99981,300,100095,100,99980,100,100098,100,99977,100,100099,100,99970,100
2019-06-28 09:31:30.000000000,100056,595,100033,595,100057,100,100032,100,100062,100,100031,100,100074,100,100009,100,100079,100,99991,100,100085,100,99984,100,100086,100,99981,300,100095,100,99980,100,100098,100,99977,100,100099,100,99970,100
2019-06-28 09:31:40.000000000,100056,224,100033,224,100057,224,100032,224,100062,224,100031,224,100074,224,100009,224,100079,100,99991,100,100085,100,99984,100,100086,100,99981,300,100095,100,99980,100,100098,100,99977,100,100099,100,99970,100
2019-06-28 09:31:50.000000000,100056,595,100033,595,100057,100,100032,100,100062,100,100031,100,100074,100,100009,100,100079,100,99991,100,100085,100,99984,100,100086,100,99981,300,100095,100,99980,100,100098,100,99977,100,100099,100,99970,100
2019-06-28 09:32:00.000000000,100056,348,100033,348,100057,348,100032,348,100062,100,100031,100,100074,100,100009,100,100079,100,99991,100,100085,100,99984,100,100086,100,99981,300,100095,100,99980,100,100098,100,99977,100,100099,100,99970,100
2019-06-28 09:32:09.272856679,100056,348,100033,248,100057,348,100032,348,100062,100,100031,100,100074,100,100009,100,100079,100,99991,100,100085,100,99984,100,100086,100,99981,300,100095,100,99980,100,100098,100,99977,100,100099,100,99970,100
2019-06-28 09:32:10.000000000,100056,199,100032,199,100057,199,100031,199,100062,199,100009,199,100074,199,99991,199,100079,199,99984,199,100085,100,99981,300,100086,100,99980,100,100095,100,99977,100,100098,100,99970,100,100099,100,99963,100
2019-06-28 09:32:20.000000000,100056,199,100032,199,100057,199,100031,199,100062,199,100009,199,100074,199,99991,199,100079,199,99984,199,100085,100,99981,300,100086,100,99980,100,100095,100,99977,100,100098,100,99970,100,100099,100,99963,100
2019-06-28 09:32:30.000000000,100056,595,100032,595,100057,100,100031,100,100062,100,100009,100,100074,100,99991,100,100079,100,99984,100,100085,100,99981,300,100086,100,99980,100,100095,100,99977,100,100098,100,99970,100,100099,100,99963,100
2019-06-28 09:32:40.000000000,100056,224,100032,224,100057,224,100031,224,100062,224,100009,224,100074,224,99991,224,100079,100,99984,100,100085,100,99981,300,100086,100,99980,100,100095,100,99977,100,100098,100,99970,100,100099,100,99963,100
2019-06-28 09:32:41.463435774,100056,224,100034,100,100057,224,100032,224,100062,224,100031,224,100074,224,100009,224,100079,100,99991,224,100085,100,99984,100,100086,100,99981,300,100095,100,99980,100,100098,100,99977,100,100099,100,99970,100
2019-06-28 09:32:49.648113178,100056,224,100034,100,100057,224,100032,224,100062,224,100031,224,100074,224,100009,224,100079,100,99991,224,100085,100,99984,100,100086,100,99981,300,100095,100,99980,100,100098,100,99977,100,100099,100,99970,100
2019-06-28 09:32:50.000000000,100056,595,100034,595,100057,100,100032,100,100062,100,100031,100,100074,100,100009,100,100079,100,99991,100,100085,100,99984,100,100086,100,99981,300,100095,100,99980,100,100098,100,99977,100,100099,100,99970,100
2019-06-28 09:32:58.367598973,100056,595,100034,595,100057,100,100032,100,100062,100,100031,100,100074,100,100024,100,100079,100,100009,100,100085,100,99991,100,100086,100,99984,100,100095,100,99981,300,100098,100,99980,100,100102,100,99977,100
2019-06-28 09:32:58.849960073,100056,595,100034,595,100057,100,100032,100,100062,100,100031,100,100074,100,100024,100,100079,100,100009,100,100085,100,99991,100,100086,100,99984,100,100095,100,99981,300,100098,100,99980,100,100112,100,99977,100
2019-06-28 09:33:00.000000000,100056,224,100034,224,100057,224,100032,224,100062,224,100031,224,100074,224,100024,224,100079,100,100009,100,100085,100,99991,100,100086,100,99984,100,100095,100,99981,300,100098,100,99980,100,100112,100,99977,100
2019-06-28 09:33:06.228215745,100056,224,100034,224,100057,224,100032,224,100062,224,100031,224,100074,224,100024,224,100079,100,100011,100,100085,100,100009,100,100086,100,99991,100,100095,100,99984,100,100098,100,99981,300,100112,100,99980,100
2019-06-28 09:33:07.134954341,100038,100,100034,224,100056,124,100032,224,100057,224,100031,224,100062,224,100024,224,100074,224,100011,100,100079,100,100009,100,100085,100,99991,100,100086,100,99984,100,100095,100,99981,300,100098,100,99980,100
2019-06-28 09:33:10.000000000,100038,348,100034,348,100057,348,100032,348,100062,100,100031,100,100074,100,100024,100,100079,100,100011,100,100085,100,100009,100,100086,100,99991,100,100095,100,99984,100,100098,100,99981,300,100112,100,99980,100
2019-06-28 09:33:20.000000000,100038,348,100034,348,100057,348,100032,348,100062,100,100031,100,100074,100,100024,100,100079,100,100011,100,100085,100,100009,100,100086,100,99991,100,100095,100,99984,100,100098,100,99981,300,100112,100,99980,100
2019-06-28 09:33:24.461237551,100038,248,100034,348,100057,348,100032,348,100062,100,100031,100,100074,100,100024,100,100079,100,100011,100,100085,100,100009,100,100086,100,99991,100,100095,100,99984,100,100098,100,99981,300,100124,100,99980,100
2019-06-28 09:33:30.000000000,100057,199,100034,199,100062,199,100032,199,100074,199,100031,199,100079,199,100024,199,100085,199,100011,199,100086,100,100009,100,100095,100,99991,100,100098,100,99984,100,100124,100,99981,300,100134,100,99980,100
2019-06-28 09:33:33.416530822,100057,99,100034,199,100062,199,100032,199,100074,199,100031,199,100079,199,100024,199,100085,199,100011,199,100086,100,100009,100,100095,100,99991,100,100098,100,99984,100,100124,100,99981,300,100142,100,99980,100
2019-06-28 09:33:40.000000000,100062,595,100034,595,100074,100,100032,100,100079,100,100031,100,100085,100,100024,100,100086,100,100011,100,100095,100,100009,100,100098,100,99991,100,100124,100,99984,100,100142,100,99981,300,100143,100,99980,100
2019-06-28 09:33:50.000000000,100062,199,100034,199,100074,199,100032,199,100079,199,100031,199,100085,199,100024,199,100086,199,100011,199,100095,100,100009,100,100098,100,99991,100,100124,100,99984,100,100142,100,99981,300,100143,100,99980,100
2019-06-28 09:34:00.000000000,100062,268,100034,268,100074,263,100032,263,100079,263,100031,263,100085,100,100024,100,100086,100,100011,100,100095,100,100009,100,100098,100,99991,100,100124,100,99984,100,100142,100,99981,300,100143,100,99980,100
2019-06-28 09:34:10.000000000,100062,199,100034,199,100074,199,100032,199,100079,199,100031,199,100085,199,100024,199,100086,199,100011,199,100095,100,100009,100,100098,100,99991,100,100124,100,99984,100,100142,100,99981,300,100143,100,99980,100
2019-06-28 09:34:20.000000000,100062,268,100034,268,100074,263,100032,263,100079,263,100031,263,100085,100,100024,100,100086,100,100011,100,100095,100,100009,100,100098,100,99991,100,100124,100,99984,100,100142,100,99981,300,100143,100,99980,100
2019-06-28 09:34:30.000000000,100062,199,100034,199,100074,199,100032,199,100079,199,100031,199,100085,199,100024,199,100086,199,100011,199,100095,100,100009,100,100098,100,99991,100,100124,100,99984,100,100142,100,99981,300,100143,100,99980,100
2019-06-28 09:34:36.224231525,100062,99,100034,199,100074,99,100032,199,100079,199,100031,199,100085,199,100024,199,100086,199,100011,199,100095,100,100009,100,100098,100,99991,100,100124,100,99984,100,100142,100,99981,300,100143,100,99980,100
2019-06-28 09:34:37.412355435,100062,99,100034,199,100074,99,100032,199,100079,199,100031,199,100085,199,100024,199,100086,199,100011,199,100095,100,100009,100,100098,100,99991,100,100124,100,99984,100,100142,100,99981,300,100143,100,99980,100
2019-06-28 09:34:40.000000000,100079,224,100034,224,100085,224,100032,224,100086,224,100031,224,100095,224,100024,224,100098,100,100011,100,100124,100,100009,100,100142,100,99991,100,100143,100,99984,100,100181,100,99981,300,100193,100,99980,100
2019-06-28 09:34:50.000000000,100079,348,100034,348,100085,348,100032,348,100086,100,100031,100,100095,100,100024,100,100098,100,100011,100,100124,100,100009,100,100142,100,99991,100,100143,100,99984,100,100181,100,99981,300,100193,100,99980,100
2019-06-28 09:35:00.000000000,100079,199,100034,199,100085,199,100032,199,100086,199,100031,199,100095,199,100024,199,100098,199,100011,199,100124,100,100009,100,100142,100,99991,100,100143,100,99984,100,100181,100,99981,300,100193,100,99980,100
2019-06-28 09:35:10.000000000,100079,268,100034,268,100085,263,100032,263,100086,263,100031,263,100095,100,100024,100,100098,100,100011,100,100124,100,100009,100,100142,100,99991,100,100143,100,99984,100,100181,100,99981,300,100193,100,99980,100
2019-06-28 09:35:19.136643597,100079,268,100057,100,100085,263,100034,268,100086,263,100032,263,100095,100,100031,263,100098,100,100024,100,100124,100,100011,100,100142,100,100009,100,100143,100,99991,100,100181,100,99984,100,100193,100,99981,300
2019-06-28 09:35:20.000000000,100079,199,100057,199,100085,199,100034,199,100086,199,100032,199,100095,199,100031,199,100098,199,100024,199,100124,100,100011,100,100142,100,100009,100,100143,100,99991,100,100181,100,99984,100,100193,100,99981,300
2019-06-28 09:35:30.000000000,100079,224,100057,224,100085,224,100034,224,100086,224,100032,224,100095,224,100031,224,100098,100,100024,100,100124,100,100011,100,100142,100,100009,100,100143,100,99991,100,100181,100,99984,100,100193,100,99981,300
2019-06-28 09:35:31.481555688,100079,224,100057,324,100085,224,100034,224,100086,224,100032,224,100095,224,100031,224,100098,100,100024,100,100124,100,100011,100,100142,100,100009,100,100143,100,99991,100,100181,100,99984,100,100193,100,99981,300
2019-06-28 09:35:40.000000000,100079,595,100057,695,100085,100,100034,100,100086,100,100032,100,100095,100,100031,100,100098,100,100024,100,100124,100,100011,100,100142,100,100009,100,100143,100,99991,100,100181,100,99984,100,100193,100,99981,300
2019-06-28 09:35:44.421486210,100079,595,100057,795,100085,100,100034,100,100086,100,100032,100,100095,100,100031,100,100098,100,100024,100,100124,100,100011,100,100142,100,100009,100,100143,100,99991,100,100181,100,99984,100,100193,100,99981,300
2019-06-28 09:35:49.539821743,100079,495,100057,795,100085,100,100034,100,100086,100,100032,100,100095,100,100031,100,100098,100,100024,100,100124,100,100011,100,100142,100,99991,100,100143,100,99984,100,100181,100,99981,300,100193,100,99980,100
2019-06-28 09:35:50.000000000,100085,268,100057,468,100086,263,100034,263,100095,263,100032,263,100098,100,100031,100,100124,100,100024,100,100142,100,100011,100,100143,100,99991,100,100181,100,99984,100,100193,100,99981,300,100256,100,99980,100
2019-06-28 09:35:57.365837286,100085,268,100062,100,100086,263,100057,468,100095,263,100034,263,100098,100,100032,263,100124,100,100031,100,100142,100,100024,100,100143,100,100011,100,100181,100,99991,100,100193,100,99984,100,100256,100,99981,300
2019-06-28 09:36:00.000000000,100085,199,100062,199,100086,199,100057,399,100095,199,100034,199,100098,199,100032,199,100124,199,100031,199,100142,100,100024,100,100143,100,100011,100,100181,100,99991,100,100193,100,99984,100,100256,100,99981,300
2019-06-28 09:36:10.000000000,100085,268,100062,268,100086,263,100057,463,100095,263,100034,263,100098,100,100032,100,100124,100,100031,100,100142,100,100024,100,100143,100,100011,100,100181,100,99991,100,100193,100,99984,100,100256,100,99981,300
2019-06-28 09:36:11.606100556,100085,168,100062,268,100086,263,100057,463,100095,263,100034,263,100098,100,100032,100,100124,100,100031,100,100142,100,100024,100,100143,100,100011,100,100181,100,99991,100,100193,100,99984,100,100256,100,99981,300
2019-06-28 09:36:20.000000000,100086,199,100062,199,100095,199,100057,399,100098,199,100034,199,100124,199,100032,199,100142,199,100031,199,100143,100,100024,100,100181,100,100011,100,100193,100,99991,100,100256,100,99984,100,100401,100,99981,300
2019-06-28 09:36:27.435719996,100086,199,100062,199,100095,199,100057,399,100098,99,100034,199,100124,199,100032,199,100142,199,100031,199,100143,100,100024,100,100181,100,100011,100,100193,100,99991,100,100256,100,99984,100,100401,100,99981,300
2019-06-28 09:36:30.000000000,100086,595,100062,595,100095,100,100057,300,100124,100,100034,100,100142,100,100032,100,100143,100,100031,100,100181,100,100024,100,100193,100,100011,100,100256,100,99991,100,100401,100,99984,100,100529,100,99981,300
2019-06-28 09:36:37.600952487,100086,595,100062,595,100095,100,100057,300,100124,100,100034,100,100142,100,100032,100,100143,100,100031,100,100181,100,100024,100,100193,100,100011,100,100256,100,99991,100,100401,100,99984,100,100529,100,99981,300
2019-06-28 09:36:40.000000000,100086,595,100062,595,100095,100,100057,300,100124,100,100034,100,100142,100,100032,100,100143,100,100031,100,100181,100,100024,100,100193,100,100011,100,100256,100,99991,100,100401,100,99984,100,100529,100,99981,300
2019-06-28 09:36:50.000000000,100086,224,100062,224,100095,224,100057,424,100124,224,100034,224,100142,224,100032,224,100143,100,100031,100,100181,100,100024,100,100193,100,100011,100,100256,100,99991,100,100401,100,99984,100,100529,100,99981,300
2019-06-28 09:36:50.252949141,100086,124,100062,224,100095,224,100057,424,100124,224,100034,224,100142,224,100032,224,100143,100,100031,100,100181,100,100024,100,100193,100,100011,100,100256,100,99991,100,100401,100,99984,100,100529,100,99981,300
2019-06-28 09:37:00.000000000,100095,595,100062,595,100124,100,100057,300,100142,100,100034,100,100143,100,100032,100,100181,100,100031,100,100193,100,100024,100,100256,100,100011,100,100401,100,99991,100,100529,100,99984,100,100726,100,99981,300
2019-06-28 09:37:10.000000000,100095,595,100062,595,100124,100,100057,300,100142,100,100034,100,100143,100,100032,100,100181,100,100031,100,100193,100,100024,100,100256,100,100011,100,100401,100,99991,100,100529,100,99984,100,100726,100,99981,300
2019-06-28 09:37:12.480324540,100095,495,100062,595,100124,100,100057,300,100142,100,100034,100,100143,100,100032,100,100181,100,100031,100,100193,100,100024,100,100256,100,100011,100,100401,100,99991,100,100529,100,99984,100,100775,100,99981,300
2019-06-28 09:37:20.000000000,100124,348,100062,348,100142,348,100057,548,100143,100,100034,100,100181,100,100032,100,100193,100,100031,100,100256,100,100024,100,100401,100,100011,100,100529,100,99991,100,100775,100,99984,100,,,99981,300
2019-06-28 09:37:27.030475395,100124,348,100062,348,100142,348,100057,448,100143,100,100034,100,100181,100,100032,100,100193,100,100031,100,100256,100,100024,100,100401,100,100011,100,100529,100,99991,100,100775,100,99984,100,,,99981,300
2019-06-28 09:37:30.000000000,100124,348,100062,348,100142,348,100057,448,100143,100,100034,100,100181,100,100032,100,100193,100,100031,100,100256,100,100024,100,100401,100,100011,100,100529,100,99991,100,100775,100,99984,100,,,99981,300
2019-06-28 09:37:30.666321200,100124,248,100062,348,100142,348,100057,448,100143,100,100034,100,100181,100,100032,100,100193,100,100031,100,100256,100,100024,100,100401,100,100011,100,100529,100,99991,100,,,99984,100,,,99981,300
2019-06-28 09:37:31.430220099,100124,148,100062,348,100142,348,100057,448,100143,100,100034,100,100181,100,100032,100,100193,100,100031,100,100256,100,100024,100,100401,100,100011,100,100529,100,99991,100,,,99984,100,,,99981,300
2019-06-28 09:37:33.568835713,100124,48,100062,348,100142,348,100057,448,100143,100,100034,100,100181,100,100032,100,100193,100,100031,100,100256,100,100024,100,100401,100,100011,100,100529,100,99991,100,,,99984,100,,,99981,300
2019-06-28 09:37:40.000000000,100142,268,100062,268,100143,263,100057,363,100181,263,100034,263,100193,100,100032,100,100256,100,100031,100,100401,100,100024,100,100529,100,100011,100,,,99991,100,,,99984,100,,,99981,300
2019-06-28 09:37:46.192350079,100142,268,100062,268,100143,263,100057,363,100181,263,100034,263,100193,100,100032,100,100256,100,100031,100,100401,100,100024,100,100472,100,100011,100,100529,100,99991,100,,,99984,100,,,99981,300
2019-06-28 09:37:50.000000000,100142,199,100062,199,100143,199,100057,299,100181,199,100034,199,100193,199,100032,199,100256,199,100031,199,100401,100,100024,100,100472,100,100011,100,100529,100,99991,100,,,99984,100,,,99981,300
2019-06-28 09:38:00.000000000,100142,348,100062,348,100143,348,100057,448,100181,100,100034,100,100193,100,100032,100,100256,100,100031,100,100401,100,100024,100,100472,100,100011,100,100529,100,99991,100,,,99984,100,,,99981,300
2019-06-28 09:38:10.000000000,100142,224,100062,224,100143,224,100057,324,100181,224,100034,224,100193,224,100032,224,100256,100,100031,100,100401,100,100024,100,100472,100,100011,100,100529,100,99991,100,,,99984,100,,,99981,300
2019-06-28 09:38:20.000000000,100142,595,100062,595,100143,100,100057,200,100181,100,100034,100,100193,100,100032,100,100256,100,100031,100,100401,100,100024,100,100472,100,100011,100,100529,100,99991,100,,,99984,100,,,99981,300
2019-06-28 09:38:21.075774918,100124,100,100062,595,100142,595,100057,200,100143,100,100034,100,100181,100,100032,100,100193,100,100031,100,100256,100,100024,100,100401,100,100011,100,100472,100,99991,100,100529,100,99984,100,,,99981,300
2019-06-28 09:38:30.000000000,100124,595,100062,595,100142,100,100057,200,100143,100,100034,100,100181,100,100032,100,100193,100,100031,100,100256,100,100024,100,100401,100,100011,100,100472,100,99991,100,100529,100,99984,100,,,99981,300
2019-06-28 09:38:31.815523061,100124,595,100062,595,100142,100,100057,200,100143,100,100034,100,100181,100,100032,100,100193,100,100031,100,100256,100,100024,100,100401,100,100011,100,100472,100,99991,100,100529,100,99984,100,,,99981,300
2019-06-28 09:38:40.000000000,100124,595,100062,595,100142,100,100057,200,100143,100,100034,100,100181,100,100032,100,100193,100,100031,100,100256,100,100024,100,100401,100,100011,100,100472,100,99991,100,100529,100,99984,100,,,99981,300
2019-06-28 09:38:50.000000000,100124,595,100062,595,100142,100,100057,200,100143,100,100034,100,100181,100,100032,100,100193,100,100031,100,100256,100,100024,100,100401,100,100011,100,100472,100,99991,100,100529,100,99984,100,,,99981,300
2019-06-28 09:38:53.656429469,100124,595,100062,495,100142,100,100057,200,100143,100,100034,100,100181,100,100032,100,100193,100,100031,100,100256,100,100024,100,100401,100,100011,100,100472,100,99991,100,100529,100,99984,100,,,99981,300
2019-06-28 09:39:00.000000000,100124,224,100057,324,100142,224,100034,224,100143,224,100032,224,100181,224,100031,224,100193,100,100024,100,100256,100,100011,100,100401,100,99991,100,100472,100,99984,100,100529,100,99981,300,,,99980,100
2019-06-28 09:39:10.000000000,100124,224,100057,324,100142,224,100034,224,100143,224,100032,224,100181,224,100031,224,100193,100,100024,100,100256,100,100011,100,100401,100,99991,100,100472,100,99984,100,100529,100,99981,300,,,99980,100
2019-06-28 09:39:17.965621798,100124,224,100057,324,100142,224,100034,224,100143,224,100032,224,100181,224,100031,224,100193,100,100024,100,100256,100,100011,100,100401,100,99991,100,100472,100,99984,100,100529,100,99981,300,,,99980,100
2019-06-28 09:39:20.000000000,100124,199,100057,299,100142,199,100034,199,100143,199,100032,199,100181,199,100031,199,100193,199,100024,199,100256,100,100011,100,100401,100,99991,100,100472,100,99984,100,100529,100,99981,300,,,99980,100
2019-06-28 09:39:30.000000000,100124,224,100057,324,100142,224,100034,224,100143,224,100032,224,100181,224,100031,224,100193,100,100024,100,100256,100,100011,100,100401,100,99991,100,100472,100,99984,100,100529,100,99981,300,,,99980,100
2019-06-28 09:39:37.645042014,100124,224,100057,324,100142,224,100034,224,100143,224,100032,224,100181,224,100031,224,100193,100,100024,100,100256,100,100011,100,100401,100,99991,100,100472,100,99984,100,100529,100,99981,300,,,99980,100
2019-06-28 09:39:40.000000000,100124,224,100057,324,100142,224,100034,224,100143,224,100032,224,100181,224,100031,224,100193,100,100024,100,100256,100,100011,100,100401,100,99991,100,100472,100,99984,100,100529,100,99981,300,,,99980,100
2019-06-28 09:39:43.720075622,100124,224,100057,224,100142,224,100034,224,100143,224,100032,224,100181,224,100031,124,100193,100,100024,100,100256,100,100011,100,100401,100,99991,100,100472,100,99984,100,100529,100,99981,300,,,99980,100
2019-06-28 09:39:50.000000000,100124,595,100057,595,100142,100,100034,100,100143,100,100032,100,100181,100,100024,100,100193,100,100011,100,100256,100,99991,100,100401,100,99984,100,100472,100,99981,300,100529,100,99980,100,,,99977,100
2019-06-28 09:39:55.408576253,100123,100,100057,595,100124,595,100034,100,100142,100,100032,100,100143,100,100024,100,100181,100,100011,100,100193,100,99991,100,100256,100,99984,100,100401,100,99981,300,100472,100,99980,100,100529,100,99977,100
2019-06-28 09:40:00.000000000,100123,595,100057,595,100124,100,100034,100,100142,100,100032,100,100143,100,100024,100,100181,100,100011,100,100193,100,99991,100,100256,100,99984,100,100401,100,99981,300,100472,100,99980,100,100529,100,99977,100
2019-06-28 09:40:10.000000000,100123,224,100057,224,100124,224,100034,224,100142,224,100032,224,100143,224,100024,224,100181,100,100011,100,100193,100,99991,100,100256,100,99984,100,100401,100,99981,300,100472,100,99980,100,100529,100,99977,100
2019-06-28 09:40:11.198463882,100123,224,100057,224,100124,224,100034,224,100142,224,100032,224,100143,224,100024,224,100181,100,100011,100,100193,100,99991,100,100256,100,99984,100,100401,100,99981,300,100472,100,99980,100,100529,100,99977,100
2019-06-28 09:40:20.000000000,100123,199,100057,199,100124,199,100034,199,100142,199,100032,199,100143,199,100024,199,100181,199,100011,199,100193,100,99991,100,100256,100,99984,100,100401,100,99981,300,100472,100,99980,100,100529,100,99977,100
2019-06-28 09:40:30.000000000,100123,199,100057,199,100124,199,100034,199,100142,199,100032,199,100143,199,100024,199,100181,199,100011,199,100193,100,99991,100,100256,100,99984,100,100401,100,99981,300,100472,100,99980,100,100529,100,99977,100
2019-06-28 09:40:32.090430154,100123,199,100057,99,100124,199,100034,199,100142,199,100032,199,100143,199,100024,199,100181,199,100011,199,100193,100,99991,100,100256,100,99984,100,100401,100,99981,300,100472,100,99980,100,100529,100,99977,100
2019-06-28 09:40:40.000000000,100123,268,100034,268,100124,263,100032,263,100142,263,100024,263,100143,100,100011,100,100181,100,99991,100,100193,100,99984,100,100256,100,99981,300,100401,100,99980,100,100472,100,99977,100,100529,100,99970,100
2019-06-28 09:40:50.000000000,100123,268,100034,268,100124,263,100032,263,100142,263,100024,263,100143,100,100011,100,100181,100,99991,100,100193,100,99984,100,100256,100,99981,300,100401,100,99980,100,100472,100,99977,100,100529,100,99970,100
2019-06-28 09:41:00.000000000,100123,268,100034,268,100124,263,100032,263,100142,263,100024,263,100143,100,100011,100,100181,100,99991,100,100193,100,99984,100,100256,100,99981,300,100401,100,99980,100,100472,100,99977,100,100529,100,99970,100
2019-06-28 09:41:10.000000000,100123,224,100034,224,100124,224,100032,224,100142,224,100024,224,100143,224,100011,224,100181,100,99991,100,100193,100,99984,100,100256,100,99981,300,100401,100,99980,100,100472,100,99977,100,100529,100,99970,100
2019-06-28 09:41:20.000000000,100123,348,100034,348,100124,348,100032,348,100142,100,100024,100,100143,100,100011,100,100181,100,99991,100,100193,100,99984,100,100256,100,99981,300,100401,100,99980,100,100472,100,99977,100,100529,100,99970,100
2019-06-28 09:41:30.000000000,100123,224,100034,224,100124,224,100032,224,100142,224,100024,224,100143,224,100011,224,100181,100,99991,100,100193,100,99984,100,100256,100,99981,300,100401,100,99980,100,100472,100,99977,100,100529,100,99970,100
2019-06-28 09:41:40.000000000,100123,268,100034,268,100124,263,100032,263,100142,263,100024,263,100143,100,100011,100,100181,100,99991,100,100193,100,99984,100,100256,100,99981,300,100401,100,99980,100,100472,100,99977,100,100529,100,99970,100
2019-06-28 09:41:42.901330281,100123,268,100034,168,100124,263,100032,263,100142,263,100024,263,100143,100,100011,100,100181,100,99991,100,100193,100,99984,100,100256,100,99981,300,100401,100,99980,100,100472,100,99977,100,100529,100,99970,100
2019-06-28 09:41:47.683479395,100057,100,100034,168,100123,268,100032,263,100124,263,100024,263,100142,263,100011,100,100143,100,99991,100,100181,100,99984,100,100193,100,99981,300,100256,100,99980,100,100401,100,99977,100,100472,100,99970,100
2019-06-28 09:41:49.916676903,100057,100,100034,168,100123,268,100032,263,100124,263,100024,263,100142,263,100011,100,100143,100,99991,100,100181,100,99984,100,100193,100,99981,300,100256,100,99980,100,100401,100,99977,100,100472,100,99970,100
2019-06-28 09:41:50.000000000,100057,224,100032,224,100123,224,100024,224,100124,224,100011,224,100142,224,99991,224,100143,100,99984,100,100181,100,99981,300,100193,100,99980,100,100256,100,99977,100,100401,100,99970,100,100472,100,99963,100
2019-06-28 09:41:52.546458370,100057,224,100032,224,100123,224,100024,224,100124,224,100011,224,100142,224,99991,224,100143,100,99984,100,100181,100,99981,300,100193,100,99980,100,100256,100,99977,100,100401,100,99970,100,100472,100,99963,100
2019-06-28 09:42:00.000000000,100057,348,100032,348,100123,348,100024,348,100124,100,100011,100,100142,100,99991,100,100143,100,99984,100,100181,100,99981,300,100193,100,99980,100,100256,100,99977,100,100401,100,99970,100,100472,100,99963,100
2019-06-28 09:42:02.827728367,100057,348,100032,348,100123,248,100024,348,100124,100,100011,100,100142,100,99991,100,100143,100,99984,100,100181,100,99981,300,100193,100,99980,100,100256,100,99977,100,100401,100,99970,100,100472,100,99963,100
2019-06-28 09:42:10.000000000,100057,268,100032,268,100124,263,100024,263,100142,263,100011,263,100143,100,99991,100,100181,100,99984,100,100193,100,99981,300,100256,100,99980,100,100401,100,99977,100,100472,100,99970,100,100529,100,99963,100
2019-06-28 09:42:11.787124527,100057,268,100032,168,100124,263,100024,263,100142,263,100011,263,100143,100,99991,100,100181,100,99984,100,100193,100,99981,300,100256,100,99980,100,100401,100,99977,100,100472,100,99970,100,100529,100,99963,100
2019-06-28 09:42:16.005506042,100057,268,100032,68,100124,263,100024,263,100142,263,100011,263,100143,100,99991,100,100181,100,99984,100,100193,100,99981,300,100256,100,99980,100,100401,100,99977,100,100472,100,99970,100,100529,100,99963,100
2019-06-28 09:42:16.477861962,100032,32,100024,263,100057,268,100011,263,100124,263,99991,100,100142,263,99984,100,100143,100,99981,300,100181,100,99980,100,100193,100,99977,100,100256,100,99970,100,100401,100,99963,100,100472,100,99961,100
2019-06-28 09:42:20.000000000,100032,527,100024,595,100057,100,100011,100,100124,100,99991,100,100142,100,99984,100,100143,100,99981,300,100181,100,99980,100,100193,100,99977,100,100256,100,99970,100,100401,100,99963,100,100472,100,99961,100
2019-06-28 09:42:30.000000000,100032,131,100024,199,100057,199,100011,199,100124,199,99991,199,100142,199,99984,199,100143,199,99981,399,100181,100,99980,100,100193,100,99977,100,100256,100,99970,100,100401,100,99963,100,100472,100,99961,100
2019-06-28 09:42:40.000000000,100032,131,100024,199,100057,199,100011,199,100124,199,99991,199,100142,199,99984,199,100143,199,99981,399,100181,100,99980,100,100193,100,99977,100,100256,100,99970,100,100401,100,99963,100,100472,100,99961,100
2019-06-28 09:42:47.189415515,100032,131,100024,199,100057,199,100011,199,100124,199,99991,199,100142,199,99984,199,100143,199,99981,399,100181,100,99980,100,100193,100,99977,100,100401,100,99970,100,100472,100,99963,100,100529,100,99961,100
2019-06-28 09:42:50.000000000,100032,280,100024,348,100057,348,100011,348,100124,100,99991,100,100142,100,99984,100,100143,100,99981,300,100181,100,99980,100,100193,100,99977,100,100401,100,99970,100,100472,100,99963,100,100529,100,99961,100
2019-06-28 09:43:00.000000000,100032,527,100024,595,100057,100,100011,100,100124,100,99991,100,100142,100,99984,100,100143,100,99981,300,100181,100,99980,100,100193,100,99977,100,100401,100,99970,100,100472,100,99963,100,100529,100,99961,100
2019-06-28 09:43:05.130634395,100032,527,100024,595,100057,100,100011,100,100122,100,99991,100,100124,100,99984,100,100142,100,99981,300,100143,100,99980,100,100181,100,99977,100,100193,100,99970,100,100401,100,99963,100,100472,100,99961,100
2019-06-28 09:43:08.146773361,100032,527,100024,495,100057,100,100011,100,100122,100,99991,100,100124,100,99984,100,100142,100,99981,300,100143,100,99980,100,100181,100,99977,100,100193,100,99970,100,100401,100,99963,100,100472,100,99961,100
2019-06-28 09:43:09.595019351,100032,527,100024,495,100057,100,100011,100,100122,100,99991,100,100124,100,99984,100,100142,100,99981,300,100143,100,99980,100,100181,100,99977,100,100193,100,99970,100,100472,100,99963,100,100529,100,99961,100
2019-06-28 09:43:10.000000000,100032,280,100011,348,100057,348,99991,348,100122,100,99984,100,100124,100,99981,300,100142,100,99980,100,100143,100,99977,100,100181,100,99970,100,100193,100,99963,100,100472,100,99961,100,100529,100,99957,100
2019-06-28 09:43:14.514985913,100032,280,100011,248,100057,348,99991,348,100122,100,99984,100,100124,100,99981,300,100142,100,99980,100,100143,100,99977,100,100181,100,99970,100,100193,100,99963,100,100472,100,99961,100,100529,100,99956,100
2019-06-28 09:43:20.000000000,100032,280,99991,348,100057,348,99984,348,100122,100,99981,300,100124,100,99980,100,100142,100,99977,100,100143,100,99970,100,100181,100,99963,100,100193,100,99961,100,100472,100,99956,100,100529,100,99951,100
2019-06-28 09:43:30.000000000,100032,280,99991,348,100057,348,99984,348,100122,100,99981,300,100124,100,99980,100,100142,100,99977,100,100143,100,99970,100,100181,100,99963,100,100193,100,99961,100,100472,100,99956,100,100529,100,99951,100
2019-06-28 09:43:33.630297600,100032,280,99991,348,100057,348,99984,348,100061,100,99981,300,100122,100,99980,100,100124,100,99977,100,100142,100,99970,100,100143,100,99963,100,100181,100,99961,100,100193,100,99956,100,100472,100,99951,100
2019-06-28 09:43:33.739291632,100032,280,100012,100,100057,348,99991,348,100061,100,99984,348,100122,100,99981,200,100124,100,99980,100,100142,100,99977,100,100143,100,99970,100,100181,100,99963,100,100193,100,99961,100,100472,100,99956,100
2019-06-28 09:43:40.000000000,100032,527,100012,595,100057,100,99991,100,100061,100,99984,100,100122,100,99981,200,100124,100,99980,100,100142,100,99977,100,100143,100,99970,100,100181,100,99963,100,100193,100,99961,100,100472,100,99956,100
2019-06-28 09:43:50.000000000,100032,527,100012,595,100057,100,99991,100,100061,100,99984,100,100122,100,99981,200,100124,100,99980,100,100142,100,99977,100,100143,100,99970,100,100181,100,99963,100,100193,100,99961,100,100472,100,99956,100
2019-06-28 09:44:00.000000000,100032,156,100012,224,100057,224,99991,224,100061,224,99984,224,100122,224,99981,324,100124,100,99980,100,100142,100,99977,100,100143,100,99970,100,100181,100,99963,100,100193,100,99961,100,100472,100,99956,100
2019-06-28 09:44:10.000000000,100032,527,100012,595,100057,100,99991,100,100061,100,99984,100,100122,100,99981,200,100124,100,99980,100,100142,100,99977,100,100143,100,99970,100,100181,100,99963,100,100193,100,99961,100,100472,100,99956,100
2019-06-28 09:44:20.000000000,100032,131,100012,199,100057,199,99991,199,100061,199,99984,199,100122,199,99981,299,100124,199,99980,199,100142,100,99977,100,100143,100,99970,100,100181,100,99963,100,100193,100,99961,100,100472,100,99956,100
2019-06-28 09:44:20.543879183,100032,131,100012,199,100057,199,99991,199,100061,199,99984,199,100122,199,99981,299,100124,199,99980,199,100142,100,99977,100,100143,100,99970,100,100181,100,99963,100,100193,100,99961,100,100472,100,99956,100
2019-06-28 09:44:30.000000000,100032,131,100012,199,100057,199,99991,199,100061,199,99984,199,100122,199,99981,299,100124,199,99980,199,100142,100,99977,100,100143,100,99970,100,100181,100,99963,100,100193,100,99961,100,100472,100,99956,100
2019-06-28 09:44:31.901573229,100032,131,100025,100,100057,199,100012,199,100061,199,99991,199,100122,199,99984,199,100124,199,99981,299,100142,100,99980,99,100143,100,99977,100,100181,100,99970,100,100193,100,99963,100,100472,100,99961,100
2019-06-28 09:44:34.012701022,100032,131,100025,100,100057,199,100012,199,100061,199,99991,199,100122,199,99984,199,100124,199,99981,299,100142,100,99980,99,100143,100,99977,100,100181,100,99970,100,100193,100,99963,100,100394,100,99961,100
2019-06-28 09:44:40.000000000,100032,527,100025,595,100057,100,100012,100,100061,100,99991,100,100122,100,99984,100,100124,100,99981,200,100142,100,99977,100,100143,100,99970,100,100181,100,99963,100,100193,100,99961,100,100394,100,99956,100
2019-06-28 09:44:50.000000000,100032,280,100025,348,100057,348,100012,348,100061,100,99991,100,100122,100,99984,100,100124,100,99981,200,100142,100,99977,100,100143,100,99970,100,100181,100,99963,100,100193,100,99961,100,100394,100,99956,100
2019-06-28 09:45:00.000000000,100032,156,100025,224,100057,224,100012,224,100061,224,99991,224,100122,224,99984,224,100124,100,99981,200,100142,100,99977,100,100143,100,99970,100,100181,100,99963,100,100193,100,99961,100,100394,100,99956,100
2019-06-28 09:45:06.430754675,100032,56,100025,224,100057,224,100012,224,100061,224,99991,224,100122,224,99984,224,100124,100,99981,200,100142,100,99977,100,100143,100,99970,100,100181,100,99963,100,100193,100,99961,100,100394,100,99956,100
2019-06-28 09:45:10.000000000,100057,224,100025,224,100061,224,100012,224,100122,224,99991,224,100124,224,99984,224,100142,100,99981,200,100143,100,99977,100,100181,100,99970,100,100193,100,99963,100,100394,100,99961,100,100472,100,99956,100
2019-06-28 09:45:13.878134990,100057,124,100025,224,100061,224,100012,224,100122,224,99991,124,100124,224,99984,224,100142,100,99981,200,100143,100,99977,100,100181,100,99970,100,100193,100,99963,100,100394,100,99961,100,100472,100,99956,100
2019-06-28 09:45:20.000000000,100061,268,100025,268,100122,263,100012,263,100124,263,99984,263,100142,100,99981,200,100143,100,99977,100,100181,100,99970,100,100193,100,99963,100,100394,100,99961,100,100472,100,99956,100,100529,100,99951,100
2019-06-28 09:45:29.158610132,100061,168,100025,268,100122,263,100012,263,100124,263,99984,263,100142,100,99981,200,100143,100,99977,100,100181,100,99970,100,100193,100,99963,100,100394,100,99961,100,100472,100,99956,100,100529,100,99951,100
2019-06-28 09:45:30.000000000,100122,348,100025,348,100124,348,100012,348,100142,100,99984,100,100143,100,99981,200,100181,100,99977,100,100193,100,99970,100,100394,100,99963,100,100472,100,99961,100,100529,100,99956,100,,,99951,100
2019-06-28 09:45:35.456731395,100122,248,100025,348,100124,348,100012,348,100142,100,99984,100,100143,100,99981,200,100181,100,99977,100,100193,100,99970,100,100394,100,99963,100,100472,100,99961,100,100529,100,99956,100,,,99951,100
2019-06-28 09:45:40.000000000,100124,199,100025,199,100142,199,100012,199,100143,199,99984,199,100181,199,99981,299,100193,199,99977,199,100394,100,99970,100,100472,100,99963,100,100529,100,99961,100,,,99956,100,,,99951,100
2019-06-28 09:45:50.000000000,100124,268,100025,268,100142,263,100012,263,100143,263,99984,263,100181,100,99981,200,100193,100,99977,100,100394,100,99970,100,100472,100,99963,100,100529,100,99961,100,,,99956,100,,,99951,100
2019-06-28 09:45:51.400123679,100124,168,100025,268,100142,263,100012,263,100143,263,99984,263,100181,100,99981,200,100193,100,99977,100,100394,100,99970,100,100472,100,99963,100,100529,100,99961,100,,,99956,100,,,99951,100
2019-06-28 09:46:00.000000000,100142,199,100025,199,100143,199,100012,199,100181,199,99984,199,100193,199,99981,299,100394,199,99977,199,100472,100,99970,100,100529,100,99963,100,,,99961,100,,,99956,100,,,99951,100
2019-06-28 09:46:10.000000000,100142,595,100025,595,100143,100,100012,100,100181,100,99984,100,100193,100,99981,200,100394,100,99977,100,100472,100,99970,100,100529,100,99963,100,,,99961,100,,,99956,100,,,99951,100
2019-06-28 09:46:12.990694823,100142,495,100025,595,100143,100,100012,100,100181,100,99981,200,100193,100,99977,100,100394,100,99970,100,100472,100,99963,100,100529,100,99961,100,,,99956,100,,,99951,100,,,99937,100
2019-06-28 09:46:16.550695503,100142,495,100025,595,100143,100,100012,100,100181,100,99981,200,100193,100,99977,100,100394,100,99970,100,100472,100,99963,100,100529,100,99961,100,100728,100,99956,100,,,99951,100,,,99937,100
2019-06-28 09:46:20.000000000,100143,224,100025,224,100181,224,100012,224,100193,224,99981,324,100394,224,99977,224,100472,100,99970,100,100529,100,99963,100,100728,100,99961,100,,,99956,100,,,99951,100,,,99937,100
2019-06-28 09:46:20.697245801,100143,224,100025,224,100181,224,100012,224,100193,224,99981,324,100394,224,99977,224,100472,100,99970,100,100529,100,99963,100,100551,100,99961,100,100728,100,99956,100,,,99951,100,,,99937,100
2019-06-28 09:46:27.396381244,100143,124,100025,224,100181,224,100012,224,100193,224,99981,324,100394,224,99977,224,100472,100,99970,100,100529,100,99963,100,100551,100,99961,100,100728,100,99956,100,,,99951,100,,,99937,100
2019-06-28 09:46:30.000000000,100181,199,100025,199,100193,199,100012,199,100394,199,99981,299,100472,199,99977,199,100529,199,99970,199,100551,100,99963,100,100728,100,99961,100,,,99956,100,,,99951,100,,,99937,100
2019-06-28 09:46:40.000000000,100181,224,100025,224,100193,224,100012,224,100394,224,99981,324,100472,224,99977,224,100529,100,99970,100,100551,100,99963,100,100728,100,99961,100,,,99956,100,,,99951,100,,,99937,100
2019-06-28 09:46:50.000000000,100181,595,100025,595,100193,100,100012,100,100394,100,99981,200,100472,100,99977,100,100529,100,99970,100,100551,100,99963,100,100728,100,99961,100,,,99956,100,,,99951,100,,,99937,100
2019-06-28 09:46:50.387869676,100181,495,100025,595,100193,100,100012,100,100394,100,99981,200,100472,100,99977,100,100529,100,99970,100,100551,100,99963,100,100728,100,99961,100,,,99956,100,,,99951,100,,,99937,100
2019-06-28 09:47:00.000000000,100193,268,100025,268,100394,263,100012,263,100472,263,99981,363,100529,100,99977,100,100551,100,99970,100,100728,100,99963,100,,,99961,100,,,99956,100,,,99951,100,,,99937,100
2019-06-28 09:47:05.649684896,100193,168,100025,268,100394,263,100012,263,100472,263,99981,363,100529,100,99977,100,100551,100,99970,100,100728,100,99963,100,,,99961,100,,,99956,100,,,99951,100,,,99937,100
2019-06-28 09:47:09.631731335,100193,68,100025,268,100394,263,100012,263,100472,263,99981,363,100529,100,99977,100,100551,100,99970,100,100728,100,99963,100,,,99961,100,,,99956,100,,,99951,100,,,99937,100
2019-06-28 09:47:10.000000000,100394,224,100025,224,100472,224,100012,224,100529,224,99981,324,100551,224,99977,224,100728,100,99970,100,,,99963,100,,,99961,100,,,99956,100,,,99951,100,,,99937,100
2019-06-28 09:47:20.000000000,100394,348,100025,348,100472,348,100012,348,100529,100,99981,200,100551,100,99977,100,100728,100,99970,100,,,99963,100,,,99961,100,,,99956,100,,,99951,100,,,99937,100
2019-06-28 09:47:24.793698261,100394,348,100301,100,100472,248,100025,348,100529,100,100012,348,100551,100,99981,200,100728,100,99977,100,,,99970,100,,,99963,100,,,99961,100,,,99956,100,,,99951,100
2019-06-28 09:47:30.000000000,100394,268,100301,268,100529,263,100025,263,100551,263,100012,263,100728,100,99981,200,,,99977,100,,,99970,100,,,99963,100,,,99961,100,,,99956,100,,,99951,100
2019-06-28 09:47:40.000000000,100394,595,100301,595,100529,100,100025,100,100551,100,100012,100,100728,100,99981,200,,,99977,100,,,99970,100,,,99963,100,,,99961,100,,,99956,100,,,99951,100
2019-06-28 09:47:42.986216980,100394,495,100301,595,100529,100,100025,100,100551,100,100012,100,100728,100,99981,200,,,99977,100,,,99970,100,,,99963,100,,,99961,100,,,99956,100,,,99951,100
2019-06-28 09:47:50.000000000,100529,348,100301,348,100551,348,100025,348,100728,100,100012,100,,,99981,200,,,99977,100,,,99970,100,,,99963,100,,,99961,100,,,99956,100,,,99951,100
2019-06-28 09:48:00.000000000,100529,595,100301,595,100551,100,100025,100,100728,100,100012,100,,,99981,200,,,99977,100,,,99970,100,,,99963,100,,,99961,100,,,99956,100,,,99951,100
2019-06-28 09:48:10.000000000,100529,268,100301,268,100551,263,100025,263,100728,263,100012,263,,,99981,200,,,99977,100,,,99970,100,,,99963,100,,,99961,100,,,99956,100,,,99951,100
2019-06-28 09:48:20.000000000,100529,348,100301,348,100551,348,100025,348,100728,100,100012,100,,,99981,200,,,99977,100,,,99970,100,,,99963,100,,,99961,100,,,99956,100,,,99951,100
2019-06-28 09:48:30.000000000,100529,348,100301,348,100551,348,100025,348,100728,100,100012,100,,,99981,200,,,99977,100,,,99970,100,,,99963,100,,,99961,100,,,99956,100,,,99951,100
2019-06-28 09:48:40.000000000,100529,348,100301,348,100551,348,100025,348,100728,100,100012,100,,,99981,200,,,99977,100,,,99970,100,,,99963,100,,,99961,100,,,99956,100,,,99951,100
2019-06-28 09:48:49.444939196,100308,100,100301,348,100529,348,100025,348,100551,348,100012,100,100728,100,99981,200,,,99977,100,,,99970,100,,,99963,100,,,99961,100,,,99956,100,,,99951,100
2019-06-28 09:48:50.000000000,100308,224,100301,224,100529,224,100025,224,100551,224,100012,224,100728,224,99981,324,,,99977,100,,,99970,100,,,99963,100,,,99961,100,,,99956,100,,,99951,100
2019-06-28 09:49:00.000000000,100308,595,100301,595,100529,100,100025,100,100551,100,100012,100,100728,100,99981,200,,,99977,100,,,99970,100,,,99963,100,,,99961,100,,,99956,100,,,99951,100
2019-06-28 09:49:06.713076501,100308,595,100301,595,100529,100,100275,100,100551,100,100025,100,100728,100,100012,100,,,99981,200,,,99977,100,,,99970,100,,,99963,100,,,99961,100,,,99956,100
2019-06-28 09:49:10.000000000,100308,348,100301,348,100529,348,100275,348,100551,100,100025,100,100728,100,100012,100,,,99981,200,,,99977,100,,,99970,100,,,99963,100,,,99961,100,,,99956,100
2019-06-28 09:49:20.000000000,100308,348,100301,348,100529,348,100275,348,100551,100,100025,100,100728,100,100012,100,,,99981,200,,,99977,100,,,99970,100,,,99963,100,,,99961,100,,,99956,100
2019-06-28 09:49:22.584334679,100308,348,100301,348,100529,348,100275,348,100551,100,100051,100,100728,100,100025,100,,,100012,100,,,99981,200,,,99977,100,,,99970,100,,,99963,100,,,99961,100
2019-06-28 09:49:30.000000000,100308,268,100301,268,100529,263,100275,263,100551,263,100051,263,100728,100,100025,100,,,100012,100,,,99981,200,,,99977,100,,,99970,100,,,99963,100,,,99961,100
2019-06-28 09:49:40.000000000,100308,268,100301,268,100529,263,100275,263,100551,263,100051,263,100728,100,100025,100,,,100012,100,,,99981,200,,,99977,100,,,99970,100,,,99963,100,,,99961,100
2019-06-28 09:49:50.000000000,100308,224,100301,224,100529,224,100275,224,100551,224,100051,224,100728,224,100025,224,,,100012,100,,,99981,200,,,99977,100,,,99970,100,,,99963,100,,,99961,100
2019-06-28 09:50:00.000000000,100308,199,100301,199,100529,199,100275,199,100551,199,100051,199,100728,199,100025,199,100729,99,100012,199,,,99981,200,,,99977,100,,,99970,100,,,99963,100,,,99961,100
2019-06-28 09:50:03.362065938,100308,199,100301,199,100529,199,100275,199,100551,199,100051,199,100728,199,100025,199,100729,99,100012,199,,,99981,200,,,99977,100,,,99970,100,,,99963,100,,,99961,100
2019-06-28 09:50:10.000000000,100308,268,100301,268,100529,263,100275,263,100551,263,100051,263,100728,100,100025,100,,,100012,100,,,99981,200,,,99977,100,,,99970,100,,,99963,100,,,99961,100
2019-06-28 09:50:20.000000000,100308,199,100301,199,100529,199,100275,199,100551,199,100051,199,100728,199,100025,199,100729,99,100012,199,,,99981,200,,,99977,100,,,99970,100,,,99963,100,,,99961,100
2019-06-28 09:50:30.000000000,100308,224,100301,224,100529,224,100275,224,100551,224,100051,224,100728,224,100025,224,,,100012,100,,,99981,200,,,99977,100,,,99970,100,,,99963,100,,,99961,100
2019-06-28 09:50:40.000000000,100308,199,100301,199,100529,199,100275,199,100551,199,100051,199,100728,199,100025,199,100729,99,100012,199,,,99981,200,,,99977,100,,,99970,100,,,99963,100,,,99961,100
2019-06-28 09:50:50.000000000,100308,595,100301,595,100529,100,100275,100,100551,100,100051,100,100728,100,100025,100,,,100012,100,,,99981,200,,,99977,100,,,99970,100,,,99963,100,,,99961,100
2019-06-28 09:50:58.999931961,100308,595,100301,495,100529,100,100275,100,100551,100,100051,100,100728,100,100025,100,,,100012,100,,,99981,200,,,99977,100,,,99970,100,,,99963,100,,,99961,100
2019-06-28 09:51:00.000000000,100308,199,100275,199,100529,199,100051,199,100551,199,100025,199,100728,199,100012,199,100729,99,99981,299,,,99977,100,,,99970,100,,,99963,100,,,99961,100,,,99951,100
2019-06-28 09:51:10.000000000,100308,199,100275,199,100529,199,100051,199,100551,199,100025,199,100728,199,100012,199,100729,99,99981,299,,,99977,100,,,99970,100,,,99963,100,,,99961,100,,,99951,100
2019-06-28 09:51:20.000000000,100308,268,100275,268,100529,263,100051,263,100551,263,100025,263,100728,100,100012,100,,,99981,200,,,99977,100,,,99970,100,,,99963,100,,,99961,100,,,99951,100
2019-06-28 09:51:22.761228794,100308,268,100302,100,100529,263,100275,268,100551,263,100051,263,100728,100,100025,263,,,100012,100,,,99981,200,,,99977,100,,,99970,100,,,99963,100,,,99961,100
2019-06-28 09:51:30.000000000,100308,595,100302,595,100529,100,100275,100,100551,100,100051,100,100728,100,100025,100,,,100012,100,,,99981,200,,,99977,100,,,99970,100,,,99963,100,,,99961,100
2019-06-28 09:51:40.000000000,100308,199,100302,199,100529,199,100275,199,100551,199,100051,199,100728,199,100025,199,100729,99,100012,199,,,99981,200,,,99977,100,,,99970,100,,,99963,100,,,99961,100
2019-06-28 09:51:50.000000000,100308,224,100302,224,100529,224,100275,224,100551,224,100051,224,100728,224,100025,224,,,100012,100,,,99981,200,,,99977,100,,,99970,100,,,99963,100,,,99961,100
2019-06-28 09:52:00.000000000,100308,268,100302,268,100529,263,100275,263,100551,263,100051,263,100728,100,100025,100,,,100012,100,,,99981,200,,,99977,100,,,99970,100,,,99963,100,,,99961,100
2019-06-28 09:52:10.000000000,100308,224,100302,224,100529,224,100275,224,100551,224,100051,224,100728,224,100025,224,,,100012,100,,,99981,200,,,99977,100,,,99970,100,,,99963,100,,,99961,100
2019-06-28 09:52:11.228990329,100308,224,100302,124,100529,224,100275,124,100551,224,100051,224,100728,224,100025,224,,,100012,100,,,99981,200,,,99977,100,,,99970,100,,,99963,100,,,99961,100
2019-06-28 09:52:18.495101159,100308,224,100302,24,100529,224,100275,124,100551,224,100051,224,100728,224,100025,224,,,100012,100,,,99981,200,,,99977,100,,,99970,100,,,99963,100,,,99961,100
2019-06-28 09:52:20.000000000,100308,224,100051,224,100529,224,100025,224,100551,224,100012,224,100728,224,99981,324,,,99977,100,,,99970,100,,,99963,100,,,99961,100,,,99951,100,,,99937,100
2019-06-28 09:52:26.350184300,100308,224,100051,224,100529,224,100025,224,100551,224,100012,224,100728,224,99981,324,,,99977,100,,,99970,100,,,99963,100,,,99961,100,,,99951,100,,,99937,100
2019-06-28 09:52:30.000000000,100308,199,100051,199,100529,199,100025,199,100551,199,100012,199,100728,199,99981,299,100729,99,99977,199,,,99970,100,,,99963,100,,,99961,100,,,99951,100,,,99937,100
2019-06-28 09:52:34.546412479,100308,199,100051,199,100529,199,100025,199,100551,199,100012,199,100728,199,99981,299,100729,99,99977,199,,,99970,100,,,99963,100,,,99961,100,,,99951,100,,,99937,100
2019-06-28 09:52:40.000000000,100308,199,100051,199,100529,199,100025,199,100551,199,100012,199,100728,199,99981,299,100729,99,99977,199,,,99970,100,,,99963,100,,,99961,100,,,99951,100,,,99937,100
2019-06-28 09:52:50.000000000,100308,224,100051,224,100529,224,100025,224,100551,224,100012,224,100728,224,99981,324,,,99977,100,,,99970,100,,,99963,100,,,99961,100,,,99951,100,,,99937,100
2019-06-28 09:52:53.044024972,100308,224,100051,124,100529,224,100025,224,100551,224,100012,224,100728,224,99981,324,,,99977,100,,,99970,100,,,99963,100,,,99961,100,,,99951,100,,,99937,100
2019-06-28 09:52:53.323421737,100302,100,100051,124,100308,224,100025,224,100529,224,100012,224,100551,224,99981,324,100728,224,99977,100,,,99970,100,,,99963,100,,,99961,100,,,99951,100,,,99937,100
2019-06-28 09:52:53.980749619,100302,100,100051,124,100308,224,100025,224,100529,224,100012,224,100551,224,99981,324,100728,224,99977,100,,,99963,100,,,99961,100,,,99951,100,,,99937,100,,,99906,100
2019-06-28 09:53:00.000000000,100302,348,100025,348,100308,348,100012,348,100529,100,99981,200,100551,100,99977,100,100728,100,99963,100,,,99961,100,,,99951,100,,,99937,100,,,99906,100,,,99903,100
2019-06-28 09:53:06.026997699,100302,348,100025,348,100308,348,100012,348,100529,100,99981,200,100551,100,99977,100,100728,100,99963,100,,,99961,100,,,99951,100,,,99937,100,,,99906,100,,,99903,100
2019-06-28 09:53:10.000000000,100302,595,100025,595,100308,100,100012,100,100529,100,99981,200,100551,100,99977,100,100728,100,99963,100,,,99961,100,,,99951,100,,,99937,100,,,99906,100,,,99903,100
2019-06-28 09:53:20.000000000,100302,224,100025,224,100308,224,100012,224,100529,224,99981,324,100551,224,99977,224,100728,100,99963,100,,,99961,100,,,99951,100,,,99937,100,,,99906,100,,,99903,100
2019-06-28 09:53:22.638720876,100302,224,100025,224,100308,224,100012,224,100529,224,99981,324,100551,224,99977,224,100728,100,99963,100,,,99961,100,,,99951,100,,,99937,100,,,99906,100,,,99903,100
2019-06-28 09:53:30.000000000,100302,224,100025,224,100308,224,100012,224,100529,224,99981,324,100551,224,99977,224,100728,100,99963,100,,,99961,100,,,99951,100,,,99937,100,,,99906,100,,,99903,100
2019-06-28 09:53:33.461669561,100302,224,100025,224,100308,224,100012,224,100529,224,99981,324,100551,224,99977,224,100728,100,99963,100,,,99961,100,,,99951,100,,,99937,100,,,99906,100,,,99903,100
2019-06-28 09:53:40.000000000,100302,595,100025,595,100308,100,100012,100,100529,100,99981,200,100551,100,99977,100,100728,100,99963,100,,,99961,100,,,99951,100,,,99937,100,,,99906,100,,,99903,100
2019-06-28 09:53:47.205441717,100302,595,100025,495,100308,100,100012,100,100529,100,99981,200,100551,100,99977,100,100728,100,99963,100,,,99961,100,,,99951,100,,,99937,100,,,99906,100,,,99903,100
2019-06-28 09:53:50.000000000,100302,199,100012,199,100308,199,99981,299,100529,199,99977,199,100551,199,99963,199,100728,199,99961,199,,,99951,100,,,99937,100,,,99906,100,,,99903,100,,,99859,100
2019-06-28 09:54:00.000000000,100302,348,100012,348,100308,348,99981,448,100529,100,99977,100,100551,100,99963,100,100728,100,99961,100,,,99951,100,,,99937,100,,,99906,100,,,99903,100,,,99859,100
2019-06-28 09:54:10.000000000,100302,348,100012,348,100308,348,99981,448,100529,100,99977,100,100551,100,99963,100,100728,100,99961,100,,,99951,100,,,99937,100,,,99906,100,,,99903,100,,,99859,100
2019-06-28 09:54:20.000000000,100302,595,100012,595,100308,100,99981,200,100529,100,99977,100,100551,100,99963,100,100728,100,99961,100,,,99951,100,,,99937,100,,,99906,100,,,99903,100,,,99859,100
2019-06-28 09:54:28.792928280,100302,595,100012,595,100308,100,99981,200,100529,100,99977,100,100551,100,99963,100,100728,100,99961,100,,,99951,100,,,99937,100,,,99906,100,,,99903,100,,,99859,100
2019-06-28 09:54:30.000000000,100302,199,100012,199,100308,199,99981,299,100529,199,99977,199,100551,199,99963,199,100728,199,99961,199,,,99951,100,,,99937,100,,,99906,100,,,99903,100,,,99859,100
2019-06-28 09:54:40.000000000,100302,595,100012,595,100308,100,99981,200,100529,100,99977,100,100551,100,99963,100,100728,100,99961,100,,,99951,100,,,99937,100,,,99906,100,,,99903,100,,,99859,100
2019-06-28 09:54:40.724568477,100302,595,100012,595,100308,100,99981,200,100529,100,99977,100,100551,100,99963,100,,,99961,100,,,99951,100,,,99937,100,,,99906,100,,,99903,100,,,99859,100
2019-06-28 09:54:50.000000000,100302,268,100012,268,100308,263,99981,363,100529,263,99977,263,100551,100,99963,100,,,99961,100,,,99951,100,,,99937,100,,,99906,100,,,99903,100,,,99859,100
2019-06-28 09:55:00.000000000,100302,199,100012,199,100308,199,99981,299,100529,199,99977,199,100551,199,99963,199,100552,99,99961,199,,,99951,100,,,99937,100,,,99906,100,,,99903,100,,,99859,100
2019-06-28 09:55:10.000000000,100302,199,100012,199,100308,199,99981,299,100529,199,99977,199,100551,199,99963,199,100552,99,99961,199,,,99951,100,,,99937,100,,,99906,100,,,99903,100,,,99859,100
2019-06-28 09:55:10.122668539,100302,199,100012,199,100308,199,99981,199,100529,199,99977,199,100551,199,99963,199,100552,99,99961,199,,,99951,100,,,99937,100,,,99906,100,,,99903,100,,,99859,100
2019-06-28 09:55:20.000000000,100302,268,100012,268,100308,263,99981,263,100529,263,99977,263,100551,100,99963,100,,,99961,100,,,99951,100,,,99937,100,,,99906,100,,,99903,100,,,99859,100
2019-06-28 09:55:30.000000000,100302,348,100012,348,100308,348,99981,348,100529,100,99977,100,100551,100,99963,100,,,99961,100,,,99951,100,,,99937,100,,,99906,100,,,99903,100,,,99859,100
2019-06-28 09:55:40.000000000,100302,224,100012,224,100308,224,99981,224,100529,224,99977,224,100551,224,99963,224,,,99961,100,,,99951,100,,,99937,100,,,99906,100,,,99903,100,,,99859,100
2019-06-28 09:55:43.398969683,100302,224,100012,224,100308,224,99981,224,100529,224,99977,224,100551,224,99963,224,,,99961,100,,,99951,100,,,99937,100,,,99906,100,,,99903,100,,,99859,100
2019-06-28 09:55:50.000000000,100302,199,100012,199,100308,199,99981,199,100529,199,99977,199,100551,199,99963,199,100552,99,99961,199,,,99951,100,,,99937,100,,,99906,100,,,99903,100,,,99859,100
2019-06-28 09:55:56.552200231,100051,100,100012,199,100302,199,99981,99,100308,199,99977,199,100529,199,99963,199,100551,199,99961,199,100552,99,99951,100,,,99937,100,,,99906,100,,,99903,100,,,99859,100
2019-06-28 09:56:00.000000000,100051,595,100012,595,100302,100,99977,100,100308,100,99963,100,100529,100,99961,100,100551,100,99951,100,,,99937,100,,,99906,100,,,99903,100,,,99859,100,,,99840,100
2019-06-28 09:56:10.000000000,100051,348,100012,348,100302,348,99977,348,100308,100,99963,100,100529,100,99961,100,100551,100,99951,100,,,99937,100,,,99906,100,,,99903,100,,,99859,100,,,99840,100
2019-06-28 09:56:20.000000000,100051,268,100012,268,100302,263,99977,263,100308,263,99963,263,100529,100,99961,100,100551,100,99951,100,,,99937,100,,,99906,100,,,99903,100,,,99859,100,,,99840,100
2019-06-28 09:56:27.770215830,100051,268,100012,268,100302,263,99977,263,100308,263,99963,263,100529,100,99961,100,100551,100,99951,100,,,99937,100,,,99903,100,,,99859,100,,,99840,100,,,99809,100
2019-06-28 09:56:30.000000000,100051,348,100012,348,100302,348,99977,348,100308,100,99963,100,100529,100,99961,100,100551,100,99951,100,,,99937,100,,,99903,100,,,99859,100,,,99840,100,,,99809,100
2019-06-28 09:56:38.793453881,100051,348,100012,248,100302,348,99977,348,100308,100,99963,100,100529,100,99961,100,100551,100,99951,100,,,99937,100,,,99903,100,,,99859,100,,,99840,100,,,99809,100
2019-06-28 09:56:40.000000000,100051,199,99977,199,100302,199,99963,199,100308,199,99961,199,100529,199,99951,199,100551,199,99937,199,,,99903,100,,,99859,100,,,99840,100,,,99809,100,,,99781,100
2019-06-28 09:56:50.000000000,100051,595,99977,595,100302,100,99963,100,100308,100,99961,100,100529,100,99951,100,100551,100,99937,100,,,99903,100,,,99859,100,,,99840,100,,,99809,100,,,99781,100
2019-06-28 09:56:58.905447611,100025,100,99977,595,100051,595,99963,100,100302,100,99961,100,100308,100,99951,100,100529,100,99937,100,100551,100,99903,100,,,99859,100,,,99840,100,,,99809,100,,,99781,100
2019-06-28 09:57:00.000000000,100025,199,99977,199,100051,199,99963,199,100302,199,99961,199,100308,199,99951,199,100529,199,99937,199,100551,100,99903,100,,,99859,100,,,99840,100,,,99809,100,,,99781,100
2019-06-28 09:57:10.000000000,100025,199,99977,199,100051,199,99963,199,100302,199,99961,199,100308,199,99951,199,100529,199,99937,199,100551,100,99903,100,,,99859,100,,,99840,100,,,99809,100,,,99781,100
2019-06-28 09:57:19.387326223,100025,299,99977,199,100051,199,99963,199,100302,199,99961,199,100308,199,99951,199,100529,199,99937,199,100551,100,99903,100,,,99859,100,,,99840,100,,,99809,100,,,99781,100
2019-06-28 09:57:20.000000000,100025,368,99977,268,100051,263,99963,263,100302,263,99961,263,100308,100,99951,100,100529,100,99937,100,100551,100,99903,100,,,99859,100,,,99840,100,,,99809,100,,,99781,100
2019-06-28 09:57:30.000000000,100025,695,99977,595,100051,100,99963,100,100302,100,99961,100,100308,100,99951,100,100529,100,99937,100,100551,100,99903,100,,,99859,100,,,99840,100,,,99809,100,,,99781,100
2019-06-28 09:57:40.000000000,100025,448,99977,348,100051,348,99963,348,100302,100,99961,100,100308,100,99951,100,100529,100,99937,100,100551,100,99903,100,,,99859,100,,,99840,100,,,99809,100,,,99781,100
2019-06-28 09:57:45.218679621,100025,448,99977,348,100051,348,99963,348,100302,100,99961,100,100308,100,99951,100,100529,100,99937,100,100551,100,99903,100,,,99859,100,,,99840,100,,,99809,100,,,99781,100
2019-06-28 09:57:50.000000000,100025,368,99977,268,100051,263,99963,263,100302,263,99961,263,100308,100,99951,100,100529,100,99937,100,100551,100,99903,100,,,99859,100,,,99840,100,,,99809,100,,,99781,100
2019-06-28 09:58:00.000000000,100025,368,99977,268,100051,263,99963,263,100302,263,99961,263,100308,100,99951,100,100529,100,99937,100,100551,100,99903,100,,,99859,100,,,99840,100,,,99809,100,,,99781,100
2019-06-28 09:58:00.508381288,100025,468,99977,268,100051,263,99963,263,100302,263,99961,263,100308,100,99951,100,100529,100,99937,100,100551,100,99903,100,,,99859,100,,,99840,100,,,99809,100,,,99781,100
2019-06-28 09:58:04.865064834,100025,468,99977,168,100051,263,99963,263,100302,263,99961,263,100308,100,99951,100,100529,100,99937,100,100551,100,99903,100,,,99859,100,,,99840,100,,,99809,100,,,99781,100
2019-06-28 09:58:10.000000000,100025,795,99963,595,100051,100,99961,100,100302,100,99951,100,100308,100,99937,100,100529,100,99903,100,100551,100,99859,100,,,99840,100,,,99809,100,,,99781,100,,,99767,100
2019-06-28 09:58:18.527976491,100025,795,99963,595,100051,100,99961,100,100302,100,99951,100,100308,100,99937,100,100529,100,99903,100,100551,100,99859,100,,,99840,100,,,99809,100,,,99781,100,,,99767,100
2019-06-28 09:58:20.000000000,100025,399,99963,199,100051,199,99961,199,100302,199,99951,199,100308,199,99937,199,100529,199,99903,199,100551,100,99859,100,,,99840,100,,,99809,100,,,99781,100,,,99767,100
2019-06-28 09:58:28.494021049,100025,399,99963,199,100051,199,99961,199,100302,199,99951,199,100308,199,99937,199,100529,199,99903,199,100551,100,99859,100,,,99840,100,,,99809,100,,,99781,100,,,99767,100
2019-06-28 09:58:30.000000000,100025,795,99963,595,100051,100,99961,100,100302,100,99951,100,100308,100,99937,100,100529,100,99903,100,100551,100,99859,100,,,99840,100,,,99809,100,,,99781,100,,,99767,100
2019-06-28 09:58:40.000000000,100025,795,99963,595,100051,100,99961,100,100302,100,99951,100,100308,100,99937,100,100529,100,99903,100,100551,100,99859,100,,,99840,100,,,99809,100,,,99781,100,,,99767,100
2019-06-28 09:58:46.007628483,100025,795,99963,495,100051,100,99961,100,100302,100,99951,100,100308,100,99937,100,100529,100,99903,100,100551,100,99859,100,,,99840,100,,,99809,100,,,99781,100,,,99767,100
2019-06-28 09:58:50.000000000,100025,399,99961,199,100051,199,99951,199,100302,199,99937,199,100308,199,99903,199,100529,199,99859,199,100551,100,99840,100,,,99809,100,,,99781,100,,,99767,100,,,99574,100
2019-06-28 09:58:57.881222820,100025,399,99961,99,100051,199,99951,199,100302,199,99937,199,100308,199,99903,199,100529,199,99859,199,100551,100,99840,100,,,99809,100,,,99781,100,,,99767,100,,,99574,100
2019-06-28 09:59:00.000000000,100025,468,99951,268,100051,263,99937,263,100302,263,99903,263,100308,100,99859,100,100529,100,99840,100,100551,100,99809,100,,,99781,100,,,99767,100,,,99574,100,,,99474,100
2019-06-28 09:59:10.000000000,100025,468,99951,268,100051,263,99937,263,100302,263,99903,263,100308,100,99859,100,100529,100,99840,100,100551,100,99809,100,,,99781,100,,,99767,100,,,99574,100,,,99474,100
2019-06-28 09:59:20.000000000,100025,468,99951,268,100051,263,99937,263,100302,263,99903,263,100308,100,99859,100,100529,100,99840,100,100551,100,99809,100,,,99781,100,,,99767,100,,,99574,100,,,99474,100
2019-06-28 09:59:30.000000000,100025,548,99951,348,100051,348,99937,348,100302,100,99903,100,100308,100,99859,100,100529,100,99840,100,100551,100,99809,100,,,99781,100,,,99767,100,,,99574,100,,,99474,100
2019-06-28 09:59:40.000000000,100025,468,99951,268,100051,263,99937,263,100302,263,99903,263,100308,100,99859,100,100529,100,99840,100,100551,100,99809,100,,,99781,100,,,99767,100,,,99574,100,,,99474,100
2019-06-28 09:59:40.764813700,100025,468,99951,168,100051,263,99937,263,100302,263,99903,263,100308,100,99859,100,100529,100,99840,100,100551,100,99809,100,,,99781,100,,,99767,100,,,99574,100,,,99474,100
2019-06-28 09:59:47.512734168,100025,468,99951,68,100051,263,99937,263,100302,263,99903,263,100308,100,99859,100,100529,100,99840,100,100551,100,99809,100,,,99781,100,,,99767,100,,,99574,100,,,99474,100
2019-06-28 09:59:48.566391307,99972,100,99951,68,100025,468,99937,263,100051,263,99903,263,100302,263,99859,100,100308,100,99840,100,100529,100,99809,100,100551,100,99781,100,,,99767,100,,,99574,100,,,99474,100
2019-06-28 09:59:50.000000000,99972,268,99937,268,100025,463,99903,263,100051,263,99859,263,100302,100,99840,100,100308,100,99809,100,100529,100,99781,100,100551,100,99767,100,,,99574,100,,,99474,100,,,99402,100
2019-06-28 09:59:50.899065542,99972,268,99937,268,100025,463,99903,263,100051,263,99859,263,100302,100,99840,100,100308,100,99809,100,100529,100,99781,100,100551,100,99767,100,,,99574,100,,,99557,100,,,99474,100
2019-06-28 09:59:55.914791451,99951,100,99937,268,99972,268,99903,263,100025,463,99859,263,100051,263,99840,100,100302,100,99809,100,100308,100,99781,100,100529,100,99767,100,100551,100,99574,100,,,99557,100,,,99474,100
2019-06-28 10:00:00.000000000,99951,199,99937,199,99972,199,99903,199,100025,399,99859,199,100051,199,99840,199,100302,199,99809,199,100308,100,99781,100,100529,100,99767,100,100551,100,99574,100,,,99557,100,,,99474,100
2019-06-28 10:00:07.944816922,99951,199,99937,99,99972,199,99903,199,100025,399,99859,199,100051,199,99840,199,100302,199,99809,199,100308,100,99781,100,100529,100,99767,100,100551,100,99574,100,,,99557,100,,,99402,100
2019-06-28 10:00:10.000000000,99951,268,99903,268,99972,263,99859,263,100025,463,99840,263,100051,100,99809,100,100302,100,99781,100,100308,100,99767,100,100529,100,99574,100,100551,100,99557,100,,,99402,100,,,99024,100
2019-06-28 10:00:18.385180302,99951,268,99903,168,99972,263,99859,263,100025,463,99840,263,100051,100,99809,100,100302,100,99781,100,100308,100,99767,100,100529,100,99574,100,100551,100,99557,100,,,99402,100,,,99024,100
2019-06-28 10:00:20.000000000,99951,268,99859,268,99972,263,99840,263,100025,463,99809,263,100051,100,99781,100,100302,100,99767,100,100308,100,99574,100,100529,100,99557,100,100551,100,99402,100,,,99024,100,,,98954,100
2019-06-28 10:00:30.000000000,99951,348,99859,348,99972,348,99840,348,100025,300,99809,100,100051,100,99781,100,100302,100,99767,100,100308,100,99574,100,100529,100,99557,100,100551,100,99402,100,,,99024,100,,,98954,100
2019-06-28 10:00:34.005128047,99951,348,99859,248,99972,348,99840,348,100025,300,99809,100,100051,100,99781,100,100302,100,99767,100,100308,100,99574,100,100529,100,99557,100,100551,100,99402,100,,,99024,100,,,98954,100
2019-06-28 10:00:40.000000000,99951,224,99840,224,99972,224,99809,224,100025,424,99781,224,100051,224,99767,224,100302,100,99574,100,100308,100,99557,100,100529,100,99402,100,100551,100,99024,100,,,98954,100,,,98804,100
2019-06-28 10:00:43.023238734,99951,224,99840,124,99972,224,99809,224,100025,424,99781,224,100051,224,99767,224,100302,100,99557,100,100308,100,99402,100,100529,100,99024,100,100551,100,98954,100,,,98804,100,,,98775,100
2019-06-28 10:00:45.319242916,99951,224,99840,124,99972,224,99809,224,100025,424,99781,224,100051,224,99767,224,100302,100,99557,100,100308,100,99402,100,100529,100,99024,100,100551,100,98954,100,,,98804,100,,,98775,100
2019-06-28 10:00:50.000000000,99951,268,99809,268,99972,263,99781,263,100025,463,99767,263,100051,100,99557,100,100302,100,99402,100,100308,100,99024,100,100529,100,98954,100,100551,100,98804,100,,,98775,100,,,98582,100
2019-06-28 10:01:00.000000000,99951,224,99809,224,99972,224,99781,224,100025,424,99767,224,100051,224,99557,224,100302,100,99402,100,100308,100,99024,100,100529,100,98954,100,100551,100,98804,100,,,98775,100,,,98582,100
2019-06-28 10:01:01.340153636,99951,224,99809,124,99972,224,99781,224,100025,424,99767,224,100051,224,99557,224,100302,100,99402,100,100308,100,99024,100,100529,100,98954,100,100551,100,98804,100,,,98775,100,,,98582,100
2019-06-28 10:01:02.634926110,99951,224,99809,24,99972,224,99781,224,100025,424,99767,224,100051,224,99557,224,100302,100,99402,100,100308,100,99024,100,100529,100,98954,100,100551,100,98804,100,,,98775,100,,,98582,100
2019-06-28 10:01:10.000000000,99951,199,99781,199,99972,199,99767,199,100025,399,99557,199,100051,199,99402,199,100302,199,99024,199,100308,100,98954,100,100529,100,98804,100,100551,100,98775,100,,,98582,100,,,98575,100
2019-06-28 10:01:20.000000000,99951,268,99781,268,99972,263,99767,263,100025,463,99557,263,100051,100,99402,100,100302,100,99024,100,100308,100,98954,100,100529,100,98804,100,100551,100,98775,100,,,98582,100,,,98575,100
2019-06-28 10:01:24.437560585,99951,268,99781,268,99972,263,99767,263,100025,463,99557,263,100051,100,99402,100,100302,100,98954,100,100308,100,98804,200,100529,100,98775,100,100551,100,98582,100,,,98575,100,,,,
2019-06-28 10:01:30.000000000,99951,595,99781,595,99972,100,99767,100,100025,300,99557,100,100051,100,99402,100,100302,100,98954,100,100308,100,98804,200,100529,100,98775,100,100551,100,98582,100,,,98575,100,,,,
2019-06-28 10:01:30.592600794,99951,595,99781,495,99972,100,99767,100,100025,300,99557,100,100051,100,99402,100,100302,100,98954,100,100308,100,98804,200,100529,100,98775,100,100551,100,98582,100,,,98575,100,,,,
2019-06-28 10:01:40.000000000,99951,224,99767,224,99972,224,99557,224,100025,424,99402,224,100051,224,98954,224,100302,100,98804,200,100308,100,98775,100,100529,100,98582,100,100551,100,98575,100,,,,,,,,
2019-06-28 10:01:43.708799387,99951,224,99767,224,99972,224,99557,224,100025,424,99402,224,100051,224,99104,100,100302,100,98954,224,100308,100,98804,200,100529,100,98775,100,100551,100,98582,100,,,98575,100,,,,
2019-06-28 10:01:50.000000000,99951,199,99767,199,99972,199,99557,199,100025,399,99402,199,100051,199,99104,199,100302,199,98954,199,100308,100,98804,200,100529,100,98775,100,100551,100,98582,100,,,98575,100,,,,
2019-06-28 10:02:00.000000000,99951,595,99767,595,99972,100,99557,100,100025,300,99402,100,100051,100,99104,100,100302,100,98954,100,100308,100,98804,200,100529,100,98775,100,100551,100,98582,100,,,98575,100,,,,
2019-06-28 10:02:10.000000000,99951,268,99767,268,99972,263,99557,263,100025,463,99402,263,100051,100,99104,100,100302,100,98954,100,100308,100,98804,200,100529,100,98775,100,100551,100,98582,100,,,98575,100,,,,
2019-06-28 10:02:20.000000000,99951,268,99767,268,99972,263,99557,263,100025,463,99402,263,100051,100,99104,100,100302,100,98954,100,100308,100,98804,200,100529,100,98775,100,100551,100,98582,100,,,98575,100,,,,
2019-06-28 10:02:30.000000000,99951,224,99767,224,99972,224,99557,224,100025,424,99402,224,100051,224,99104,224,100302,100,98954,100,100308,100,98804,200,100529,100,98775,100,100551,100,98582,100,,,98575,100,,,,
2019-06-28 10:02:40.000000000,99951,199,99767,199,99972,199,99557,199,100025,399,99402,199,100051,199,99104,199,100302,199,98954,199,100308,100,98804,200,100529,100,98775,100,100551,100,98582,100,,,98575,100,,,,
2019-06-28 10:02:43.962023754,99809,100,99767,199,99951,199,99557,199,99972,199,99402,199,100025,399,99104,199,100051,199,98954,199,100302,199,98804,200,100308,100,98775,100,100529,100,98582,100,100551,100,98575,100,,,,
2019-06-28 10:02:50.000000000,99809,199,99767,199,99951,199,99557,199,99972,199,99402,199,100025,399,99104,199,100051,199,98954,199,100302,100,98804,200,100308,100,98775,100,100529,100,98582,100,100551,100,98575,100,,,,
2019-06-28 10:02:52.088277670,99809,199,99767,99,99951,199,99557,199,99972,199,99402,199,100025,399,99104,199,100051,199,98954,199,100302,100,98804,200,100308,100,98775,100,100529,100,98582,100,100551,100,98575,100,,,,
2019-06-28 10:02:53.024701816,99809,199,99767,99,99951,199,99557,199,99972,199,99402,199,100025,399,99316,100,100051,199,99104,199,100302,100,98954,199,100308,100,98804,200,100529,100,98775,100,100551,100,98582,100,,,98575,100
2019-06-28 10:02:53.739115112,99809,199,99767,99,99951,199,99557,199,99972,199,99402,199,100025,399,99328,100,100051,199,99316,100,100302,100,99104,199,100308,100,98954,199,100529,100,98804,200,100551,100,98775,100,,,98582,100
2019-06-28 10:03:00.000000000,99809,199,99557,199,99951,199,99402,199,99972,199,99328,199,100025,399,99316,199,100051,199,99104,199,100302,100,98954,100,100308,100,98804,200,100529,100,98775,100,100551,100,98582,100,,,98575,100
2019-06-28 10:03:10.000000000,99809,268,99557,268,99951,263,99402,263,99972,263,99328,263,100025,300,99316,100,100051,100,99104,100,100302,100,98954,100,100308,100,98804,200,100529,100,98775,100,100551,100,98582,100,,,98575,100
2019-06-28 10:03:19.721675399,99757,100,99557,268,99809,268,99402,263,99951,263,99328,263,99972,263,99316,100,100025,300,99104,100,100051,100,98954,100,100302,100,98804,200,100308,100,98775,100,100529,100,98582,100,100551,100,98575,100
2019-06-28 10:03:20.000000000,99757,268,99557,268,99809,263,99402,263,99951,263,99328,263,99972,100,99316,100,100025,300,99104,100,100051,100,98954,100,100302,100,98804,200,100308,100,98775,100,100529,100,98582,100,100551,100,98575,100
2019-06-28 10:03:27.749863700,99757,168,99557,168,99809,263,99402,263,99951,263,99328,263,99972,100,99316,100,100025,300,99104,100,100051,100,98954,100,100302,100,98804,200,100308,100,98775,100,100529,100,98582,100,100551,100,98575,100
2019-06-28 10:03:30.000000000,99809,199,99402,199,99951,199,99328,199,99972,199,99316,199,100025,399,99104,199,100051,199,98954,199,100302,100,98804,200,100308,100,98775,100,100529,100,98582,100,100551,100,98575,100,,,,
2019-06-28 10:03:34.825183307,99547,100,99402,199,99809,199,99328,199,99951,199,99316,199,99972,199,99104,199,100025,399,98954,199,100051,199,98804,200,100302,100,98775,100,100308,100,98582,100,100529,100,98575,100,100551,100,,
2019-06-28 10:03:37.911729758,99809,199,99402,199,99951,199,99328,199,99972,199,99316,199,100025,399,99104,199,100051,199,98954,199,100302,100,98804,200,100308,100,98775,100,100529,100,98582,100,100551,100,98575,100,,,,
2019-06-28 10:03:40.000000000,99809,268,99402,268,99951,263,99328,263,99972,263,99316,263,100025,300,99104,100,100051,100,98954,100,100302,100,98804,200,100308,100,98775,100,100529,100,98582,100,100551,100,98575,100,,,,
2019-06-28 10:03:50.000000000,99809,199,99402,199,99951,199,99328,199,99972,199,99316,199,100025,399,99104,199,100051,199,98954,199,100302,100,98804,200,100308,100,98775,100,100529,100,98582,100,100551,100,98575,100,,,,
2019-06-28 10:04:00.000000000,99809,224,99402,224,99951,224,99328,224,99972,224,99316,224,100025,424,99104,224,100051,100,98954,100,100302,100,98804,200,100308,100,98775,100,100529,100,98582,100,100551,100,98575,100,,,,
2019-06-28 10:04:01.097128074,99809,224,99402,224,99951,224,99369,100,99972,224,99328,224,100025,424,99316,224,100051,100,99104,224,100302,100,98954,100,100308,100,98804,200,100529,100,98775,100,,,98582,100,,,98575,100
2019-06-28 10:04:03.748485178,99809,224,99402,224,99951,224,99369,100,99972,224,99328,224,100025,324,99316,224,100051,100,99104,224,100302,100,98954,100,100308,100,98804,200,100529,100,98775,100,,,98582,100,,,98575,100
2019-06-28 10:04:10.000000000,99809,199,99402,199,99951,199,99369,199,99972,199,99328,199,100025,299,99316,199,100051,199,99104,199,100302,100,98954,100,100308,100,98804,200,100529,100,98775,100,,,98582,100,,,98575,100
2019-06-28 10:04:18.823742674,99809,199,99402,99,99951,199,99369,199,99972,199,99328,199,100025,299,99316,199,100051,199,99104,199,100302,100,98954,100,100308,100,98804,200,100529,100,98775,100,,,98582,100,,,98575,100
2019-06-28 10:04:20.000000000,99809,268,99369,268,99951,263,99328,263,99972,263,99316,263,100025,200,99104,100,100051,100,98954,100,100302,100,98804,200,100308,100,98775,100,100529,100,98582,100,,,98575,100,,,,
2019-06-28 10:04:30.000000000,99809,268,99369,268,99951,263,99328,263,99972,263,99316,263,100025,200,99104,100,100051,100,98954,100,100302,100,98804,200,100308,100,98775,100,100529,100,98582,100,,,98575,100,,,,
2019-06-28 10:04:39.778553619,99809,268,99381,100,99951,263,99369,268,99972,263,99328,263,100025,200,99316,263,100051,100,99104,100,100302,100,98954,100,100308,100,98804,200,100529,100,98775,100,,,98582,100,,,98575,100
2019-06-28 10:04:40.000000000,99809,268,99381,268,99951,263,99369,263,99972,263,99328,263,100025,200,99316,100,100051,100,99104,100,100302,100,98954,100,100308,100,98804,200,100529,100,98775,100,,,98582,100,,,98575,100
2019-06-28 10:04:50.000000000,99809,595,99381,595,99951,100,99369,100,99972,100,99328,100,100025,200,99316,100,100051,100,99104,100,100302,100,98954,100,100308,100,98804,200,100529,100,98775,100,,,98582,100,,,98575,100
2019-06-28 10:05:00.000000000,99809,595,99381,595,99951,100,99369,100,99972,100,99328,100,100025,200,99316,100,100051,100,99104,100,100302,100,98954,100,100308,100,98804,200,100529,100,98775,100,,,98582,100,,,98575,100
2019-06-28 10:05:10.000000000,99809,199,99381,199,99951,199,99369,199,99972,199,99328,199,100025,299,99316,199,100051,199,99104,199,100302,100,98954,100,100308,100,98804,200,100529,100,98775,100,,,98582,100,,,98575,100
2019-06-28 10:05:20.000000000,99809,348,99381,348,99951,348,99369,348,99972,100,99328,100,100025,200,99316,100,100051,100,99104,100,100302,100,98954,100,100308,100,98804,200,100529,100,98775,100,,,98582,100,,,98575,100
2019-06-28 10:05:30.000000000,99809,199,99381,199,99951,199,99369,199,99972,199,99328,199,100025,299,99316,199,100051,199,99104,199,100302,100,98954,100,100308,100,98804,200,100529,100,98775,100,,,98582,100,,,98575,100
2019-06-28 10:05:40.000000000,99809,268,99381,268,99951,263,99369,263,99972,263,99328,263,100025,200,99316,100,100051,100,99104,100,100302,100,98954,100,100308,100,98804,200,100529,100,98775,100,,,98582,100,,,98575,100
2019-06-28 10:05:50.000000000,99809,224,99381,224,99951,224,99369,224,99972,224,99328,224,100025,324,99316,224,100051,100,99104,100,100302,100,98954,100,100308,100,98804,200,100529,100,98775,100,,,98582,100,,,98575,100
2019-06-28 10:06:00.000000000,99809,268,99381,268,99951,263,99369,263,99972,263,99328,263,100025,200,99316,100,100051,100,99104,100,100302,100,98954,100,100308,100,98804,200,100529,100,98775,100,,,98582,100,,,98575,100
2019-06-28 10:06:10.000000000,99809,224,99381,224,99951,224,99369,224,99972,224,99328,224,100025,324,99316,224,100051,100,99104,100,100302,100,98954,100,100308,100,98804,200,100529,100,98775,100,,,98582,100,,,98575,100
2019-06-28 10:06:20.000000000,99809,268,99381,268,99951,263,99369,263,99972,263,99328,263,100025,200,99316,100,100051,100,99104,100,100302,100,98954,100,100308,100,98804,200,100529,100,98775,100,,,98582,100,,,98575,100
2019-06-28 10:06:30.000000000,99809,595,99381,595,99951,100,99369,100,99972,100,99328,100,100025,200,99316,100,100051,100,99104,100,100302,100,98954,100,100308,100,98804,200,100529,100,98775,100,,,98582,100,,,98575,100
2019-06-28 10:06:32.704812239,99809,595,99438,100,99951,100,99381,595,99972,100,99369,100,100025,200,99328,100,100051,100,99316,100,100302,100,99104,100,100308,100,98954,100,100529,100,98804,200,,,98775,100,,,98582,100
2019-06-28 10:06:39.518086441,99605,100,99438,100,99809,595,99381,595,99951,100,99369,100,99972,100,99328,100,100025,200,99316,100,100051,100,99104,100,100302,100,98954,100,100308,100,98804,200,100529,100,98775,100,,,98582,100
2019-06-28 10:06:40.000000000,99605,595,99438,595,99809,100,99381,100,99951,100,99369,100,99972,100,99328,100,100025,200,99316,100,100051,100,99104,100,100302,100,98954,100,100308,100,98804,200,100529,100,98775,100,,,98582,100
2019-06-28 10:06:50.000000000,99605,268,99438,268,99809,263,99381,263,99951,263,99369,263,99972,100,99328,100,100025,200,99316,100,100051,100,99104,100,100302,100,98954,100,100308,100,98804,200,100529,100,98775,100,,,98582,100
2019-06-28 10:07:00.000000000,99605,268,99438,268,99809,263,99381,263,99951,263,99369,263,99972,100,99328,100,100025,200,99316,100,100051,100,99104,100,100302,100,98954,100,100308,100,98804,200,100529,100,98775,100,,,98582,100
2019-06-28 10:07:10.000000000,99605,268,99438,268,99809,263,99381,263,99951,263,99369,263,99972,100,99328,100,100025,200,99316,100,100051,100,99104,100,100302,100,98954,100,100308,100,98804,200,100529,100,98775,100,,,98582,100
2019-06-28 10:07:11.200908700,99605,268,99475,100,99809,263,99438,268,99951,263,99381,263,99972,100,99369,263,100025,200,99328,100,100051,100,99316,100,100302,100,99104,100,100308,100,98954,100,100529,100,98804,200,,,98775,100
2019-06-28 10:07:12.332908502,99605,168,99475,100,99809,263,99438,268,99951,263,99381,263,99972,100,99369,263,100025,200,99328,100,100051,100,99316,100,100302,100,98954,100,100308,100,98804,200,100529,100,98775,100,,,98582,100
2019-06-28 10:07:17.431211493,99605,168,99475,100,99658,100,99438,268,99809,263,99381,263,99951,263,99369,263,99972,100,99328,100,100025,200,99316,100,100051,100,98954,100,100302,100,98804,200,100308,100,98775,100,100529,100,98582,100
2019-06-28 10:07:20.000000000,99658,268,99475,268,99809,263,99438,263,99951,263,99381,263,99972,100,99369,100,100025,200,99328,100,100051,100,99316,100,100302,100,98954,100,100308,100,98804,200,100529,100,98775,100,,,98582,100
2019-06-28 10:07:30.000000000,99658,268,99475,268,99809,263,99438,263,99951,263,99381,263,99972,100,99369,100,100025,200,99328,100,100051,100,99316,100,100302,100,98954,100,100308,100,98804,200,100529,100,98775,100,,,98582,100
2019-06-28 10:07:40.000000000,99658,224,99475,224,99809,224,99438,224,99951,224,99381,224,99972,224,99369,224,100025,200,99328,100,100051,100,99316,100,100302,100,98954,100,100308,100,98804,200,100529,100,98775,100,,,98582,100
2019-06-28 10:07:40.174812569,99658,224,99549,100,99809,224,99475,224,99951,224,99438,224,99972,224,99381,224,100025,200,99369,224,100051,100,99328,100,100302,100,99316,100,100308,100,98954,100,100529,100,98804,200,,,98775,100
2019-06-28 10:07:50.000000000,99658,268,99549,268,99809,263,99475,263,99951,263,99438,263,99972,100,99381,100,100025,200,99369,100,100051,100,99328,100,100302,100,99316,100,100308,100,98954,100,100529,100,98804,200,,,98775,100
2019-06-28 10:07:50.209428989,99658,168,99549,268,99809,263,99475,263,99951,263,99438,263,99972,100,99381,100,100025,200,99369,100,100051,100,99328,100,100302,100,99316,100,100308,100,98954,100,100529,100,98804,200,,,98775,100
2019-06-28 10:07:58.688013168,99658,68,99549,268,99809,263,99475,263,99951,263,99438,263,99972,100,99381,100,100025,200,99369,100,100051,100,99328,100,100302,100,99316,100,100308,100,98954,100,100529,100,98804,200,,,98775,100
2019-06-28 10:08:00.000000000,99809,348,99549,348,99951,348,99475,348,99972,100,99438,100,100025,200,99381,100,100051,100,99369,100,100302,100,99328,100,100308,100,99316,100,100529,100,98954,100,,,98804,200,,,98775,100
2019-06-28 10:08:10.000000000,99809,199,99549,199,99951,199,99475,199,99972,199,99438,199,100025,299,99381,199,100051,199,99369,199,100302,100,99328,100,100308,100,99316,100,100529,100,98954,100,,,98804,200,,,98775,100
2019-06-28 10:08:20.000000000,99809,595,99549,595,99951,100,99475,100,99972,100,99438,100,100025,200,99381,100,100051,100,99369,100,100302,100,99328,100,100308,100,99316,100,100529,100,98954,100,,,98804,200,,,98775,100
2019-06-28 10:08:22.204373489,99809,595,99549,595,99951,100,99475,100,99972,100,99438,100,100025,100,99381,100,100051,100,99369,100,100302,100,99328,100,100308,100,99316,100,100529,100,98954,100,,,98804,200,,,98775,100
2019-06-28 10:08:25.574036484,99809,595,99658,100,99951,100,99549,595,99972,100,99475,100,100025,100,99438,100,100051,100,99381,100,100302,100,99369,100,100308,100,99328,100,100529,100,99316,100,,,98954,100,,,98804,200
2019-06-28 10:08:30.000000000,99809,199,99658,199,99951,199,99549,199,99972,199,99475,199,100025,199,99438,199,100051,199,99381,199,100302,100,99369,100,100308,100,99328,100,100529,100,99316,100,,,98954,100,,,98804,200
2019-06-28 10:08:40.000000000,99809,348,99658,348,99951,348,99549,348,99972,100,99475,100,100025,100,99438,100,100051,100,99381,100,100302,100,99369,100,100308,100,99328,100,100529,100,99316,100,,,98954,100,,,98804,200
2019-06-28 10:08:50.000000000,99809,348,99658,348,99951,348,99549,348,99972,100,99475,100,100025,100,99438,100,100051,100,99381,100,100302,100,99369,100,100308,100,99328,100,100529,100,99316,100,,,98954,100,,,98804,200
2019-06-28 10:09:00.000000000,99809,199,99658,199,99951,199,99549,199,99972,199,99475,199,100025,199,99438,199,100051,199,99381,199,100302,100,99369,100,100308,100,99328,100,100529,100,99316,100,,,98954,100,,,98804,200
2019-06-28 10:09:10.000000000,99809,595,99658,595,99951,100,99549,100,99972,100,99475,100,100025,100,99438,100,100051,100,99381,100,100302,100,99369,100,100308,100,99328,100,100529,100,99316,100,,,98954,100,,,98804,200
2019-06-28 10:09:20.000000000,99809,199,99658,199,99951,199,99549,199,99972,199,99475,199,100025,199,99438,199,100051,199,99381,199,100302,100,99369,100,100308,100,99328,100,100529,100,99316,100,,,98954,100,,,98804,200
2019-06-28 10:09:30.000000000,99809,199,99658,199,99951,199,99549,199,99972,199,99475,199,100025,199,99438,199,100051,199,99381,199,100302,100,99369,100,100308,100,99328,100,100529,100,99316,100,,,98954,100,,,98804,200
2019-06-28 10:09:34.347660630,99809,99,99658,199,99951,199,99549,199,99972,199,99475,199,100025,199,99438,199,100051,199,99381,199,100302,100,99369,100,100308,100,99328,100,100529,100,99316,100,,,98954,100,,,98804,200
2019-06-28 10:09:36.293151555,99809,99,99658,199,99951,199,99549,199,99972,199,99475,199,100002,100,99438,199,100025,199,99381,199,100051,199,99369,100,100302,100,99328,100,100308,100,99316,100,100529,100,98954,100,,,98804,200
2019-06-28 10:09:40.000000000,99951,348,99658,348,99972,348,99549,348,100002,100,99475,100,100025,100,99438,100,100051,100,99381,100,100302,100,99369,100,100308,100,99328,100,100529,100,99316,100,,,98954,100,,,98804,200
2019-06-28 10:09:45.492167458,99951,348,99659,100,99972,348,99658,348,100002,100,99549,348,100025,100,99475,100,100051,100,99438,100,100302,100,99381,100,100308,100,99369,100,100529,100,99328,100,,,99316,100,,,98954,100
2019-06-28 10:09:50.000000000,99951,268,99659,268,99972,263,99658,263,100002,263,99549,263,100025,100,99475,100,100051,100,99438,100,100302,100,99381,100,100308,100,99369,100,100529,100,99328,100,,,99316,100,,,98954,100
2019-06-28 10:09:51.416933671,99951,268,99659,268,99972,263,99658,263,100002,263,99549,263,100025,100,99475,100,100051,100,99438,100,100074,100,99381,100,100302,100,99369,100,100308,100,99328,100,100529,100,99316,100,,,98954,100
2019-06-28 10:10:00.000000000,99951,199,99659,199,99972,199,99658,199,100002,199,99549,199,100025,199,99475,199,100051,199,99438,199,100074,100,99381,100,100302,100,99369,100,100308,100,99328,100,100529,100,99316,100,,,98954,100
2019-06-28 10:10:10.000000000,99951,348,99659,348,99972,348,99658,348,100002,100,99549,100,100025,100,99475,100,100051,100,99438,100,100074,100,99381,100,100302,100,99369,100,100308,100,99328,100,100529,100,99316,100,,,98954,100
2019-06-28 10:10:19.759396643,99951,248,99659,348,99972,348,99658,348,100002,100,99549,100,100025,100,99475,100,100051,100,99438,100,100074,100,99381,100,100302,100,99369,100,100308,100,99328,100,100529,100,99316,100,,,98954,100
2019-06-28 10:10:20.000000000,99972,595,99659,595,100002,100,99658,100,100025,100,99549,100,100051,100,99475,100,100074,100,99438,100,100302,100,99381,100,100308,100,99369,100,100529,100,99328,100,,,99316,100,,,98954,100
2019-06-28 10:10:24.612539958,99972,595,99659,595,100002,100,99658,100,100051,100,99549,100,100074,100,99475,100,100302,100,99438,100,100308,100,99381,100,100529,100,99369,100,,,99328,100,,,99316,100,,,98954,100
2019-06-28 10:10:30.000000000,99972,348,99659,348,100002,348,99658,348,100051,100,99549,100,100074,100,99475,100,100302,100,99438,100,100308,100,99381,100,100529,100,99369,100,,,99328,100,,,99316,100,,,98954,100
2019-06-28 10:10:30.239909853,99972,348,99809,100,100002,348,99659,348,100051,100,99658,348,100074,100,99549,100,100302,100,99475,100,100308,100,99438,100,100529,100,99381,100,,,99369,100,,,99328,100,,,99316,100
2019-06-28 10:10:36.785910950,99972,248,99809,100,100002,348,99659,348,100051,100,99658,348,100074,100,99549,100,100302,100,99475,100,100529,100,99438,100,,,99381,100,,,99369,100,,,99328,100,,,99316,100
2019-06-28 10:10:40.000000000,100002,348,99809,348,100051,348,99659,348,100074,100,99658,100,100302,100,99549,100,100529,100,99475,100,,,99438,100,,,99381,100,,,99369,100,,,99328,100,,,99316,100
2019-06-28 10:10:50.000000000,100002,595,99809,595,100051,100,99659,100,100074,100,99658,100,100302,100,99549,100,100529,100,99475,100,,,99438,100,,,99381,100,,,99369,100,,,99328,100,,,99316,100
2019-06-28 10:10:55.840354794,100002,595,99809,595,100051,100,99659,100,100074,100,99658,100,100242,100,99549,100,100302,100,99475,100,100529,100,99438,100,,,99381,100,,,99369,100,,,99328,100,,,99316,100
