,ask_price_1,ask_size_1,bid_price_1,bid_size_1,ask_price_2,ask_size_2,bid_price_2,bid_size_2,ask_price_3,ask_size_3,bid_price_3,bid_size_3,ask_price_4,ask_size_4,bid_price_4,bid_size_4,ask_price_5,ask_size_5,bid_price_5,bid_size_5,ask_price_6,ask_size_6,bid_price_6,bid_size_6,ask_price_7,ask_size_7,bid_price_7,bid_size_7,ask_price_8,ask_size_8,bid_price_8,bid_size_8,ask_price_9,ask_size_9,bid_price_9,bid_size_9,ask_price_10,ask_size_10,bid_price_10,bid_size_10
2019-06-28 09:30:00.000000005,99992,100,99820,100,,,,,,,,,,,,,,,,,,,,,,,,,,,,,,,,,,,,
2019-06-28 09:30:00.000000007,99992,100,99820,100,100173,100,,,,,,,,,,,,,,,,,,,,,,,,,,,,,,,,,,
2019-06-28 09:30:00.000000008,99969,100,99820,100,99992,100,,,100173,100,,,,,,,,,,,,,,,,,,,,,,,,,,,,,,
2019-06-28 09:30:00.000000009,99969,100,99909,100,99992,100,99820,100,100173,100,,,,,,,,,,,,,,,,,,,,,,,,,,,,,,
2019-06-28 09:30:00.000000011,99969,100,99909,100,99992,100,99888,100,100026,100,99820,100,100111,100,,,100173,100,,,,,,,,,,,,,,,,,,,,,,
2019-06-28 09:30:00.000000014,99969,100,99909,100,99992,100,99888,100,100026,100,99820,100,100111,100,,,100171,100,,,100173,100,,,,,,,,,,,,,,,,,,
2019-06-28 09:30:00.000000015,99969,100,99914,100,99992,100,99909,100,100026,100,99888,100,100111,100,99820,100,100126,100,,,100171,100,,,100173,100,,,,,,,,,,,,,,
2019-06-28 09:30:00.000000016,99969,100,99914,100,99992,100,99909,100,100026,100,99888,100,100083,100,99820,100,100111,100,,,100126,100,,,100171,100,,,100173,100,,,,,,,,,,
2019-06-28 09:30:00.000000018,99969,100,99914,100,99992,100,99909,100,100026,100,99888,100,100083,100,99831,100,100111,100,99820,100,100126,100,,,100171,100,,,100173,100,,,,,,,,,,
2019-06-28 09:30:00.000000019,99969,100,99914,100,99992,100,99909,100,100026,100,99888,100,100083,100,99862,100,100111,100,99831,100,100126,100,99820,100,100171,100,,,100173,100,,,,,,,,,,
2019-06-28 09:30:00.000000021,99969,100,99914,100,99992,100,99909,100,100026,100,99888,100,100083,100,99862,100,100111,100,99831,100,100126,100,99820,100,100171,100,99809,100,100173,100,,,100220,100,,,,,,
2019-06-28 09:30:00.000000023,99969,100,99914,100,99992,100,99909,100,100026,100,99888,100,100083,100,99862,100,100084,100,99831,100,100111,100,99820,100,100126,100,99809,100,100171,100,,,100173,100,,,100220,100,,
2019-06-28 09:30:00.000000024,99969,100,99914,100,99992,100,99909,100,100026,100,99888,100,100083,100,99862,100,100084,100,99831,100,100111,100,99820,100,100126,100,99809,100,100132,100,,,100171,100,,,100173,100,,
2019-06-28 09:30:00.000000026,99969,100,99948,100,99992,100,99914,100,100026,100,99909,100,100083,100,99888,100,100084,100,99862,100,100111,100,99831,100,100126,100,99820,100,100132,100,99809,100,100171,100,,,100173,100,,
2019-06-28 09:30:00.000000027,99969,100,99948,100,99992,100,99914,100,100026,100,99909,100,100083,100,99888,100,100084,100,99862,100,100111,100,99856,100,100126,100,99831,100,100132,100,99820,100,100171,100,99809,100,100173,100,,
2019-06-28 09:30:00.000000028,99969,100,99948,100,99992,100,99914,100,100007,100,99909,100,100026,100,99888,100,100083,100,99862,100,100084,100,99856,100,100111,100,99831,100,100126,100,99820,100,100132,100,99809,100,100171,100,,
2019-06-28 09:30:00.000000029,99969,100,99948,100,99992,100,99914,100,100007,100,99909,100,100026,100,99899,100,100083,100,99888,100,100084,100,99862,100,100111,100,99856,100,100126,100,99831,100,100132,100,99820,100,100171,100,99809,100
2019-06-28 09:30:00.000000030,99969,100,99948,100,99992,100,99914,100,100007,100,99909,100,100026,100,99899,100,100047,100,99888,100,100083,100,99883,100,100084,100,99862,100,100111,100,99856,100,100126,100,99831,100,100132,100,99820,100
2019-06-28 09:30:00.000000031,99969,100,99948,100,99992,100,99914,200,100007,100,99909,100,100026,100,99899,100,100047,100,99888,100,100083,100,99883,100,100084,100,99862,100,100111,100,99856,100,100126,100,99831,100,100132,100,99820,100
2019-06-28 09:30:00.000000032,99969,100,99948,100,99992,100,99927,100,100007,100,99914,200,100026,100,99909,100,100047,100,99899,100,100083,100,99888,100,100084,100,99883,100,100111,100,99862,100,100126,100,99856,100,100132,100,99831,100
2019-06-28 09:30:00.000000033,99992,100,99948,100,100007,100,99927,100,100026,100,99914,200,100047,100,99909,100,100083,100,99899,100,100084,100,99888,100,100111,100,99883,100,100126,100,99862,100,100132,100,99856,100,100171,100,99831,100
2019-06-28 09:30:00.000000034,99992,100,99948,100,100007,100,99927,100,100026,100,99919,100,100047,100,99914,200,100052,100,99909,100,100083,100,99899,100,100084,100,99888,100,100111,100,99883,100,100126,100,99862,100,100132,100,99856,100
2019-06-28 09:30:00.000000035,100007,100,99948,100,100026,100,99927,100,100047,100,99919,100,100052,100,99914,200,100083,100,99909,100,100084,100,99899,100,100111,100,99888,100,100126,100,99883,100,100132,100,99862,100,100171,100,99856,100
2019-06-28 09:30:00.000000037,100007,100,99969,100,100026,100,99948,100,100047,100,99927,100,100052,100,99919,100,100083,100,99914,200,100084,100,99909,100,100111,100,99899,100,100126,100,99888,100,100132,100,99883,100,100171,100,99876,100
2019-06-28 09:30:00.000000038,100007,100,99969,100,100017,100,99948,100,100026,100,99927,100,100047,100,99919,100,100052,100,99914,200,100083,100,99909,100,100084,100,99899,100,100111,100,99888,100,100126,100,99883,100,100132,100,99876,100
2019-06-28 09:30:00.000000042,100007,100,99969,100,100017,100,99948,100,100026,100,99942,100,100047,100,99927,100,100052,100,99919,100,100083,100,99914,200,100084,100,99909,100,100111,100,99899,100,100126,100,99888,100,100132,100,99883,100
2019-06-28 09:30:00.000000043,100007,100,99976,100,100017,100,99969,100,100026,100,99948,100,100047,100,99942,100,100052,100,99927,100,100083,100,99919,100,100084,100,99914,200,100111,100,99909,100,100126,100,99899,100,100132,100,99888,100
2019-06-28 09:30:00.000000047,100007,200,99976,100,100017,100,99969,100,100026,100,99948,100,100047,100,99942,100,100052,100,99927,100,100083,100,99919,100,100084,100,99914,200,100111,100,99909,100,100126,100,99899,100,100132,100,99888,100
2019-06-28 09:30:00.000000049,100007,200,99976,100,100017,100,99969,200,100026,100,99948,100,100047,100,99942,100,100052,100,99927,100,100083,100,99919,100,100084,100,99914,200,100111,100,99909,100,100126,100,99899,100,100132,100,99888,100
2019-06-28 09:30:00.000000050,100007,200,99969,200,100017,100,99948,100,100026,100,99942,100,100047,100,99933,100,100052,100,99927,100,100083,100,99919,100,100084,100,99914,200,100111,100,99909,100,100126,100,99899,100,100132,100,99888,100
2019-06-28 09:30:00.000000054,99992,100,99969,200,100007,200,99948,100,100008,100,99942,100,100017,100,99933,100,100026,100,99927,100,100047,100,99919,100,100052,100,99914,200,100083,100,99909,100,100084,100,99899,100,100111,100,99888,100
2019-06-28 09:30:00.000000057,99992,200,99969,200,100007,200,99948,100,100008,100,99942,100,100017,100,99933,100,100026,100,99927,100,100047,100,99919,100,100052,100,99914,200,100083,100,99909,100,100084,100,99899,100,100111,100,99888,100
2019-06-28 09:30:00.000000058,99992,200,99969,200,100007,200,99964,100,100008,100,99948,100,100017,100,99942,100,100026,100,99933,100,100047,100,99927,100,100052,100,99919,100,100083,100,99914,200,100084,100,99909,100,100111,100,99899,100
2019-06-28 09:30:00.000000060,99992,200,99969,200,100007,200,99964,100,100008,100,99948,100,100017,100,99942,100,100026,100,99933,100,100047,100,99927,100,100048,100,99919,100,100052,100,99914,200,100083,100,99909,100,100084,100,99899,100
2019-06-28 09:30:00.000000061,99992,200,99969,200,100007,200,99964,100,100008,100,99948,100,100017,100,99942,100,100026,100,99933,100,100047,100,99927,100,100048,100,99919,100,100052,100,99914,200,100083,100,99909,100,100084,100,99899,100
2019-06-28 09:30:00.000000064,99992,200,99969,200,100007,200,99964,100,100008,100,99960,100,100017,100,99948,100,100026,100,99942,100,100047,100,99933,100,100048,100,99927,100,100052,100,99919,100,100083,100,99914,200,100084,100,99909,100
2019-06-28 09:30:00.000000065,99992,200,99969,200,100007,200,99965,100,100008,100,99964,100,100017,100,99960,100,100026,100,99948,100,100047,100,99942,100,100048,100,99933,100,100052,100,99927,100,100083,100,99919,100,100084,100,99914,200
2019-06-28 09:30:00.000000068,99992,100,99969,200,100007,200,99965,100,100008,100,99964,100,100017,100,99960,100,100026,100,99948,100,100047,100,99942,100,100048,100,99933,100,100052,100,99927,100,100083,100,99919,100,100084,100,99914,200
2019-06-28 09:30:00.000000070,99992,100,99969,100,100007,200,99965,100,100008,100,99964,100,100017,100,99960,100,100026,100,99948,100,100047,100,99942,100,100048,100,99933,100,100052,100,99927,100,100083,100,99919,100,100084,100,99914,200
2019-06-28 09:30:00.000000076,99992,100,99969,200,100007,200,99965,100,100008,100,99964,100,100017,100,99960,100,100026,100,99948,100,100047,100,99942,100,100048,100,99933,100,100052,100,99927,100,100053,100,99919,100,100083,100,99914,200
2019-06-28 09:30:00.000000077,99992,100,99969,200,100007,200,99965,100,100008,100,99964,100,100017,100,99960,100,100026,100,99948,100,100047,100,99942,100,100048,100,99933,100,100052,100,99927,100,100053,100,99919,100,100083,100,99914,200
2019-06-28 09:30:00.000000080,99992,100,99969,200,100007,200,99965,100,100008,100,99964,100,100017,100,99960,100,100026,100,99948,100,100047,100,99942,100,100048,100,99933,100,100052,100,99927,100,100053,100,99919,100,100083,100,99914,200
2019-06-28 09:30:00.000000083,99992,100,99969,300,100007,200,99965,100,100008,100,99964,100,100017,100,99960,100,100026,100,99948,100,100047,100,99942,100,100048,100,99933,100,100052,100,99927,100,100053,100,99919,100,100080,100,99914,200
2019-06-28 09:30:00.000000085,99992,100,99969,300,100007,200,99965,100,100008,200,99964,100,100017,100,99960,100,100026,100,99948,100,100045,100,99942,100,100047,100,99933,100,100048,100,99927,100,100052,100,99919,100,100053,100,99914,200
2019-06-28 09:30:00.000000087,99974,100,99969,300,99992,100,99965,100,100007,200,99964,100,100008,200,99960,100,100017,100,99948,100,100026,100,99945,100,100045,100,99942,100,100047,100,99933,100,100048,100,99927,100,100052,100,99919,100
2019-06-28 09:30:00.000000090,99974,100,99969,300,99992,100,99965,100,100007,200,99964,100,100008,200,99960,100,100017,100,99948,100,100026,100,99945,100,100039,100,99942,100,100045,100,99933,100,100047,100,99927,100,100048,100,99919,100
2019-06-28 09:30:00.000000096,99974,100,99969,300,99992,100,99965,100,100007,200,99964,100,100008,200,99960,100,100017,100,99957,100,100026,100,99948,100,100039,100,99945,100,100045,100,99942,100,100047,100,99933,100,100048,100,99927,100
2019-06-28 09:30:00.000000098,99974,100,99969,200,99992,100,99965,100,100007,200,99964,100,100008,200,99960,100,100017,100,99957,100,100026,100,99948,100,100039,100,99945,100,100045,100,99942,100,100047,100,99933,100,100048,100,99927,100
2019-06-28 09:30:06.812566911,99974,100,99969,200,99989,100,99965,100,99992,100,99964,100,100007,200,99960,100,100008,200,99957,100,100017,100,99948,100,100026,100,99945,100,100039,100,99942,100,100047,100,99933,100,100048,100,99927,100
2019-06-28 09:30:10.000000000,99974,219,99969,319,99989,219,99965,219,99992,219,99964,219,100007,319,99960,219,100008,200,99957,100,100017,100,99948,100,100026,100,99945,100,100039,100,99942,100,100047,100,99933,100,100048,100,99927,100
2019-06-28 09:30:19.888739620,99974,219,99969,319,99989,219,99965,219,99992,219,99964,219,100007,319,99960,219,100008,200,99957,100,100017,100,99948,100,100026,100,99945,100,100039,100,99942,100,100047,100,99933,100,100048,100,99927,100
2019-06-28 09:30:20.000000000,99974,262,99969,362,99989,257,99965,257,99992,257,99964,257,100007,200,99960,100,100008,200,99957,100,100017,100,99948,100,100026,100,99945,100,100039,100,99942,100,100047,100,99933,100,100048,100,99927,100
2019-06-28 09:30:30.000000000,99974,338,99969,438,99989,338,99965,338,99992,100,99964,100,100007,200,99960,100,100008,200,99957,100,100017,100,99948,100,100026,100,99945,100,100039,100,99942,100,100047,100,99933,100,100048,100,99927,100
2019-06-28 09:30:34.387740883,99974,338,99969,438,99989,338,99965,338,99992,100,99964,100,100007,200,99960,100,100008,200,99957,100,100017,100,99948,100,100026,100,99945,100,100039,100,99942,100,100047,100,99933,100,100048,100,99927,100
2019-06-28 09:30:40.000000000,99974,219,99969,319,99989,219,99965,219,99992,219,99964,219,100007,319,99960,219,100008,200,99957,100,100017,100,99948,100,100026,100,99945,100,100039,100,99942,100,100047,100,99933,100,100048,100,99927,100
2019-06-28 09:30:45.259424947,99974,219,99969,319,99989,219,99965,219,99992,219,99964,219,100007,319,99960,219,100008,200,99957,100,100017,100,99948,100,100026,100,99945,100,100039,100,99933,100,100047,100,99927,100,100048,100,99919,100
2019-06-28 09:30:46.762568654,99974,219,99969,319,99989,219,99965,219,99992,219,99964,219,100007,319,99960,219,100008,200,99957,100,100017,100,99948,100,100026,100,99945,100,100039,100,99933,100,100047,100,99927,100,100048,100,99919,100
2019-06-28 09:30:50.000000000,99974,262,99969,362,99989,257,99965,257,99992,257,99964,257,100007,200,99960,100,100008,200,99957,100,100017,100,99948,100,100026,100,99945,100,100039,100,99933,100,100047,100,99927,100,100048,100,99919,100
2019-06-28 09:30:53.328074191,99974,262,99969,362,99989,257,99965,257,99992,257,99964,257,100007,200,99960,100,100008,200,99957,100,100017,100,99948,100,100026,100,99945,100,100039,100,99933,100,100047,100,99927,100,100048,100,99914,200
2019-06-28 09:31:00.000000000,99974,262,99969,362,99989,257,99965,257,99992,257,99964,257,100007,200,99960,100,100008,200,99957,100,100017,100,99948,100,100026,100,99945,100,100039,100,99933,100,100047,100,99927,100,100048,100,99914,200
2019-06-28 09:31:10.000000000,99974,338,99969,438,99989,338,99965,338,99992,100,99964,100,100007,200,99960,100,100008,200,99957,100,100017,100,99948,100,100026,100,99945,100,100039,100,99933,100,100047,100,99927,100,100048,100,99914,200
2019-06-28 09:31:15.900158769,99974,338,99969,338,99989,338,99965,338,99992,100,99964,100,100007,200,99960,100,100008,200,99957,100,100017,100,99948,100,100026,100,99945,100,100039,100,99933,100,100047,100,99927,100,100048,100,99914,200
2019-06-28 09:31:20.000000000,99974,338,99969,338,99989,338,99965,338,99992,100,99964,100,100007,200,99960,100,100008,200,99957,100,100017,100,99948,100,100026,100,99945,100,100039,100,99933,100,100047,100,99927,100,100048,100,99914,200
2019-06-28 09:31:30.000000000,99974,338,99969,338,99989,338,99965,338,99992,100,99964,100,100007,200,99960,100,100008,200,99957,100,100017,100,99948,100,100026,100,99945,100,100039,100,99933,100,100047,100,99927,100,100048,100,99914,200
2019-06-28 09:31:37.857313878,99974,338,99969,238,99989,338,99965,338,99992,100,99964,100,100007,200,99960,100,100008,200,99957,100,100017,100,99948,100,100026,100,99945,100,100039,100,99933,100,100047,100,99927,100,100048,100,99914,200
2019-06-28 09:31:40.000000000,99974,338,99965,338,99989,338,99964,338,99992,100,99960,100,100007,200,99957,100,100008,200,99948,100,100017,100,99945,100,100026,100,99933,100,100039,100,99927,100,100047,100,99914,200,100048,100,99909,100
2019-06-28 09:31:50.000000000,99974,577,99965,577,99989,100,99964,100,99992,100,99960,100,100007,200,99957,100,100008,200,99948,100,100017,100,99945,100,100026,100,99933,100,100039,100,99927,100,100047,100,99914,200,100048,100,99909,100
2019-06-28 09:31:56.585318513,99974,577,99965,577,99992,100,99964,100,100007,200,99960,100,100008,200,99957,100,100017,100,99948,100,100026,100,99945,100,100035,100,99933,100,100039,100,99927,100,100047,100,99914,200,100048,100,99909,100
2019-06-28 09:32:00.000000000,99974,219,99965,219,99992,219,99964,219,100007,319,99960,219,100008,319,99957,219,100017,100,99948,100,100026,100,99945,100,100035,100,99933,100,100039,100,99927,100,100047,100,99914,200,100048,100,99909,100
2019-06-28 09:32:06.730144940,99974,219,99970,100,99992,119,99965,219,100007,319,99964,219,100008,319,99960,219,100017,100,99957,219,100026,100,99948,100,100035,100,99945,100,100039,100,99933,100,100047,100,99927,100,100048,100,99914,200
2019-06-28 09:32:10.000000000,99974,262,99970,262,100007,357,99965,257,100008,357,99964,257,100017,100,99960,100,100026,100,99957,100,100035,100,99948,100,100039,100,99945,100,100047,100,99933,100,100048,100,99927,100,100052,100,99914,200
2019-06-28 09:32:20.000000000,99974,262,99970,262,100007,357,99965,257,100008,357,99964,257,100017,100,99960,100,100026,100,99957,100,100035,100,99948,100,100039,100,99945,100,100047,100,99933,100,100048,100,99927,100,100052,100,99914,200
2019-06-28 09:32:30.000000000,99974,195,99970,195,100007,295,99965,195,100008,295,99964,195,100017,195,99960,195,100026,195,99957,195,100035,100,99948,100,100039,100,99945,100,100047,100,99933,100,100048,100,99927,100,100052,100,99914,200
2019-06-28 09:32:40.000000000,99974,195,99970,195,100007,295,99965,195,100008,295,99964,195,100017,195,99960,195,100026,195,99957,195,100035,100,99948,100,100039,100,99945,100,100047,100,99933,100,100048,100,99927,100,100052,100,99914,200
2019-06-28 09:32:48.539200268,99974,195,99970,195,100007,295,99965,195,100008,295,99964,195,100017,195,99960,195,100026,195,99957,195,100035,100,99948,100,100039,100,99945,100,100047,100,99933,100,100048,100,99927,100,100052,100,99914,200
2019-06-28 09:32:50.000000000,99974,262,99970,262,100007,357,99965,257,100008,357,99964,257,100017,100,99960,100,100026,100,99957,100,100035,100,99948,100,100039,100,99945,100,100047,100,99933,100,100048,100,99927,100,100052,100,99914,200
2019-06-28 09:32:50.077828578,99974,262,99970,162,100007,357,99965,257,100008,257,99964,257,100017,100,99960,100,100026,100,99957,100,100035,100,99948,100,100039,100,99945,100,100047,100,99933,100,100048,100,99927,100,100052,100,99914,200
2019-06-28 09:33:00.000000000,99974,577,99965,577,100007,200,99964,100,100008,100,99960,100,100017,100,99957,100,100026,100,99948,100,100035,100,99945,100,100039,100,99933,100,100047,100,99927,100,100048,100,99914,200,100052,100,99909,100
2019-06-28 09:33:10.000000000,99974,262,99965,262,100007,357,99964,257,100008,257,99960,257,100017,100,99957,100,100026,100,99948,100,100035,100,99945,100,100039,100,99933,100,100047,100,99927,100,100048,100,99914,200,100052,100,99909,100
2019-06-28 09:33:20.000000000,99974,338,99965,338,100007,438,99964,338,100008,100,99960,100,100017,100,99957,100,100026,100,99948,100,100035,100,99945,100,100039,100,99933,100,100047,100,99927,100,100048,100,99914,200,100052,100,99909,100
2019-06-28 09:33:23.078110893,99974,338,99965,238,100007,438,99964,338,100008,100,99960,100,100017,100,99957,100,100026,100,99948,100,100035,100,99945,100,100039,100,99933,100,100047,100,99927,100,100048,100,99914,200,100052,100,99909,100
2019-06-28 09:33:26.304284597,99970,100,99965,238,99974,338,99964,338,100007,438,99960,100,100008,100,99957,100,100017,100,99948,100,100026,100,99945,100,100035,100,99933,100,100039,100,99927,100,100047,100,99914,200,100048,100,99909,100
2019-06-28 09:33:30.000000000,99970,195,99964,195,99974,195,99960,195,100007,295,99957,195,100008,195,99948,195,100017,195,99945,195,100026,100,99933,100,100035,100,99927,100,100039,100,99914,200,100047,100,99909,100,100048,100,99899,100
2019-06-28 09:33:33.359699446,99970,295,99964,195,99974,195,99960,195,100007,295,99957,195,100008,195,99948,195,100017,195,99945,195,100026,100,99933,100,100035,100,99927,100,100039,100,99914,100,100047,100,99909,100,100048,100,99899,100
2019-06-28 09:33:33.569818227,99970,395,99964,195,99974,195,99960,195,100007,295,99957,195,100008,195,99948,195,100017,195,99945,195,100026,100,99933,100,100035,100,99927,100,100039,100,99914,100,100047,100,99909,100,100048,100,99899,100
2019-06-28 09:33:40.000000000,99970,395,99964,195,99974,195,99960,195,100007,295,99957,195,100008,195,99948,195,100017,195,99945,195,100026,100,99933,100,100035,100,99927,100,100039,100,99914,100,100047,100,99909,100,100048,100,99899,100
2019-06-28 09:33:50.000000000,99970,395,99964,195,99974,195,99960,195,100007,295,99957,195,100008,195,99948,195,100017,195,99945,195,100026,100,99933,100,100035,100,99927,100,100039,100,99914,100,100047,100,99909,100,100048,100,99899,100
2019-06-28 09:34:00.000000000,99970,395,99964,195,99974,195,99960,195,100007,295,99957,195,100008,195,99948,195,100017,195,99945,195,100026,100,99933,100,100035,100,99927,100,100039,100,99914,100,100047,100,99909,100,100048,100,99899,100
2019-06-28 09:34:05.129326838,99970,395,99964,95,99974,195,99960,195,100007,295,99957,195,100008,195,99948,195,100017,195,99945,195,100026,100,99933,100,100035,100,99927,100,100039,100,99914,100,100047,100,99909,100,100048,100,99899,100
2019-06-28 09:34:08.686934060,99964,5,99960,195,99970,395,99957,195,99974,195,99948,195,100007,295,99945,195,100008,195,99933,100,100017,195,99927,100,100026,100,99914,100,100035,100,99909,100,100039,100,99899,100,100047,100,99888,100
2019-06-28 09:34:10.000000000,99964,124,99960,219,99970,419,99957,219,99974,219,99948,219,100007,319,99945,219,100008,100,99933,100,100017,100,99927,100,100026,100,99914,100,100035,100,99909,100,100039,100,99899,100,100047,100,99888,100
2019-06-28 09:34:20.000000000,99964,243,99960,338,99970,538,99957,338,99974,100,99948,100,100007,200,99945,100,100008,100,99933,100,100017,100,99927,100,100026,100,99914,100,100035,100,99909,100,100039,100,99899,100,100047,100,99888,100
2019-06-28 09:34:30.000000000,99964,243,99960,338,99970,538,99957,338,99974,100,99948,100,100007,200,99945,100,100008,100,99933,100,100017,100,99927,100,100026,100,99914,100,100035,100,99909,100,100039,100,99899,100,100047,100,99888,100
2019-06-28 09:34:40.000000000,99964,100,99960,195,99970,395,99957,195,99974,195,99948,195,100007,295,99945,195,100008,195,99933,195,100017,100,99927,100,100026,100,99914,100,100035,100,99909,100,100039,100,99899,100,100047,100,99888,100
2019-06-28 09:34:43.340032066,99964,100,99960,195,99970,295,99957,195,99974,195,99948,195,100007,295,99945,195,100008,195,99933,195,100017,100,99927,100,100026,100,99914,100,100035,100,99909,100,100039,100,99899,100,100047,100,99888,100
2019-06-28 09:34:48.895003574,99964,100,99960,195,99970,295,99957,195,99974,195,99948,195,100007,295,99945,195,100008,195,99933,195,100017,100,99927,100,100026,100,99914,100,100035,100,99909,100,100039,100,99899,100,100047,100,99888,100
2019-06-28 09:34:50.000000000,99964,167,99960,262,99970,357,99957,257,99974,257,99948,257,100007,200,99945,100,100008,100,99933,100,100017,100,99927,100,100026,100,99914,100,100035,100,99909,100,100039,100,99899,100,100047,100,99888,100
2019-06-28 09:35:00.000000000,99964,482,99960,577,99970,200,99957,100,99974,100,99948,100,100007,200,99945,100,100008,100,99933,100,100017,100,99927,100,100026,100,99914,100,100035,100,99909,100,100039,100,99899,100,100047,100,99888,100
2019-06-28 09:35:00.356456371,99964,582,99960,577,99970,200,99957,100,99974,100,99948,100,100007,200,99945,100,100008,100,99933,100,100017,100,99927,100,100026,100,99914,100,100035,100,99909,100,100039,100,99899,100,100047,100,99888,100
2019-06-28 09:35:01.370602566,99964,582,99960,577,99970,200,99957,100,99974,100,99948,100,100007,200,99945,100,100008,100,99933,100,100017,100,99927,100,100026,100,99914,100,100035,100,99909,100,100039,100,99899,100,100047,100,99888,100
2019-06-28 09:35:03.745729289,99964,582,99960,577,99970,200,99957,100,99974,100,99948,100,100007,200,99945,100,100008,100,99933,100,100017,100,99927,100,100026,100,99914,100,100039,100,99909,100,100047,100,99899,100,100048,100,99888,100
2019-06-28 09:35:10.000000000,99964,267,99960,262,99970,357,99957,257,99974,257,99948,257,100007,200,99945,100,100008,100,99933,100,100017,100,99927,100,100026,100,99914,100,100039,100,99909,100,100047,100,99899,100,100048,100,99888,100
2019-06-28 09:35:20.000000000,99964,582,99960,577,99970,200,99957,100,99974,100,99948,100,100007,200,99945,100,100008,100,99933,100,100017,100,99927,100,100026,100,99914,100,100039,100,99909,100,100047,100,99899,100,100048,100,99888,100
2019-06-28 09:35:30.000000000,99964,200,99960,195,99970,295,99957,195,99974,195,99948,195,100007,295,99945,195,100008,195,99933,195,100017,100,99927,100,100026,100,99914,100,100039,100,99909,100,100047,100,99899,100,100048,100,99888,100
2019-06-28 09:35:40.000000000,99964,200,99960,195,99970,295,99957,195,99974,195,99948,195,100007,295,99945,195,100008,195,99933,195,100017,100,99927,100,100026,100,99914,100,100039,100,99909,100,100047,100,99899,100,100048,100,99888,100
2019-06-28 09:35:50.000000000,99964,343,99960,338,99970,438,99957,338,99974,100,99948,100,100007,200,99945,100,100008,100,99933,100,100017,100,99927,100,100026,100,99914,100,100039,100,99909,100,100047,100,99899,100,100048,100,99888,100
2019-06-28 09:35:52.823471039,99964,243,99960,338,99970,438,99957,338,99974,100,99948,100,100007,200,99945,100,100008,100,99933,100,100017,100,99927,100,100026,100,99914,100,100039,100,99909,100,100047,100,99899,100,100048,100,99888,100
2019-06-28 09:36:00.000000000,99964,482,99960,577,99970,200,99957,100,99974,100,99948,100,100007,200,99945,100,100008,100,99933,100,100017,100,99927,100,100026,100,99914,100,100039,100,99909,100,100047,100,99899,100,100048,100,99888,100
2019-06-28 09:36:10.000000000,99964,100,99960,195,99970,295,99957,195,99974,195,99948,195,100007,295,99945,195,100008,195,99933,195,100017,100,99927,100,100026,100,99914,100,100039,100,99909,100,100047,100,99899,100,100048,100,99888,100
2019-06-28 09:36:10.165071938,99964,100,99960,195,99970,295,99957,195,99974,195,99948,195,100007,195,99945,195,100008,195,99933,195,100017,100,99927,100,100026,100,99914,100,100039,100,99909,100,100047,100,99899,100,100048,100,99888,100
2019-06-28 09:36:20.000000000,99964,482,99960,577,99970,200,99957,100,99974,100,99948,100,100007,100,99945,100,100008,100,99933,100,100017,100,99927,100,100026,100,99914,100,100039,100,99909,100,100047,100,99899,100,100048,100,99888,100
2019-06-28 09:36:21.674480822,99964,482,99960,577,99970,200,99957,100,99974,100,99948,100,100007,100,99945,100,100008,100,99933,100,100017,100,99927,100,100026,100,99914,100,100039,100,99909,100,100047,100,99899,100,100048,100,99888,100
2019-06-28 09:36:30.000000000,99964,124,99960,219,99970,319,99957,219,99974,219,99948,219,100007,219,99945,219,100008,100,99933,100,100017,100,99927,100,100026,100,99914,100,100039,100,99909,100,100047,100,99899,100,100048,100,99888,100
2019-06-28 09:36:40.000000000,99964,124,99960,219,99970,319,99957,219,99974,219,99948,219,100007,219,99945,219,100008,100,99933,100,100017,100,99927,100,100026,100,99914,100,100039,100,99909,100,100047,100,99899,100,100048,100,99888,100
2019-06-28 09:36:50.000000000,99964,167,99960,262,99970,357,99957,257,99974,257,99948,257,100007,100,99945,100,100008,100,99933,100,100017,100,99927,100,100026,100,99914,100,100039,100,99909,100,100047,100,99899,100,100048,100,99888,100
2019-06-28 09:36:53.540797491,99964,167,99960,262,99970,357,99957,257,99974,257,99948,257,100007,100,99933,100,100008,100,99927,100,100017,100,99914,100,100026,100,99909,100,100039,100,99899,100,100047,100,99888,100,100048,100,99883,200
2019-06-28 09:36:57.273681217,99964,167,99960,162,99970,357,99957,257,99974,257,99948,257,100007,100,99933,100,100008,100,99927,100,100017,100,99914,100,100026,100,99909,100,100039,100,99899,100,100047,100,99888,100,100048,100,99883,200
2019-06-28 09:37:00.000000000,99964,167,99957,262,99970,357,99948,257,99974,257,99933,257,100007,100,99927,100,100008,100,99914,100,100017,100,99909,100,100026,100,99899,100,100039,100,99888,100,100047,100,99883,200,100048,100,99876,100
2019-06-28 09:37:10.000000000,99964,167,99957,262,99970,357,99948,257,99974,257,99933,257,100007,100,99927,100,100008,100,99914,100,100017,100,99909,100,100026,100,99899,100,100039,100,99888,100,100047,100,99883,200,100048,100,99876,100
2019-06-28 09:37:11.285310011,99964,167,99957,262,99970,357,99948,157,99974,257,99933,257,100007,100,99927,100,100008,100,99914,100,100017,100,99909,100,100026,100,99899,100,100039,100,99888,100,100047,100,99883,200,100048,100,99876,100
2019-06-28 09:37:20.000000000,99964,243,99957,338,99970,438,99933,338,99974,100,99927,100,100007,100,99914,100,100008,100,99909,100,100017,100,99899,100,100026,100,99888,100,100039,100,99883,200,100047,100,99876,100,100048,100,99874,100
2019-06-28 09:37:20.997392072,99964,243,99957,338,99970,438,99933,338,99974,100,99927,100,100007,100,99914,100,100008,100,99909,100,100017,100,99899,100,100026,100,99888,100,100039,100,99883,200,100047,100,99876,100,100048,100,99874,100
2019-06-28 09:37:21.195575755,99963,100,99957,338,99964,243,99933,338,99970,438,99927,100,99974,100,99914,100,100007,100,99909,100,100008,100,99899,100,100017,100,99888,100,100026,100,99883,200,100039,100,99876,100,100047,100,99874,100
2019-06-28 09:37:26.641845261,99963,100,99957,238,99964,243,99933,338,99970,438,99927,100,99974,100,99914,100,100007,100,99909,100,100008,100,99899,100,100017,100,99888,100,100026,100,99883,200,100039,100,99876,100,100047,100,99874,100
2019-06-28 09:37:30.000000000,99963,577,99933,577,99964,5,99927,100,99970,200,99914,100,99974,100,99909,100,100007,100,99899,100,100008,100,99888,100,100017,100,99883,200,100026,100,99876,100,100039,100,99874,100,100047,100,99873,100
2019-06-28 09:37:31.173475573,99963,577,99933,577,99964,5,99914,100,99970,200,99909,100,99974,100,99899,100,100007,100,99888,100,100008,100,99883,200,100017,100,99876,100,100026,100,99874,100,100039,100,99873,100,100047,100,99857,100
2019-06-28 09:37:40.000000000,99963,338,99933,338,99964,243,99914,338,99970,200,99909,100,99974,100,99899,100,100007,100,99888,100,100008,100,99883,200,100017,100,99876,100,100026,100,99874,100,100039,100,99873,100,100047,100,99857,100
2019-06-28 09:37:40.383181884,99963,338,99933,338,99964,243,99914,338,99970,200,99909,100,99974,100,99899,100,100008,100,99888,100,100017,100,99883,200,100026,100,99876,100,100039,100,99874,100,100047,100,99873,100,100048,100,99857,100
2019-06-28 09:37:46.937902048,99963,338,99933,238,99964,243,99914,338,99970,200,99909,100,99974,100,99899,100,100008,100,99888,100,100017,100,99883,200,100026,100,99876,100,100039,100,99874,100,100047,100,99873,100,100048,100,99857,100
2019-06-28 09:37:50.000000000,99963,195,99914,195,99964,100,99909,195,99970,295,99899,195,99974,195,99888,195,100008,195,99883,295,100017,100,99876,100,100026,100,99874,100,100039,100,99873,100,100047,100,99857,100,100048,100,99841,100
2019-06-28 09:37:50.216061492,99963,195,99914,95,99964,100,99909,195,99970,295,99899,195,99974,195,99888,195,100008,195,99883,295,100017,100,99876,100,100026,100,99874,100,100039,100,99873,100,100047,100,99857,100,100048,100,99841,100
2019-06-28 09:37:50.664454689,99963,195,99914,95,99964,100,99909,195,99970,295,99899,195,99974,195,99888,195,100008,195,99883,195,100017,100,99876,100,100026,100,99874,100,100039,100,99873,100,100047,100,99857,100,100048,100,99841,100
2019-06-28 09:37:51.376162639,99963,195,99914,95,99964,100,99909,195,99970,295,99899,195,99974,195,99888,195,100008,195,99883,195,100017,100,99876,100,100026,100,99874,100,100039,100,99873,100,100047,100,99857,100,100048,100,99841,100
2019-06-28 09:38:00.000000000,99963,195,99909,195,99964,100,99899,195,99970,295,99888,195,99974,195,99883,195,100008,195,99876,195,100017,100,99874,100,100026,100,99873,100,100039,100,99857,100,100047,100,99841,100,100048,100,99834,100
2019-06-28 09:38:10.000000000,99963,577,99909,577,99964,5,99899,100,99970,200,99888,100,99974,100,99883,100,100008,100,99876,100,100017,100,99874,100,100026,100,99873,100,100039,100,99857,100,100047,100,99841,100,100048,100,99834,100
2019-06-28 09:38:20.000000000,99963,577,99909,577,99964,5,99899,100,99970,200,99888,100,99974,100,99883,100,100008,100,99876,100,100017,100,99874,100,100026,100,99873,100,100039,100,99857,100,100047,100,99841,100,100048,100,99834,100
2019-06-28 09:38:21.759728639,99963,577,99934,100,99964,5,99909,577,99970,200,99899,100,99974,100,99888,100,100008,100,99883,100,100017,100,99876,100,100026,100,99874,100,100039,100,99873,100,100047,100,99857,100,100048,100,99841,100
2019-06-28 09:38:30.000000000,99963,262,99934,262,99964,162,99909,257,99970,357,99899,257,99974,100,99888,100,100008,100,99883,100,100017,100,99876,100,100026,100,99874,100,100039,100,99873,100,100047,100,99857,100,100048,100,99841,100
2019-06-28 09:38:40.000000000,99963,338,99934,338,99964,243,99909,338,99970,200,99899,100,99974,100,99888,100,100008,100,99883,100,100017,100,99876,100,100026,100,99874,100,100039,100,99873,100,100047,100,99857,100,100048,100,99841,100
2019-06-28 09:38:42.918315994,99963,338,99934,338,99964,243,99909,338,99970,200,99899,100,99974,100,99888,100,100008,100,99883,100,100017,100,99880,100,100026,100,99876,100,100039,100,99874,100,100047,100,99873,100,100048,100,99857,100
2019-06-28 09:38:50.000000000,99963,577,99934,577,99964,5,99909,100,99970,200,99899,100,99974,100,99888,100,100008,100,99883,100,100017,100,99880,100,100026,100,99876,100,100039,100,99874,100,100047,100,99873,100,100048,100,99857,100
2019-06-28 09:39:00.000000000,99963,338,99934,338,99964,243,99909,338,99970,200,99899,100,99974,100,99888,100,100008,100,99883,100,100017,100,99880,100,100026,100,99876,100,100039,100,99874,100,100047,100,99873,100,100048,100,99857,100
2019-06-28 09:39:09.926319988,99963,338,99934,338,99964,243,99909,338,99970,200,99899,100,99974,100,99888,100,99994,100,99883,100,100008,100,99880,100,100017,100,99876,100,100026,100,99874,100,100039,100,99873,100,100047,100,99857,100
2019-06-28 09:39:10.000000000,99963,219,99934,219,99964,124,99909,219,99970,319,99899,219,99974,219,99888,219,99994,100,99883,100,100008,100,99880,100,100017,100,99876,100,100026,100,99874,100,100039,100,99873,100,100047,100,99857,100
2019-06-28 09:39:20.000000000,99963,338,99934,338,99964,243,99909,338,99970,200,99899,100,99974,100,99888,100,99994,100,99883,100,100008,100,99880,100,100017,100,99876,100,100026,100,99874,100,100039,100,99873,100,100047,100,99857,100
2019-06-28 09:39:30.000000000,99963,262,99934,262,99964,162,99909,257,99970,357,99899,257,99974,100,99888,100,99994,100,99883,100,100008,100,99880,100,100017,100,99876,100,100026,100,99874,100,100039,100,99873,100,100047,100,99857,100
2019-06-28 09:39:31.484410585,99963,262,99934,362,99964,162,99909,257,99970,357,99899,257,99974,100,99888,100,99994,100,99883,100,100008,100,99880,100,100017,100,99876,100,100026,100,99874,100,100039,100,99873,100,100047,100,99857,100
2019-06-28 09:39:40.000000000,99963,338,99934,438,99964,243,99909,338,99970,200,99899,100,99974,100,99888,100,99994,100,99883,100,100008,100,99880,100,100017,100,99876,100,100026,100,99874,100,100039,100,99873,100,100047,100,99857,100
2019-06-28 09:39:48.219184673,99963,338,99934,538,99964,243,99909,338,99970,200,99899,100,99974,100,99888,100,99994,100,99883,100,100008,100,99880,100,100017,100,99876,100,100026,100,99874,100,100039,100,99873,100,100047,100,99857,100
2019-06-28 09:39:50.000000000,99963,577,99934,777,99964,5,99909,100,99970,200,99899,100,99974,100,99888,100,99994,100,99883,100,100008,100,99880,100,100017,100,99876,100,100026,100,99874,100,100039,100,99873,100,100047,100,99857,100
2019-06-28 09:39:54.269401237,99963,477,99934,777,99964,5,99909,100,99970,200,99899,100,99974,100,99888,100,99994,100,99883,100,100008,100,99880,100,100017,100,99876,100,100026,100,99874,100,100039,100,99873,100,100047,100,99857,100
2019-06-28 09:40:00.000000000,99964,167,99934,462,99970,357,99909,257,99974,257,99899,257,99994,100,99888,100,100008,100,99883,100,100017,100,99880,100,100026,100,99876,100,100039,100,99874,100,100047,100,99873,100,100048,100,99857,100
2019-06-28 09:40:10.000000000,99964,482,99934,777,99970,200,99909,100,99974,100,99899,100,99994,100,99888,100,100008,100,99883,100,100017,100,99880,100,100026,100,99876,100,100039,100,99874,100,100047,100,99873,100,100048,100,99857,100
2019-06-28 09:40:20.000000000,99964,100,99934,395,99970,295,99909,195,99974,195,99899,195,99994,195,99888,195,100008,195,99883,195,100017,100,99880,100,100026,100,99876,100,100039,100,99874,100,100047,100,99873,100,100048,100,99857,100
2019-06-28 09:40:25.544785344,99964,100,99934,295,99970,295,99909,195,99974,195,99899,195,99994,195,99888,195,100008,195,99883,195,100017,100,99880,100,100026,100,99876,100,100039,100,99874,100,100047,100,99873,100,100048,100,99857,100
2019-06-28 09:40:25.678566482,99970,295,99934,295,99974,195,99909,195,99994,195,99899,195,100008,195,99888,195,100017,100,99883,195,100026,100,99880,100,100039,100,99876,100,100047,100,99874,100,100048,100,99873,100,100052,100,99857,100
2019-06-28 09:40:30.000000000,99970,438,99934,438,99974,338,99909,338,99994,100,99899,100,100008,100,99888,100,100017,100,99883,100,100026,100,99880,100,100039,100,99876,100,100047,100,99874,100,100048,100,99873,100,100052,100,99857,100
2019-06-28 09:40:40.000000000,99970,319,99934,319,99974,219,99909,219,99994,219,99899,219,100008,219,99888,219,100017,100,99883,100,100026,100,99880,100,100039,100,99876,100,100047,100,99874,100,100048,100,99873,100,100052,100,99857,100
2019-06-28 09:40:45.697734239,99970,319,99963,100,99974,219,99934,319,99994,219,99909,219,100008,219,99899,219,100017,100,99888,219,100026,100,99883,100,100039,100,99880,100,100047,100,99876,100,100048,100,99874,100,100052,100,99873,100
2019-06-28 09:40:50.000000000,99970,319,99963,219,99974,219,99934,319,99994,219,99909,219,100008,219,99899,219,100017,100,99888,100,100026,100,99883,100,100039,100,99880,100,100047,100,99876,100,100048,100,99874,100,100052,100,99873,100
2019-06-28 09:41:00.000000000,99970,438,99963,338,99974,338,99934,438,99994,100,99909,100,100008,100,99899,100,100017,100,99888,100,100026,100,99883,100,100039,100,99880,100,100047,100,99876,100,100048,100,99874,100,100052,100,99873,100
2019-06-28 09:41:00.933945067,99970,438,99963,338,99974,338,99934,438,99994,100,99909,100,100008,100,99899,100,100017,100,99888,100,100026,100,99883,100,100039,100,99880,100,100047,100,99876,100,100048,100,99874,100,100052,100,99873,100
2019-06-28 09:41:10.000000000,99970,362,99963,262,99974,257,99934,357,99994,257,99909,257,100008,100,99899,100,100017,100,99888,100,100026,100,99883,100,100039,100,99880,100,100047,100,99876,100,100048,100,99874,100,100052,100,99873,100
2019-06-28 09:41:20.000000000,99970,295,99963,195,99974,195,99934,295,99994,195,99909,195,100008,195,99899,195,100017,195,99888,195,100026,100,99883,100,100039,100,99880,100,100047,100,99876,100,100048,100,99874,100,100052,100,99873,100
2019-06-28 09:41:30.000000000,99970,319,99963,219,99974,219,99934,319,99994,219,99909,219,100008,219,99899,219,100017,100,99888,100,100026,100,99883,100,100039,100,99880,100,100047,100,99876,100,100048,100,99874,100,100052,100,99873,100
2019-06-28 09:41:33.944907207,99970,319,99963,219,99974,219,99934,319,99994,219,99909,219,100008,219,99899,219,100017,100,99888,100,100026,100,99883,100,100039,100,99880,100,100047,100,99876,100,100048,100,99874,100,100052,100,99873,100
2019-06-28 09:41:40.000000000,99970,362,99963,262,99974,257,99934,357,99994,257,99909,257,100008,100,99899,100,100017,100,99888,100,100026,100,99883,100,100039,100,99880,100,100047,100,99876,100,100048,100,99874,100,100052,100,99873,100
2019-06-28 09:41:50.000000000,99970,319,99963,219,99974,219,99934,319,99994,219,99909,219,100008,219,99899,219,100017,100,99888,100,100026,100,99883,100,100039,100,99880,100,100047,100,99876,100,100048,100,99874,100,100052,100,99873,100
2019-06-28 09:42:00.000000000,99970,438,99963,338,99974,338,99934,438,99994,100,99909,100,100008,100,99899,100,100017,100,99888,100,100026,100,99883,100,100039,100,99880,100,100047,100,99876,100,100048,100,99874,100,100052,100,99873,100
2019-06-28 09:42:02.679361586,99970,438,99963,338,99974,338,99934,438,99994,100,99909,100,100008,100,99899,100,100017,100,99888,100,100026,100,99883,100,100039,100,99880,100,100047,100,99876,100,100048,100,99874,100,100052,100,99873,100
2019-06-28 09:42:04.611742976,99970,338,99963,438,99974,338,99934,438,99994,100,99909,100,100008,100,99899,100,100017,100,99888,100,100026,100,99883,100,100039,100,99880,100,100047,100,99876,100,100048,100,99874,100,100052,100,99873,100
2019-06-28 09:42:10.000000000,99970,262,99963,362,99974,257,99934,357,99994,257,99909,257,100008,100,99899,100,100017,100,99888,100,100026,100,99883,100,100039,100,99880,100,100047,100,99876,100,100048,100,99874,100,100052,100,99873,100
2019-06-28 09:42:20.000000000,99970,577,99963,677,99974,100,99934,200,99994,100,99909,100,100008,100,99899,100,100017,100,99888,100,100026,100,99883,100,100039,100,99880,100,100047,100,99876,100,100048,100,99874,100,100052,100,99873,100
2019-06-28 09:42:30.000000000,99970,219,99963,319,99974,219,99934,319,99994,219,99909,219,100008,219,99899,219,100017,100,99888,100,100026,100,99883,100,100039,100,99880,100,100047,100,99876,100,100048,100,99874,100,100052,100,99873,100
2019-06-28 09:42:40.000000000,99970,338,99963,438,99974,338,99934,438,99994,100,99909,100,100008,100,99899,100,100017,100,99888,100,100026,100,99883,100,100039,100,99880,100,100047,100,99876,100,100048,100,99874,100,100052,100,99873,100
2019-06-28 09:42:50.000000000,99970,195,99963,295,99974,195,99934,295,99994,195,99909,195,100008,195,99899,195,100017,195,99888,195,100026,100,99883,100,100039,100,99880,100,100047,100,99876,100,100048,100,99874,100,100052,100,99873,100
2019-06-28 09:42:54.454138453,99970,195,99963,295,99974,195,99934,295,99994,195,99909,195,100008,195,99907,100,100017,195,99899,195,100026,100,99888,195,100039,100,99883,100,100047,100,99880,100,100048,100,99876,100,100052,100,99874,100
2019-06-28 09:42:58.025466254,99970,195,99963,295,99974,195,99934,295,99994,195,99909,195,100008,195,99907,100,100017,195,99899,195,100026,100,99888,195,100039,100,99883,100,100047,100,99880,100,100048,100,99876,100,100052,100,99874,100
2019-06-28 09:42:59.465770734,99970,195,99963,295,99974,195,99934,295,99994,195,99909,195,100008,195,99907,100,100017,195,99899,195,100026,100,99888,195,100039,100,99883,100,100047,100,99880,100,100048,100,99876,100,100052,100,99874,100
2019-06-28 09:43:00.000000000,99970,195,99963,295,99974,195,99934,295,99994,195,99909,195,100008,195,99907,195,100017,195,99899,195,100026,100,99888,100,100039,100,99883,100,100047,100,99880,100,100048,100,99876,100,100052,100,99874,100
2019-06-28 09:43:06.035900959,99970,195,99963,395,99974,195,99934,295,99994,195,99909,195,100008,195,99907,195,100017,195,99899,195,100026,100,99888,100,100039,100,99883,100,100047,100,99880,100,100048,100,99876,100,100052,100,99874,100
2019-06-28 09:43:10.000000000,99970,219,99963,419,99974,219,99934,319,99994,219,99909,219,100008,219,99907,219,100017,100,99899,100,100026,100,99888,100,100039,100,99883,100,100047,100,99880,100,100048,100,99876,100,100052,100,99874,100
2019-06-28 09:43:17.799965796,99970,219,99963,319,99974,219,99934,319,99994,219,99909,219,100008,219,99907,219,100017,100,99899,100,100026,100,99888,100,100039,100,99883,100,100047,100,99880,100,100048,100,99876,100,100052,100,99874,100
2019-06-28 09:43:20.000000000,99970,338,99963,438,99974,338,99934,438,99994,100,99909,100,100008,100,99907,100,100017,100,99899,100,100026,100,99888,100,100039,100,99883,100,100047,100,99880,100,100048,100,99876,100,100052,100,99874,100
2019-06-28 09:43:30.000000000,99970,195,99963,295,99974,195,99934,295,99994,195,99909,195,100008,195,99907,195,100017,195,99899,195,100026,100,99888,100,100039,100,99883,100,100047,100,99880,100,100048,100,99876,100,100052,100,99874,100
2019-06-28 09:43:37.619138859,99970,195,99963,195,99974,195,99934,295,99994,195,99909,195,100008,195,99907,95,100017,195,99899,195,100026,100,99888,100,100039,100,99883,100,100047,100,99880,100,100048,100,99876,100,100052,100,99874,100
2019-06-28 09:43:38.848171507,99970,195,99963,195,99974,195,99934,295,99994,195,99909,195,100008,195,99907,95,100017,195,99899,195,100026,100,99888,100,100039,100,99883,100,100047,100,99880,100,100048,100,99876,100,100052,100,99874,100
2019-06-28 09:43:40.000000000,99970,577,99963,577,99974,100,99934,200,99994,100,99909,100,100008,100,99899,100,100017,100,99888,100,100026,100,99883,100,100039,100,99880,100,100047,100,99876,100,100048,100,99874,100,100052,100,99857,100
2019-06-28 09:43:48.404260893,99970,577,99963,577,99974,100,99934,200,99994,100,99909,100,100008,100,99899,100,100017,100,99888,100,100026,100,99883,100,100039,100,99880,100,100047,100,99876,100,100048,100,99874,100,100052,100,99857,100
2019-06-28 09:43:50.000000000,99970,195,99963,195,99974,195,99934,295,99994,195,99909,195,100008,195,99899,195,100017,195,99888,195,100026,100,99883,100,100039,100,99880,100,100047,100,99876,100,100048,100,99874,100,100052,100,99857,100
2019-06-28 09:43:55.680771132,99970,195,99963,195,99974,195,99934,295,99994,195,99909,195,100008,195,99899,195,100017,195,99888,195,100026,100,99883,100,100039,100,99880,100,100047,100,99876,100,100048,100,99874,100,100052,100,99857,100
2019-06-28 09:43:56.808296062,99970,195,99963,95,99974,195,99934,295,99994,195,99909,195,100008,195,99899,195,100017,195,99888,195,100026,100,99883,100,100039,100,99880,100,100047,100,99876,100,100048,100,99874,100,100052,100,99857,100
2019-06-28 09:43:57.368732790,99963,5,99934,295,99970,195,99909,195,99974,195,99899,195,99994,195,99888,195,100008,195,99883,100,100017,195,99880,100,100026,100,99876,100,100039,100,99874,100,100047,100,99857,100,100048,100,99841,100
2019-06-28 09:44:00.000000000,99963,124,99934,319,99970,219,99909,219,99974,219,99899,219,99994,219,99888,219,100008,100,99883,100,100017,100,99880,100,100026,100,99876,100,100039,100,99874,100,100047,100,99857,100,100048,100,99841,100
2019-06-28 09:44:07.908058965,99963,124,99934,319,99970,219,99909,219,99974,219,99899,219,99994,219,99888,219,100008,100,99883,100,100017,100,99876,100,100026,100,99874,100,100039,100,99857,100,100047,100,99841,100,100048,100,99834,100
2019-06-28 09:44:10.000000000,99963,243,99934,438,99970,338,99909,338,99974,100,99899,100,99994,100,99888,100,100008,100,99883,100,100017,100,99876,100,100026,100,99874,100,100039,100,99857,100,100047,100,99841,100,100048,100,99834,100
2019-06-28 09:44:12.990653908,99963,243,99934,438,99970,338,99909,338,99974,100,99899,100,99994,100,99888,100,100008,100,99883,100,100017,100,99880,100,100026,100,99876,100,100039,100,99874,100,100047,100,99857,100,100048,100,99841,100
2019-06-28 09:44:20.000000000,99963,243,99934,438,99970,338,99909,338,99974,100,99899,100,99994,100,99888,100,100008,100,99883,100,100017,100,99880,100,100026,100,99876,100,100039,100,99874,100,100047,100,99857,100,100048,100,99841,100
2019-06-28 09:44:30.000000000,99963,243,99934,438,99970,338,99909,338,99974,100,99899,100,99994,100,99888,100,100008,100,99883,100,100017,100,99880,100,100026,100,99876,100,100039,100,99874,100,100047,100,99857,100,100048,100,99841,100
2019-06-28 09:44:40.000000000,99963,124,99934,319,99970,219,99909,219,99974,219,99899,219,99994,219,99888,219,100008,100,99883,100,100017,100,99880,100,100026,100,99876,100,100039,100,99874,100,100047,100,99857,100,100048,100,99841,100
2019-06-28 09:44:50.000000000,99963,482,99934,677,99970,100,99909,100,99974,100,99899,100,99994,100,99888,100,100008,100,99883,100,100017,100,99880,100,100026,100,99876,100,100039,100,99874,100,100047,100,99857,100,100048,100,99841,100
2019-06-28 09:44:56.635547909,99963,382,99934,677,99970,100,99909,100,99974,100,99899,100,99994,100,99888,100,100008,100,99883,100,100017,100,99880,100,100026,100,99876,100,100039,100,99874,100,100047,100,99857,100,100048,100,99841,100
2019-06-28 09:45:00.000000000,99970,219,99934,319,99974,219,99909,219,99994,219,99899,219,100008,219,99888,219,100017,100,99883,100,100026,100,99880,100,100039,100,99876,100,100047,100,99874,100,100048,100,99857,100,100052,100,99841,100
2019-06-28 09:45:10.000000000,99970,577,99934,677,99974,100,99909,100,99994,100,99899,100,100008,100,99888,100,100017,100,99883,100,100026,100,99880,100,100039,100,99876,100,100047,100,99874,100,100048,100,99857,100,100052,100,99841,100
2019-06-28 09:45:20.000000000,99970,219,99934,319,99974,219,99909,219,99994,219,99899,219,100008,219,99888,219,100017,100,99883,100,100026,100,99880,100,100039,100,99876,100,100047,100,99874,100,100048,100,99857,100,100052,100,99841,100
2019-06-28 09:45:27.636973474,99970,219,99934,319,99974,219,99909,219,99994,219,99899,219,100008,219,99897,100,100017,100,99888,219,100026,100,99883,100,100039,100,99880,100,100047,100,99876,100,100048,100,99874,100,100052,100,99857,100
2019-06-28 09:45:30.000000000,99970,195,99934,295,99974,195,99909,195,99994,195,99899,195,100008,195,99897,195,100017,195,99888,195,100026,100,99883,100,100039,100,99880,100,100047,100,99876,100,100048,100,99874,100,100052,100,99857,100
2019-06-28 09:45:31.779544136,99962,100,99934,295,99970,195,99909,195,99974,195,99899,195,99994,195,99897,195,100008,195,99888,195,100017,195,99883,100,100026,100,99880,100,100039,100,99876,100,100047,100,99874,100,100048,100,99857,100
2019-06-28 09:45:39.092300485,99970,195,99934,295,99974,195,99909,195,99994,195,99899,195,100008,195,99897,195,100017,195,99888,195,100026,100,99883,100,100039,100,99880,100,100047,100,99876,100,100048,100,99874,100,100052,100,99857,100
2019-06-28 09:45:40.000000000,99970,577,99934,677,99974,100,99909,100,99994,100,99899,100,100008,100,99897,100,100017,100,99888,100,100026,100,99883,100,100039,100,99880,100,100047,100,99876,100,100048,100,99874,100,100052,100,99857,100
2019-06-28 09:45:43.257084056,99937,100,99934,677,99970,577,99909,100,99974,100,99899,100,99994,100,99897,100,100008,100,99888,100,100017,100,99883,100,100026,100,99880,100,100039,100,99876,100,100047,100,99874,100,100048,100,99857,100
2019-06-28 09:45:50.000000000,99937,219,99934,319,99970,219,99909,219,99974,219,99899,219,99994,219,99897,219,100008,100,99888,100,100017,100,99883,100,100026,100,99880,100,100039,100,99876,100,100047,100,99874,100,100048,100,99857,100
2019-06-28 09:46:00.000000000,99937,338,99934,438,99970,338,99909,338,99974,100,99899,100,99994,100,99897,100,100008,100,99888,100,100017,100,99883,100,100026,100,99880,100,100039,100,99876,100,100047,100,99874,100,100048,100,99857,100
2019-06-28 09:46:10.000000000,99937,195,99934,295,99970,195,99909,195,99974,195,99899,195,99994,195,99897,195,100008,195,99888,195,100017,100,99883,100,100026,100,99880,100,100039,100,99876,100,100047,100,99874,100,100048,100,99857,100
2019-06-28 09:46:20.000000000,99937,219,99934,319,99970,219,99909,219,99974,219,99899,219,99994,219,99897,219,100008,100,99888,100,100017,100,99883,100,100026,100,99880,100,100039,100,99876,100,100047,100,99874,100,100048,100,99857,100
2019-06-28 09:46:30.000000000,99937,195,99934,295,99970,195,99909,195,99974,195,99899,195,99994,195,99897,195,100008,195,99888,195,100017,100,99883,100,100026,100,99880,100,100039,100,99876,100,100047,100,99874,100,100048,100,99857,100
2019-06-28 09:46:31.841163392,99937,195,99934,295,99970,195,99909,195,99974,195,99899,195,99994,195,99897,195,100008,195,99888,195,100017,100,99883,100,100026,100,99880,100,100039,100,99876,100,100047,100,99874,100,100048,100,99857,100
2019-06-28 09:46:40.000000000,99937,219,99934,319,99970,219,99909,219,99974,219,99899,219,99994,219,99897,219,100008,100,99888,100,100017,100,99883,100,100026,100,99880,100,100039,100,99876,100,100047,100,99874,100,100048,100,99857,100
2019-06-28 09:46:48.528884419,99937,219,99934,319,99970,219,99909,219,99974,219,99899,219,99994,219,99897,219,100008,100,99888,100,100017,100,99883,100,100026,100,99880,100,100039,100,99876,100,100047,100,99874,100,100048,100,99857,100
2019-06-28 09:46:50.000000000,99937,577,99934,677,99970,100,99909,100,99974,100,99899,100,99994,100,99897,100,100008,100,99888,100,100017,100,99883,100,100026,100,99880,100,100039,100,99876,100,100047,100,99874,100,100048,100,99857,100
2019-06-28 09:47:00.000000000,99937,262,99934,362,99970,257,99909,257,99974,257,99899,257,99994,100,99897,100,100008,100,99888,100,100017,100,99883,100,100026,100,99880,100,100039,100,99876,100,100047,100,99874,100,100048,100,99857,100
2019-06-28 09:47:10.000000000,99937,262,99934,362,99970,257,99909,257,99974,257,99899,257,99994,100,99897,100,100008,100,99888,100,100017,100,99883,100,100026,100,99880,100,100039,100,99876,100,100047,100,99874,100,100048,100,99857,100
2019-06-28 09:47:14.481003929,99937,262,99934,362,99970,257,99909,257,99974,257,99899,257,99994,100,99898,100,100008,100,99897,100,100017,100,99888,100,100026,100,99883,100,100039,100,99876,100,100047,100,99874,100,100048,100,99857,100
2019-06-28 09:47:20.000000000,99937,262,99934,362,99970,257,99909,257,99974,257,99899,257,99994,100,99898,100,100008,100,99897,100,100017,100,99888,100,100026,100,99883,100,100039,100,99876,100,100047,100,99874,100,100048,100,99857,100
2019-06-28 09:47:30.000000000,99937,195,99934,295,99970,195,99909,195,99974,195,99899,195,99994,195,99898,195,100008,195,99897,195,100017,100,99888,100,100026,100,99883,100,100039,100,99876,100,100047,100,99874,100,100048,100,99857,100
2019-06-28 09:47:40.000000000,99937,262,99934,362,99970,257,99909,257,99974,257,99899,257,99994,100,99898,100,100008,100,99897,100,100017,100,99888,100,100026,100,99883,100,100039,100,99876,100,100047,100,99874,100,100048,100,99857,100
2019-06-28 09:47:50.000000000,99937,195,99934,295,99970,195,99909,195,99974,195,99899,195,99994,195,99898,195,100008,195,99897,195,100017,100,99888,100,100026,100,99883,100,100039,100,99876,100,100047,100,99874,100,100048,100,99857,100
2019-06-28 09:47:57.388099723,99937,195,99934,295,99970,195,99909,195,99974,195,99899,195,99994,195,99898,195,100008,295,99897,195,100017,100,99888,100,100026,100,99883,100,100047,100,99876,100,100048,100,99874,100,100052,100,99857,100
2019-06-28 09:48:00.000000000,99937,262,99934,362,99970,257,99909,257,99974,257,99899,257,99994,100,99898,100,100008,200,99897,100,100017,100,99888,100,100026,100,99883,100,100047,100,99876,100,100048,100,99874,100,100052,100,99857,100
2019-06-28 09:48:04.093236169,99937,162,99934,362,99970,257,99909,257,99974,257,99899,257,99994,100,99898,100,100008,200,99897,100,100017,100,99888,100,100026,100,99883,100,100047,100,99876,100,100048,100,99874,100,100052,100,99841,100
2019-06-28 09:48:07.846656970,99937,162,99934,362,99970,257,99909,257,99974,257,99899,257,99994,100,99898,100,100008,200,99897,100,100017,100,99888,100,100026,100,99883,100,100047,100,99876,100,100048,100,99874,100,100052,100,99841,100
2019-06-28 09:48:10.000000000,99970,219,99934,319,99974,219,99909,219,99994,219,99899,219,100008,319,99898,219,100017,100,99897,100,100026,100,99888,100,100047,100,99883,100,100048,100,99876,100,100052,100,99874,100,100083,100,99841,100
2019-06-28 09:48:12.565515678,99970,219,99934,319,99974,219,99909,219,99994,219,99899,219,100008,319,99898,119,100017,100,99897,100,100026,100,99888,100,100047,100,99883,100,100048,100,99876,100,100052,100,99874,100,100083,100,99841,100
2019-06-28 09:48:20.000000000,99970,577,99934,677,99974,100,99909,100,99994,100,99899,100,100008,200,99897,100,100017,100,99888,100,100026,100,99883,100,100047,100,99876,100,100048,100,99874,100,100052,100,99841,100,100083,100,99834,100
2019-06-28 09:48:30.000000000,99970,195,99934,295,99974,195,99909,195,99994,195,99899,195,100008,295,99897,195,100017,195,99888,195,100026,100,99883,100,100047,100,99876,100,100048,100,99874,100,100052,100,99841,100,100083,100,99834,100
2019-06-28 09:48:35.769221190,99970,195,99934,295,99974,195,99909,195,99994,195,99899,195,100008,195,99897,195,100017,195,99888,195,100026,100,99883,100,100047,100,99876,100,100048,100,99874,100,100052,100,99841,100,100083,100,99834,100
2019-06-28 09:48:37.729923107,99970,195,99934,295,99974,195,99909,195,99994,195,99899,195,100008,195,99897,195,100017,195,99888,195,100026,100,99883,100,100047,100,99876,100,100048,100,99874,100,100083,100,99841,100,100104,100,99834,100
2019-06-28 09:48:40.000000000,99970,195,99934,295,99974,195,99909,195,99994,195,99899,195,100008,195,99897,195,100017,195,99888,195,100026,100,99883,100,100047,100,99876,100,100048,100,99874,100,100083,100,99841,100,100104,100,99834,100
2019-06-28 09:48:50.000000000,99970,262,99934,362,99974,257,99909,257,99994,257,99899,257,100008,100,99897,100,100017,100,99888,100,100026,100,99883,100,100047,100,99876,100,100048,100,99874,100,100083,100,99841,100,100104,100,99834,100
2019-06-28 09:48:52.677890173,99970,262,99934,362,99974,257,99909,257,99981,100,99899,257,99994,257,99897,100,100008,100,99888,100,100017,100,99883,100,100026,100,99876,100,100047,100,99874,100,100048,100,99841,100,100083,100,99834,100
2019-06-28 09:48:55.159310166,99970,262,99934,362,99974,257,99909,257,99981,100,99899,257,99994,257,99897,100,100008,100,99888,100,100017,100,99883,100,100026,200,99876,100,100047,100,99874,100,100048,100,99841,100,100083,100,99834,100
2019-06-28 09:49:00.000000000,99970,219,99934,319,99974,219,99909,219,99981,219,99899,219,99994,219,99897,219,100008,100,99888,100,100017,100,99883,100,100026,200,99876,100,100047,100,99874,100,100048,100,99841,100,100083,100,99834,100
2019-06-28 09:49:10.000000000,99970,577,99934,677,99974,100,99909,100,99981,100,99899,100,99994,100,99897,100,100008,100,99888,100,100017,100,99883,100,100026,200,99876,100,100047,100,99874,100,100048,100,99841,100,100083,100,99834,100
2019-06-28 09:49:20.000000000,99970,195,99934,295,99974,195,99909,195,99981,195,99899,195,99994,195,99897,195,100008,195,99888,195,100017,100,99883,100,100026,200,99876,100,100047,100,99874,100,100048,100,99841,100,100083,100,99834,100
2019-06-28 09:49:29.257490663,99970,195,99934,195,99974,195,99909,195,99981,195,99899,195,99994,195,99897,195,100008,195,99888,195,100017,100,99883,100,100026,200,99876,100,100047,100,99874,100,100048,100,99841,100,100083,100,99834,100
2019-06-28 09:49:30.000000000,99970,219,99934,219,99974,219,99909,219,99981,219,99899,219,99994,219,99897,219,100008,100,99888,100,100017,100,99883,100,100026,200,99876,100,100047,100,99874,100,100048,100,99841,100,100083,100,99834,100
2019-06-28 09:49:40.000000000,99970,195,99934,195,99974,195,99909,195,99981,195,99899,195,99994,195,99897,195,100008,195,99888,195,100017,100,99883,100,100026,200,99876,100,100047,100,99874,100,100048,100,99841,100,100083,100,99834,100
2019-06-28 09:49:50.000000000,99970,219,99934,219,99974,219,99909,219,99981,219,99899,219,99994,219,99897,219,100008,100,99888,100,100017,100,99883,100,100026,200,99876,100,100047,100,99874,100,100048,100,99841,100,100083,100,99834,100
2019-06-28 09:50:00.000000000,99970,219,99934,219,99974,219,99909,219,99981,219,99899,219,99994,219,99897,219,100008,100,99888,100,100017,100,99883,100,100026,200,99876,100,100047,100,99874,100,100048,100,99841,100,100083,100,99834,100
2019-06-28 09:50:02.758846628,99970,219,99937,100,99974,219,99934,219,99981,219,99909,219,99994,219,99899,219,100008,100,99897,219,100017,100,99888,100,100026,200,99883,100,100047,100,99876,100,100048,100,99874,100,100083,100,99841,100
2019-06-28 09:50:10.000000000,99970,219,99937,219,99974,219,99934,219,99981,219,99909,219,99994,219,99899,219,100008,100,99897,100,100017,100,99888,100,100026,200,99883,100,100047,100,99876,100,100048,100,99874,100,100083,100,99841,100
2019-06-28 09:50:20.000000000,99970,195,99937,195,99974,195,99934,195,99981,195,99909,195,99994,195,99899,195,100008,195,99897,195,100017,100,99888,100,100026,200,99883,100,100047,100,99876,100,100048,100,99874,100,100083,100,99841,100
2019-06-28 09:50:26.874617323,99970,195,99937,295,99974,195,99934,195,99981,195,99909,195,99994,195,99899,195,100008,195,99897,195,100017,100,99888,100,100026,200,99883,100,100047,100,99876,100,100048,100,99874,100,100083,100,99841,100
2019-06-28 09:50:30.000000000,99970,262,99937,362,99974,257,99934,257,99981,257,99909,257,99994,100,99899,100,100008,100,99897,100,100017,100,99888,100,100026,200,99883,100,100047,100,99876,100,100048,100,99874,100,100083,100,99841,100
2019-06-28 09:50:37.487979556,99970,162,99937,362,99974,257,99934,257,99981,257,99909,257,99994,100,99899,100,100008,100,99897,100,100017,100,99888,100,100026,200,99883,100,100047,100,99876,100,100048,100,99874,100,100083,100,99841,100
2019-06-28 09:50:40.000000000,99974,338,99937,438,99981,338,99934,338,99994,100,99909,100,100008,100,99899,100,100017,100,99897,100,100026,200,99888,100,100047,100,99883,100,100048,100,99876,100,100083,100,99874,100,100104,100,99841,100
2019-06-28 09:50:40.964327563,99974,338,99937,438,99981,338,99934,338,99994,100,99909,100,100008,100,99899,100,100017,100,99897,100,100026,200,99888,100,100047,100,99883,100,100048,100,99876,100,100083,100,99874,100,100104,100,99841,100
2019-06-28 09:50:50.000000000,99974,577,99937,677,99981,100,99934,100,99994,100,99909,100,100008,100,99899,100,100017,100,99897,100,100026,200,99888,100,100047,100,99883,100,100048,100,99876,100,100083,100,99874,100,100104,100,99841,100
2019-06-28 09:51:00.000000000,99974,219,99937,319,99981,219,99934,219,99994,219,99909,219,100008,219,99899,219,100017,100,99897,100,100026,200,99888,100,100047,100,99883,100,100048,100,99876,100,100083,100,99874,100,100104,100,99841,100
2019-06-28 09:51:10.000000000,99974,262,99937,362,99981,257,99934,257,99994,257,99909,257,100008,100,99899,100,100017,100,99897,100,100026,200,99888,100,100047,100,99883,100,100048,100,99876,100,100083,100,99874,100,100104,100,99841,100
2019-06-28 09:51:20.000000000,99974,195,99937,295,99981,195,99934,195,99994,195,99909,195,100008,195,99899,195,100017,195,99897,195,100026,200,99888,100,100047,100,99883,100,100048,100,99876,100,100083,100,99874,100,100104,100,99841,100
2019-06-28 09:51:30.000000000,99974,195,99937,295,99981,195,99934,195,99994,195,99909,195,100008,195,99899,195,100017,195,99897,195,100026,200,99888,100,100047,100,99883,100,100048,100,99876,100,100083,100,99874,100,100104,100,99841,100
2019-06-28 09:51:38.909319353,99974,195,99937,295,99981,195,99934,195,99994,195,99909,195,100008,195,99899,195,100017,195,99897,195,100026,200,99888,100,100048,100,99883,100,100083,100,99876,100,100104,100,99874,100,100111,100,99841,100
2019-06-28 09:51:40.000000000,99974,338,99937,438,99981,338,99934,338,99994,100,99909,100,100008,100,99899,100,100017,100,99897,100,100026,200,99888,100,100048,100,99883,100,100083,100,99876,100,100104,100,99874,100,100111,100,99841,100
2019-06-28 09:51:41.532271362,99974,338,99937,438,99981,338,99934,338,99994,100,99909,100,100008,100,99899,100,100017,100,99897,100,100026,200,99888,100,100048,100,99883,100,100083,100,99876,100,100104,100,99874,100,100111,100,99841,100
2019-06-28 09:51:50.000000000,99974,262,99937,362,99981,257,99934,257,99994,257,99909,257,100008,100,99899,100,100017,100,99897,100,100026,200,99888,100,100048,100,99883,100,100083,100,99876,100,100104,100,99874,100,100111,100,99841,100
2019-06-28 09:51:51.099828148,99974,262,99937,262,99981,257,99934,257,99994,257,99909,257,100008,100,99899,100,100017,100,99897,100,100026,200,99883,100,100048,100,99876,100,100083,100,99874,100,100104,100,99841,100,100111,100,99834,100
2019-06-28 09:51:52.293407796,99974,262,99937,262,99981,257,99934,257,99994,257,99909,257,100008,100,99899,100,100017,100,99897,100,100026,200,99883,100,100083,100,99876,100,100104,100,99874,100,100111,100,99841,100,100126,100,99834,100
2019-06-28 09:51:55.517517712,99974,262,99937,262,99981,257,99934,257,99994,257,99909,257,100008,100,99899,100,100017,100,99897,100,100026,200,99883,100,100083,100,99876,100,100104,100,99874,100,100111,100,99841,100,100126,100,99834,100
2019-06-28 09:52:00.000000000,99974,577,99937,577,99981,100,99934,100,99994,100,99909,100,100008,100,99899,100,100017,100,99897,100,100026,200,99883,100,100083,100,99876,100,100104,100,99874,100,100111,100,99841,100,100126,100,99834,100
2019-06-28 09:52:03.837441456,99974,577,99937,577,99981,100,99934,100,99994,100,99909,100,100008,100,99899,100,100017,100,99897,100,100026,200,99883,100,100083,100,99876,100,100104,100,99874,100,100111,100,99841,100,100126,100,99834,100
2019-06-28 09:52:09.958432481,99974,577,99937,477,99981,100,99934,100,99994,100,99909,100,100008,100,99899,100,100017,100,99897,100,100026,200,99883,100,100083,100,99876,100,100104,100,99874,100,100111,100,99841,100,100126,100,99834,100
2019-06-28 09:52:10.000000000,99974,262,99934,262,99981,257,99909,257,99994,257,99899,257,100008,100,99897,100,100017,100,99883,100,100026,200,99876,100,100083,100,99874,100,100104,100,99841,100,100111,100,99834,100,100126,100,99828,100
2019-06-28 09:52:13.905494620,99974,162,99934,262,99981,257,99909,257,99994,257,99899,257,100008,100,99897,100,100017,100,99883,100,100026,200,99876,100,100083,100,99874,100,100104,100,99841,100,100111,100,99834,100,100126,100,99828,100
2019-06-28 09:52:20.000000000,99981,338,99934,338,99994,338,99909,338,100008,100,99899,100,100017,100,99897,100,100026,200,99883,100,100083,100,99876,100,100104,100,99874,100,100111,100,99841,100,100126,100,99834,100,100135,100,99828,100
2019-06-28 09:52:30.000000000,99981,262,99934,262,99994,257,99909,257,100008,257,99899,257,100017,100,99897,100,100026,200,99883,100,100083,100,99876,100,100104,100,99874,100,100111,100,99841,100,100126,100,99834,100,100135,100,99828,100
2019-06-28 09:52:40.000000000,99981,219,99934,219,99994,219,99909,219,100008,219,99899,219,100017,219,99897,219,100026,200,99883,100,100083,100,99876,100,100104,100,99874,100,100111,100,99841,100,100126,100,99834,100,100135,100,99828,100
2019-06-28 09:52:48.378798253,99981,219,99934,119,99994,219,99909,219,100008,219,99899,219,100017,219,99897,219,100026,200,99883,100,100083,100,99876,100,100104,100,99874,100,100111,100,99841,100,100126,100,99834,100,100135,100,99828,100
2019-06-28 09:52:50.000000000,99981,262,99909,262,99994,257,99899,257,100008,257,99897,257,100017,100,99883,100,100026,200,99876,100,100083,100,99874,100,100104,100,99841,100,100111,100,99834,100,100126,100,99828,100,100135,100,99793,100
2019-06-28 09:52:51.829231388,99981,262,99909,262,99994,257,99899,257,100008,257,99897,257,100017,100,99883,100,100026,200,99876,100,100083,100,99874,100,100104,100,99841,100,100111,100,99834,100,100126,100,99828,100,100135,100,99793,100
2019-06-28 09:52:53.485736421,99937,100,99909,262,99981,262,99899,257,99994,257,99897,257,100008,257,99883,100,100017,100,99876,100,100026,200,99874,100,100083,100,99841,100,100104,100,99834,100,100111,100,99828,100,100126,100,99793,100
2019-06-28 09:53:00.000000000,99937,219,99909,219,99981,219,99899,219,99994,219,99897,219,100008,219,99883,219,100017,100,99876,100,100026,200,99874,100,100083,100,99841,100,100104,100,99834,100,100111,100,99828,100,100126,100,99793,100
2019-06-28 09:53:10.000000000,99937,195,99909,195,99981,195,99899,195,99994,195,99897,195,100008,195,99883,195,100017,195,99876,195,100026,200,99874,100,100083,100,99841,100,100104,100,99834,100,100111,100,99828,100,100126,100,99793,100
2019-06-28 09:53:20.000000000,99937,219,99909,219,99981,219,99899,219,99994,219,99897,219,100008,219,99883,219,100017,100,99876,100,100026,200,99874,100,100083,100,99841,100,100104,100,99834,100,100111,100,99828,100,100126,100,99793,100
2019-06-28 09:53:25.521814529,99937,219,99909,219,99981,219,99899,219,99994,219,99897,219,100008,219,99883,219,100017,100,99876,100,100026,200,99874,100,100083,100,99841,100,100104,100,99834,100,100111,100,99828,100,100121,100,99793,100
2019-06-28 09:53:30.000000000,99937,195,99909,195,99981,195,99899,195,99994,195,99897,195,100008,195,99883,195,100017,195,99876,195,100026,200,99874,100,100083,100,99841,100,100104,100,99834,100,100111,100,99828,100,100121,100,99793,100
2019-06-28 09:53:40.000000000,99937,219,99909,219,99981,219,99899,219,99994,219,99897,219,100008,219,99883,219,100017,100,99876,100,100026,200,99874,100,100083,100,99841,100,100104,100,99834,100,100111,100,99828,100,100121,100,99793,100
2019-06-28 09:53:45.015421395,99937,119,99909,219,99981,219,99899,219,99994,119,99897,219,100008,219,99883,219,100017,100,99876,100,100026,200,99874,100,100083,100,99841,100,100104,100,99834,100,100111,100,99828,100,100121,100,99793,100
2019-06-28 09:53:50.000000000,99981,262,99909,262,100008,257,99899,257,100017,257,99897,257,100026,200,99883,100,100083,100,99876,100,100104,100,99874,100,100111,100,99841,100,100121,100,99834,100,100126,100,99828,100,100135,100,99793,100
2019-06-28 09:54:00.000000000,99981,338,99909,338,100008,338,99899,338,100017,100,99897,100,100026,200,99883,100,100083,100,99876,100,100104,100,99874,100,100111,100,99841,100,100121,100,99834,100,100126,100,99828,100,100135,100,99793,100
2019-06-28 09:54:00.987461067,99981,238,99909,338,100008,338,99899,338,100017,100,99897,100,100026,200,99883,100,100083,100,99876,100,100104,100,99874,100,100111,100,99841,100,100121,100,99834,100,100126,100,99793,100,100135,100,99772,100
2019-06-28 09:54:10.000000000,100008,195,99909,195,100017,195,99899,195,100026,295,99897,195,100083,195,99883,195,100104,195,99876,195,100111,100,99874,100,100121,100,99841,100,100126,100,99834,100,100135,100,99793,100,100172,100,99772,100
2019-06-28 09:54:20.000000000,100008,219,99909,219,100017,219,99899,219,100026,319,99897,219,100083,219,99883,219,100104,100,99876,100,100111,100,99874,100,100121,100,99841,100,100126,100,99834,100,100135,100,99793,100,100172,100,99772,100
2019-06-28 09:54:30.000000000,100008,195,99909,195,100017,195,99899,195,100026,295,99897,195,100083,195,99883,195,100104,195,99876,195,100111,100,99874,100,100121,100,99841,100,100126,100,99834,100,100135,100,99793,100,100172,100,99772,100
2019-06-28 09:54:40.000000000,100008,219,99909,219,100017,219,99899,219,100026,319,99897,219,100083,219,99883,219,100104,100,99876,100,100111,100,99874,100,100121,100,99841,100,100126,100,99834,100,100135,100,99793,100,100172,100,99772,100
2019-06-28 09:54:40.871088713,100008,219,99909,219,100017,219,99899,219,100026,319,99897,219,100083,219,99883,219,100104,100,99876,100,100111,100,99874,100,100121,100,99841,100,100126,100,99834,100,100135,100,99793,100,100172,100,99772,100
2019-06-28 09:54:47.270668673,100008,219,99999,100,100017,119,99909,219,100026,319,99899,219,100083,219,99897,219,100104,100,99883,219,100111,100,99876,100,100121,100,99874,100,100126,100,99841,100,100135,100,99834,100,100172,100,99793,100
2019-06-28 09:54:50.000000000,100008,577,99999,577,100026,200,99909,100,100083,100,99899,100,100104,100,99897,100,100111,100,99883,100,100121,100,99876,100,100126,100,99874,100,100135,100,99841,100,100172,100,99834,100,100178,100,99793,100
2019-06-28 09:55:00.000000000,100008,219,99999,219,100026,319,99909,219,100083,219,99899,219,100104,219,99897,219,100111,100,99883,100,100121,100,99876,100,100126,100,99874,100,100135,100,99841,100,100172,100,99834,100,100178,100,99793,100
2019-06-28 09:55:06.600281658,100008,219,99999,119,100026,319,99909,219,100083,119,99899,219,100104,219,99897,219,100111,100,99883,100,100121,100,99876,100,100126,100,99874,100,100135,100,99841,100,100172,100,99834,100,100178,100,99793,100
2019-06-28 09:55:10.000000000,100008,338,99909,338,100026,438,99899,338,100104,100,99897,100,100111,100,99883,100,100121,100,99876,100,100126,100,99874,100,100135,100,99841,100,100172,100,99834,100,100178,100,99793,100,100181,100,99772,100
2019-06-28 09:55:14.635833136,100008,338,100000,100,100026,438,99909,338,100104,100,99899,338,100111,100,99897,100,100121,100,99883,100,100135,100,99876,100,100172,100,99874,100,100178,100,99841,100,100181,100,99834,100,100204,100,99793,100
2019-06-28 09:55:20.000000000,100008,262,100000,262,100026,357,99909,257,100104,257,99899,257,100111,100,99897,100,100121,100,99883,100,100135,100,99876,100,100172,100,99874,100,100178,100,99841,100,100181,100,99834,100,100204,100,99793,100
2019-06-28 09:55:24.248291712,100008,262,100000,162,100026,357,99909,257,100104,257,99899,257,100111,100,99897,100,100121,100,99883,100,100135,100,99876,100,100172,100,99874,100,100178,100,99841,100,100181,100,99793,100,100204,100,99772,100
2019-06-28 09:55:30.000000000,100008,338,99909,338,100026,438,99899,338,100104,100,99897,100,100111,100,99883,100,100121,100,99876,100,100135,100,99874,100,100172,100,99841,100,100178,100,99793,100,100181,100,99772,100,100204,100,99688,100
2019-06-28 09:55:40.000000000,100008,195,99909,195,100026,295,99899,195,100104,195,99897,195,100111,195,99883,195,100121,195,99876,195,100135,100,99874,100,100172,100,99841,100,100178,100,99793,100,100181,100,99772,100,100204,100,99688,100
2019-06-28 09:55:50.000000000,100008,195,99909,195,100026,295,99899,195,100104,195,99897,195,100111,195,99883,195,100121,195,99876,195,100135,100,99874,100,100172,100,99841,100,100178,100,99793,100,100181,100,99772,100,100204,100,99688,100
2019-06-28 09:56:00.000000000,100008,338,99909,338,100026,438,99899,338,100104,100,99897,100,100111,100,99883,100,100121,100,99876,100,100135,100,99874,100,100172,100,99841,100,100178,100,99793,100,100181,100,99772,100,100204,100,99688,100
2019-06-28 09:56:06.420587868,100008,338,99909,338,100026,438,99899,338,100104,100,99897,100,100111,100,99883,100,100121,100,99876,100,100135,100,99874,100,100165,100,99841,100,100172,100,99793,100,100178,100,99772,100,100181,100,99688,100
2019-06-28 09:56:10.000000000,100008,577,99909,577,100026,200,99899,100,100104,100,99897,100,100111,100,99883,100,100121,100,99876,100,100135,100,99874,100,100165,100,99841,100,100172,100,99793,100,100178,100,99772,100,100181,100,99688,100
2019-06-28 09:56:16.107411511,100008,577,99909,577,100026,200,99899,100,100104,100,99897,100,100111,100,99883,100,100121,100,99876,100,100135,100,99874,100,100165,100,99841,100,100172,100,99793,100,100178,100,99772,100,100181,100,99688,100
2019-06-28 09:56:18.761697707,100008,577,99909,577,100026,200,99899,100,100086,100,99897,100,100104,100,99883,100,100111,100,99876,100,100121,100,99874,100,100135,100,99841,100,100165,100,99793,100,100172,100,99772,100,100178,100,99688,100
2019-06-28 09:56:20.000000000,100008,219,99909,219,100026,319,99899,219,100086,219,99897,219,100104,219,99883,219,100111,100,99876,100,100121,100,99874,100,100135,100,99841,100,100165,100,99793,100,100172,100,99772,100,100178,100,99688,100
2019-06-28 09:56:30.000000000,100008,577,99909,577,100026,200,99899,100,100086,100,99897,100,100104,100,99883,100,100111,100,99876,100,100121,100,99874,100,100135,100,99841,100,100165,100,99793,100,100172,100,99772,100,100178,100,99688,100
2019-06-28 09:56:40.000000000,100008,219,99909,219,100026,319,99899,219,100086,219,99897,219,100104,219,99883,219,100111,100,99876,100,100121,100,99874,100,100135,100,99841,100,100165,100,99793,100,100172,100,99772,100,100178,100,99688,100
2019-06-28 09:56:40.962718711,100000,100,99909,219,100008,219,99899,219,100026,319,99897,219,100086,219,99883,219,100104,219,99876,100,100111,100,99874,100,100121,100,99841,100,100135,100,99793,100,100165,100,99772,100,100172,100,99688,100
2019-06-28 09:56:50.000000000,100000,195,99909,195,100008,195,99899,195,100026,295,99897,195,100086,195,99883,195,100104,195,99876,195,100111,100,99874,100,100121,100,99841,100,100135,100,99793,100,100165,100,99772,100,100172,100,99688,100
2019-06-28 09:56:58.847608156,100000,95,99909,195,100008,195,99899,195,100026,295,99897,195,100086,195,99883,195,100104,195,99876,195,100111,100,99874,100,100121,100,99841,100,100135,100,99793,100,100165,100,99772,100,100172,100,99688,100
2019-06-28 09:57:00.000000000,100008,577,99909,577,100026,200,99899,100,100086,100,99897,100,100104,100,99883,100,100111,100,99876,100,100121,100,99874,100,100135,100,99841,100,100165,100,99793,100,100172,100,99772,100,100178,100,99688,100
2019-06-28 09:57:10.000000000,100008,262,99909,262,100026,357,99899,257,100086,257,99897,257,100104,100,99883,100,100111,100,99876,100,100121,100,99874,100,100135,100,99841,100,100165,100,99793,100,100172,100,99772,100,100178,100,99688,100
2019-06-28 09:57:20.000000000,100008,577,99909,577,100026,200,99899,100,100086,100,99897,100,100104,100,99883,100,100111,100,99876,100,100121,100,99874,100,100135,100,99841,100,100165,100,99793,100,100172,100,99772,100,100178,100,99688,100
2019-06-28 09:57:30.000000000,100008,219,99909,219,100026,319,99899,219,100086,219,99897,219,100104,219,99883,219,100111,100,99876,100,100121,100,99874,100,100135,100,99841,100,100165,100,99793,100,100172,100,99772,100,100178,100,99688,100
2019-06-28 09:57:36.583128114,100008,219,100001,100,100026,319,99909,219,100086,219,99899,219,100104,219,99897,219,100111,100,99883,219,100121,100,99876,100,100135,100,99874,100,100165,100,99841,100,100172,100,99793,100,100178,100,99772,100
2019-06-28 09:57:40.000000000,100008,262,100001,262,100026,357,99909,257,100086,257,99899,257,100104,100,99897,100,100111,100,99883,100,100121,100,99876,100,100135,100,99874,100,100165,100,99841,100,100172,100,99793,100,100178,100,99772,100
2019-06-28 09:57:48.295790454,100008,262,100001,362,100026,357,99909,257,100086,257,99899,257,100104,100,99897,100,100111,100,99883,100,100121,100,99876,100,100135,100,99874,100,100165,100,99841,100,100172,100,99793,100,100178,100,99772,100
2019-06-28 09:57:50.000000000,100008,338,100001,438,100026,438,99909,338,100086,100,99899,100,100104,100,99897,100,100111,100,99883,100,100121,100,99876,100,100135,100,99874,100,100165,100,99841,100,100172,100,99793,100,100178,100,99772,100
2019-06-28 09:57:56.928834442,100008,338,100001,538,100026,438,99909,338,100086,100,99899,100,100104,100,99897,100,100111,100,99883,100,100121,100,99876,100,100135,100,99874,100,100165,100,99841,100,100172,100,99793,100,100178,100,99772,100
2019-06-28 09:58:00.000000000,100008,219,100001,419,100026,319,99909,219,100086,219,99899,219,100104,219,99897,219,100111,100,99883,100,100121,100,99876,100,100135,100,99874,100,100165,100,99841,100,100172,100,99793,100,100178,100,99772,100
2019-06-28 09:58:10.000000000,100008,577,100001,777,100026,200,99909,100,100086,100,99899,100,100104,100,99897,100,100111,100,99883,100,100121,100,99876,100,100135,100,99874,100,100165,100,99841,100,100172,100,99793,100,100178,100,99772,100
2019-06-28 09:58:20.000000000,100008,195,100001,395,100026,295,99909,195,100086,195,99899,195,100104,195,99897,195,100111,195,99883,195,100121,100,99876,100,100135,100,99874,100,100165,100,99841,100,100172,100,99793,100,100178,100,99772,100
2019-06-28 09:58:30.000000000,100008,338,100001,538,100026,438,99909,338,100086,100,99899,100,100104,100,99897,100,100111,100,99883,100,100121,100,99876,100,100135,100,99874,100,100165,100,99841,100,100172,100,99793,100,100178,100,99772,100
2019-06-28 09:58:40.000000000,100008,262,100001,462,100026,357,99909,257,100086,257,99899,257,100104,100,99897,100,100111,100,99883,100,100121,100,99876,100,100135,100,99874,100,100165,100,99841,100,100172,100,99793,100,100178,100,99772,100
2019-06-28 09:58:50.000000000,100008,577,100001,777,100026,200,99909,100,100086,100,99899,100,100104,100,99897,100,100111,100,99883,100,100121,100,99876,100,100135,100,99874,100,100165,100,99841,100,100172,100,99793,100,100178,100,99772,100
2019-06-28 09:59:00.000000000,100008,219,100001,419,100026,319,99909,219,100086,219,99899,219,100104,219,99897,219,100111,100,99883,100,100121,100,99876,100,100135,100,99874,100,100165,100,99841,100,100172,100,99793,100,100178,100,99772,100
2019-06-28 09:59:10.000000000,100008,577,100001,777,100026,200,99909,100,100086,100,99899,100,100104,100,99897,100,100111,100,99883,100,100121,100,99876,100,100135,100,99874,100,100165,100,99841,100,100172,100,99793,100,100178,100,99772,100
2019-06-28 09:59:20.000000000,100008,195,100001,395,100026,295,99909,195,100086,195,99899,195,100104,195,99897,195,100111,195,99883,195,100121,100,99876,100,100135,100,99874,100,100165,100,99841,100,100172,100,99793,100,100178,100,99772,100
2019-06-28 09:59:30.000000000,100008,338,100001,538,100026,438,99909,338,100086,100,99899,100,100104,100,99897,100,100111,100,99883,100,100121,100,99876,100,100135,100,99874,100,100165,100,99841,100,100172,100,99793,100,100178,100,99772,100
2019-06-28 09:59:40.000000000,100008,338,100001,538,100026,438,99909,338,100086,100,99899,100,100104,100,99897,100,100111,100,99883,100,100121,100,99876,100,100135,100,99874,100,100165,100,99841,100,100172,100,99793,100,100178,100,99772,100
2019-06-28 09:59:41.606836720,100008,338,100001,538,100026,438,99909,338,100086,100,99899,100,100104,100,99897,100,100111,100,99883,100,100121,100,99876,100,100135,100,99874,100,100165,100,99841,100,100172,100,99793,100,100178,100,99772,100
2019-06-28 09:59:50.000000000,100008,219,100001,419,100026,319,99909,219,100086,219,99899,219,100104,219,99897,219,100111,100,99883,100,100121,100,99876,100,100135,100,99874,100,100165,100,99841,100,100172,100,99793,100,100178,100,99772,100
2019-06-28 10:00:00.000000000,100008,577,100001,777,100026,200,99909,100,100086,100,99899,100,100104,100,99897,100,100111,100,99883,100,100121,100,99876,100,100135,100,99874,100,100165,100,99841,100,100172,100,99793,100,100178,100,99772,100
2019-06-28 10:00:10.000000000,100008,262,100001,462,100026,357,99909,257,100086,257,99899,257,100104,100,99897,100,100111,100,99883,100,100121,100,99876,100,100135,100,99874,100,100165,100,99841,100,100172,100,99793,100,100178,100,99772,100
2019-06-28 10:00:20.000000000,100008,195,100001,395,100026,295,99909,195,100086,195,99899,195,100104,195,99897,195,100111,195,99883,195,100121,100,99876,100,100135,100,99874,100,100165,100,99841,100,100172,100,99793,100,100178,100,99772,100
2019-06-28 10:00:30.000000000,100008,195,100001,395,100026,295,99909,195,100086,195,99899,195,100104,195,99897,195,100111,195,99883,195,100121,100,99876,100,100135,100,99874,100,100165,100,99841,100,100172,100,99793,100,100178,100,99772,100
2019-06-28 10:00:35.167731317,100008,195,100001,295,100026,295,99909,195,100086,195,99899,195,100104,195,99897,195,100111,195,99883,195,100121,100,99876,100,100135,100,99874,100,100165,100,99841,100,100172,100,99793,100,100178,100,99772,100
2019-06-28 10:00:40.000000000,100008,219,100001,319,100026,319,99909,219,100086,219,99899,219,100104,219,99897,219,100111,100,99883,100,100121,100,99876,100,100135,100,99874,100,100165,100,99841,100,100172,100,99793,100,100178,100,99772,100
2019-06-28 10:00:50.000000000,100008,577,100001,677,100026,200,99909,100,100086,100,99899,100,100104,100,99897,100,100111,100,99883,100,100121,100,99876,100,100135,100,99874,100,100165,100,99841,100,100172,100,99793,100,100178,100,99772,100
2019-06-28 10:00:50.598366826,100008,577,100001,677,100026,200,99909,100,100086,100,99899,100,100104,100,99897,100,100111,100,99883,100,100121,100,99876,100,100135,100,99874,100,100172,100,99841,100,100178,100,99793,100,100181,100,99772,100
2019-06-28 10:01:00.000000000,100008,195,100001,295,100026,295,99909,195,100086,195,99899,195,100104,195,99897,195,100111,195,99883,195,100121,100,99876,100,100135,100,99874,100,100172,100,99841,100,100178,100,99793,100,100181,100,99772,100
2019-06-28 10:01:10.000000000,100008,577,100001,677,100026,200,99909,100,100086,100,99899,100,100104,100,99897,100,100111,100,99883,100,100121,100,99876,100,100135,100,99874,100,100172,100,99841,100,100178,100,99793,100,100181,100,99772,100
2019-06-28 10:01:20.000000000,100008,577,100001,677,100026,200,99909,100,100086,100,99899,100,100104,100,99897,100,100111,100,99883,100,100121,100,99876,100,100135,100,99874,100,100172,100,99841,100,100178,100,99793,100,100181,100,99772,100
2019-06-28 10:01:23.419003795,100008,577,100001,677,100026,200,99909,100,100086,100,99899,100,100104,100,99897,100,100111,100,99883,100,100121,100,99876,100,100135,100,99874,100,100172,100,99841,100,100178,100,99800,100,100181,100,99793,100
2019-06-28 10:01:30.000000000,100008,577,100001,677,100026,200,99909,100,100086,100,99899,100,100104,100,99897,100,100111,100,99883,100,100121,100,99876,100,100135,100,99874,100,100172,100,99841,100,100178,100,99800,100,100181,100,99793,100
2019-06-28 10:01:30.941212728,100008,577,100001,577,100026,200,99909,100,100086,100,99899,100,100104,100,99897,100,100111,100,99883,100,100121,100,99876,100,100135,100,99874,100,100172,100,99841,100,100178,100,99800,100,100181,100,99793,100
2019-06-28 10:01:36.054970582,100008,577,100001,577,100026,200,99909,100,100086,100,99899,100,100104,100,99897,100,100111,100,99883,100,100121,100,99876,100,100135,100,99874,100,100172,100,99841,100,100178,100,99800,100,100181,100,99793,100
2019-06-28 10:01:40.000000000,100008,195,100001,195,100026,295,99909,195,100086,195,99899,195,100104,195,99897,195,100111,195,99883,195,100121,100,99876,100,100135,100,99874,100,100172,100,99841,100,100178,100,99800,100,100181,100,99793,100
2019-06-28 10:01:48.787683177,100008,195,100001,195,100026,295,99909,195,100086,195,99899,195,100104,195,99897,195,100111,195,99883,195,100121,100,99876,100,100135,100,99874,100,100172,100,99841,100,100178,100,99800,100,100181,100,99793,100
2019-06-28 10:01:50.000000000,100008,338,100001,338,100026,438,99909,338,100086,100,99899,100,100104,100,99897,100,100111,100,99883,100,100121,100,99876,100,100135,100,99874,100,100172,100,99841,100,100178,100,99800,100,100181,100,99793,100
2019-06-28 10:01:57.189529802,100008,338,100001,238,100026,438,99909,338,100086,100,99899,100,100104,100,99897,100,100111,100,99883,100,100121,100,99876,100,100135,100,99874,100,100172,100,99841,100,100178,100,99800,100,100181,100,99793,100
2019-06-28 10:02:00.000000000,100008,338,99909,338,100026,438,99899,338,100086,100,99897,100,100104,100,99883,100,100111,100,99876,100,100121,100,99874,100,100135,100,99841,100,100172,100,99800,100,100178,100,99793,100,100181,100,99772,100
2019-06-28 10:02:10.000000000,100008,577,99909,577,100026,200,99899,100,100086,100,99897,100,100104,100,99883,100,100111,100,99876,100,100121,100,99874,100,100135,100,99841,100,100172,100,99800,100,100178,100,99793,100,100181,100,99772,100
2019-06-28 10:02:20.000000000,100008,338,99909,338,100026,438,99899,338,100086,100,99897,100,100104,100,99883,100,100111,100,99876,100,100121,100,99874,100,100135,100,99841,100,100172,100,99800,100,100178,100,99793,100,100181,100,99772,100
2019-06-28 10:02:30.000000000,100008,262,99909,262,100026,357,99899,257,100086,257,99897,257,100104,100,99883,100,100111,100,99876,100,100121,100,99874,100,100135,100,99841,100,100172,100,99800,100,100178,100,99793,100,100181,100,99772,100
2019-06-28 10:02:36.425442560,100008,262,99909,262,100026,357,99899,257,100086,257,99897,257,100104,100,99883,100,100111,100,99876,100,100121,100,99874,100,100135,100,99841,100,100172,100,99800,100,100178,100,99793,100,100181,100,99772,100
2019-06-28 10:02:40.000000000,100008,219,99909,219,100026,319,99899,219,100086,219,99897,219,100104,219,99883,219,100111,100,99876,100,100121,100,99874,100,100135,100,99841,100,100172,100,99800,100,100178,100,99793,100,100181,100,99772,100
2019-06-28 10:02:40.640068016,100001,100,99909,219,100008,219,99899,219,100026,319,99897,219,100086,219,99883,219,100104,219,99876,100,100111,100,99874,100,100121,100,99841,100,100135,100,99800,100,100172,100,99793,100,100178,100,99772,100
2019-06-28 10:02:50.000000000,100001,195,99909,195,100008,195,99899,195,100026,295,99897,195,100086,195,99883,195,100104,195,99876,195,100111,100,99874,100,100121,100,99841,100,100135,100,99800,100,100172,100,99793,100,100178,100,99772,100
2019-06-28 10:02:53.281010104,100001,295,99909,195,100008,195,99899,195,100026,295,99897,195,100086,195,99883,195,100104,195,99876,195,100111,100,99874,100,100121,100,99841,100,100135,100,99800,100,100172,100,99793,100,100178,100,99772,100
2019-06-28 10:03:00.000000000,100001,295,99909,195,100008,195,99899,195,100026,295,99897,195,100086,195,99883,195,100104,195,99876,195,100111,100,99874,100,100121,100,99841,100,100135,100,99800,100,100172,100,99793,100,100178,100,99772,100
2019-06-28 10:03:10.000000000,100001,362,99909,262,100008,257,99899,257,100026,357,99897,257,100086,100,99883,100,100104,100,99876,100,100111,100,99874,100,100121,100,99841,100,100135,100,99800,100,100172,100,99793,100,100178,100,99772,100
2019-06-28 10:03:20.000000000,100001,438,99909,338,100008,338,99899,338,100026,200,99897,100,100086,100,99883,100,100104,100,99876,100,100111,100,99874,100,100121,100,99841,100,100135,100,99800,100,100172,100,99793,100,100178,100,99772,100
2019-06-28 10:03:30.000000000,100001,438,99909,338,100008,338,99899,338,100026,200,99897,100,100086,100,99883,100,100104,100,99876,100,100111,100,99874,100,100121,100,99841,100,100135,100,99800,100,100172,100,99793,100,100178,100,99772,100
2019-06-28 10:03:32.111976289,100001,438,99909,238,100008,338,99899,338,100026,200,99897,100,100086,100,99883,100,100104,100,99874,100,100111,100,99841,100,100121,100,99800,100,100135,100,99793,100,100172,100,99772,100,100178,100,99746,100
2019-06-28 10:03:40.000000000,100001,319,99899,219,100008,219,99897,219,100026,319,99883,219,100086,219,99874,219,100104,100,99841,100,100111,100,99800,100,100121,100,99793,100,100135,100,99772,100,100172,100,99746,100,100178,100,99718,100
2019-06-28 10:03:50.000000000,100001,677,99899,577,100008,100,99897,100,100026,200,99883,100,100086,100,99874,100,100104,100,99841,100,100111,100,99800,100,100121,100,99793,100,100135,100,99772,100,100172,100,99746,100,100178,100,99718,100
2019-06-28 10:04:00.000000000,100001,438,99899,338,100008,338,99897,338,100026,200,99883,100,100086,100,99874,100,100104,100,99841,100,100111,100,99800,100,100121,100,99793,100,100135,100,99772,100,100172,100,99746,100,100178,100,99718,100
2019-06-28 10:04:01.095967762,100001,438,99899,238,100008,338,99897,338,100026,200,99883,100,100086,100,99874,100,100104,100,99841,100,100111,100,99800,100,100121,100,99793,100,100135,100,99772,100,100172,100,99746,100,100178,100,99718,100
2019-06-28 10:04:10.000000000,100001,362,99897,262,100008,257,99883,257,100026,357,99874,257,100086,100,99841,100,100104,100,99800,100,100111,100,99793,100,100121,100,99772,100,100135,100,99746,100,100172,100,99718,100,100178,100,99630,100
2019-06-28 10:04:20.000000000,100001,438,99897,338,100008,338,99883,338,100026,200,99874,100,100086,100,99841,100,100104,100,99800,100,100111,100,99793,100,100121,100,99772,100,100135,100,99746,100,100172,100,99718,100,100178,100,99630,100
2019-06-28 10:04:30.000000000,100001,677,99897,577,100008,100,99883,100,100026,200,99874,100,100086,100,99841,100,100104,100,99800,100,100111,100,99793,100,100121,100,99772,100,100135,100,99746,100,100172,100,99718,100,100178,100,99630,100
2019-06-28 10:04:30.436670907,100001,677,99897,577,100008,100,99883,100,100026,200,99874,100,100086,100,99841,100,100104,100,99800,100,100111,100,99793,100,100121,100,99772,100,100135,100,99746,100,100172,100,99718,100,100178,100,99708,100
2019-06-28 10:04:40.000000000,100001,362,99897,262,100008,257,99883,257,100026,357,99874,257,100086,100,99841,100,100104,100,99800,100,100111,100,99793,100,100121,100,99772,100,100135,100,99746,100,100172,100,99718,100,100178,100,99708,100
2019-06-28 10:04:45.719002349,100001,362,99897,262,100008,257,99883,257,100026,357,99874,257,100086,100,99841,100,100104,100,99800,100,100111,100,99793,100,100121,100,99772,100,100135,100,99746,100,100172,100,99718,100,100178,100,99630,100
2019-06-28 10:04:50.000000000,100001,295,99897,195,100008,195,99883,195,100026,295,99874,195,100086,195,99841,195,100104,195,99800,195,100111,100,99793,100,100121,100,99772,100,100135,100,99746,100,100172,100,99718,100,100178,100,99630,100
2019-06-28 10:04:51.826227416,100001,295,99897,195,100008,195,99883,195,100026,295,99874,195,100086,195,99841,195,100104,195,99800,195,100111,100,99793,100,100121,100,99772,100,100135,100,99746,100,100172,100,99718,100,100178,100,99630,100
2019-06-28 10:04:56.238774470,100001,295,99897,95,100008,195,99883,195,100026,295,99874,195,100086,195,99841,195,100104,195,99800,195,100111,100,99793,100,100121,100,99772,100,100135,100,99746,100,100172,100,99718,100,100178,100,99630,100
2019-06-28 10:05:00.000000000,100001,438,99883,338,100008,338,99874,338,100026,200,99841,100,100086,100,99800,100,100104,100,99793,100,100111,100,99772,100,100121,100,99746,100,100135,100,99718,100,100172,100,99630,100,100178,100,99574,100
2019-06-28 10:05:03.080288925,99899,100,99883,338,100001,438,99874,338,100008,338,99841,100,100026,200,99800,100,100086,100,99793,100,100104,100,99772,100,100111,100,99746,100,100121,100,99718,100,100135,100,99630,100,100172,100,99574,100
2019-06-28 10:05:10.000000000,99899,262,99883,262,100001,357,99874,257,100008,257,99841,257,100026,200,99800,100,100086,100,99793,100,100104,100,99772,100,100111,100,99746,100,100121,100,99718,100,100135,100,99630,100,100172,100,99574,100
2019-06-28 10:05:20.000000000,99899,219,99883,219,100001,319,99874,219,100008,219,99841,219,100026,319,99800,219,100086,100,99793,100,100104,100,99772,100,100111,100,99746,100,100121,100,99718,100,100135,100,99630,100,100172,100,99574,100
2019-06-28 10:05:25.558082825,99899,319,99883,219,100001,319,99874,219,100008,219,99841,219,100026,319,99800,219,100086,100,99793,100,100104,100,99772,100,100111,100,99746,100,100121,100,99718,100,100135,100,99630,100,100172,100,99574,100
2019-06-28 10:05:30.000000000,99899,438,99883,338,100001,438,99874,338,100008,100,99841,100,100026,200,99800,100,100086,100,99793,100,100104,100,99772,100,100111,100,99746,100,100121,100,99718,100,100135,100,99630,100,100172,100,99574,100
2019-06-28 10:05:34.300695480,99899,438,99883,338,100001,438,99874,338,100008,100,99841,100,100026,200,99800,100,100086,100,99793,100,100104,100,99772,100,100111,100,99746,100,100121,100,99718,100,100135,100,99630,100,100172,100,99574,100
2019-06-28 10:05:38.099097819,99899,438,99883,338,100001,438,99874,338,100008,100,99841,100,100026,200,99800,100,100086,100,99793,100,100104,100,99772,100,100111,100,99718,100,100121,100,99630,100,100135,100,99574,100,100172,100,99561,100
2019-06-28 10:05:40.000000000,99899,438,99883,338,100001,438,99874,338,100008,100,99841,100,100026,200,99800,100,100086,100,99793,100,100104,100,99772,100,100111,100,99718,100,100121,100,99630,100,100135,100,99574,100,100172,100,99561,100
2019-06-28 10:05:48.067031200,99899,438,99883,338,100001,338,99874,338,100008,100,99841,100,100026,200,99800,100,100086,100,99793,100,100104,100,99772,100,100111,100,99718,100,100121,100,99630,100,100135,100,99574,100,100172,100,99561,100
2019-06-28 10:05:50.000000000,99899,677,99883,577,100001,100,99874,100,100008,100,99841,100,100026,200,99800,100,100086,100,99793,100,100104,100,99772,100,100111,100,99718,100,100121,100,99630,100,100135,100,99574,100,100172,100,99561,100
2019-06-28 10:05:54.627823906,99899,677,99883,477,100001,100,99874,100,100008,100,99841,100,100026,200,99800,100,100086,100,99793,100,100104,100,99772,100,100111,100,99718,100,100121,100,99630,100,100135,100,99574,100,100172,100,99561,100
2019-06-28 10:05:56.107549885,99899,677,99883,477,100001,100,99874,100,100008,100,99841,100,100026,200,99800,100,100086,100,99793,100,100104,100,99772,100,100111,100,99718,100,100121,100,99630,100,100135,100,99574,100,100172,100,99561,100
2019-06-28 10:06:00.000000000,99899,677,99874,577,100001,100,99841,100,100008,100,99800,100,100026,200,99793,100,100086,100,99772,100,100104,100,99718,100,100111,100,99630,100,100121,100,99574,100,100135,100,99561,100,100172,100,99520,100
2019-06-28 10:06:10.000000000,99899,319,99874,219,100001,219,99841,219,100008,219,99800,219,100026,319,99793,219,100086,100,99772,100,100104,100,99718,100,100111,100,99630,100,100121,100,99574,100,100135,100,99561,100,100172,100,99520,100
2019-06-28 10:06:20.000000000,99899,438,99874,338,100001,338,99841,338,100008,100,99800,100,100026,200,99793,100,100086,100,99772,100,100104,100,99718,100,100111,100,99630,100,100121,100,99574,100,100135,100,99561,100,100172,100,99520,100
2019-06-28 10:06:30.000000000,99899,438,99874,338,100001,338,99841,338,100008,100,99800,100,100026,200,99793,100,100086,100,99772,100,100104,100,99718,100,100111,100,99630,100,100121,100,99574,100,100135,100,99561,100,100172,100,99520,100
2019-06-28 10:06:40.000000000,99899,319,99874,219,100001,219,99841,219,100008,219,99800,219,100026,319,99793,219,100086,100,99772,100,100104,100,99718,100,100111,100,99630,100,100121,100,99574,100,100135,100,99561,100,100172,100,99520,100
2019-06-28 10:06:50.000000000,99899,438,99874,338,100001,338,99841,338,100008,100,99800,100,100026,200,99793,100,100086,100,99772,100,100104,100,99718,100,100111,100,99630,100,100121,100,99574,100,100135,100,99561,100,100172,100,99520,100
2019-06-28 10:07:00.000000000,99899,438,99874,338,100001,338,99841,338,100008,100,99800,100,100026,200,99793,100,100086,100,99772,100,100104,100,99718,100,100111,100,99630,100,100121,100,99574,100,100135,100,99561,100,100172,100,99520,100
2019-06-28 10:07:00.871390824,99899,438,99874,338,100001,338,99841,338,100008,100,99800,100,100026,100,99793,100,100069,100,99772,100,100086,100,99718,100,100104,100,99630,100,100111,100,99574,100,100121,100,99561,100,100135,100,99520,100
2019-06-28 10:07:10.000000000,99899,438,99874,338,100001,338,99841,338,100008,100,99800,100,100026,100,99793,100,100069,100,99772,100,100086,100,99718,100,100104,100,99630,100,100111,100,99574,100,100121,100,99561,100,100135,100,99520,100
2019-06-28 10:07:20.000000000,99899,438,99874,338,100001,338,99841,338,100008,100,99800,100,100026,100,99793,100,100069,100,99772,100,100086,100,99718,100,100104,100,99630,100,100111,100,99574,100,100121,100,99561,100,100135,100,99520,100
2019-06-28 10:07:20.765360725,99899,438,99874,338,100001,338,99841,338,100008,100,99800,100,100026,100,99793,100,100069,100,99785,100,100086,100,99772,100,100104,100,99718,100,100111,100,99630,100,100121,100,99574,100,100135,100,99561,100
2019-06-28 10:07:21.674596143,99899,438,99898,100,100001,338,99874,338,100008,100,99841,338,100026,100,99800,100,100069,100,99793,100,100086,100,99785,100,100104,100,99772,100,100111,100,99718,100,100121,100,99630,100,100135,100,99574,100
2019-06-28 10:07:30.000000000,99899,677,99898,577,100001,100,99874,100,100008,100,99841,100,100026,100,99800,100,100069,100,99793,100,100086,100,99785,100,100104,100,99772,100,100111,100,99718,100,100121,100,99630,100,100135,100,99574,100
2019-06-28 10:07:40.000000000,99899,319,99898,219,100001,219,99874,219,100008,219,99841,219,100026,219,99800,219,100069,100,99793,100,100086,100,99785,100,100104,100,99772,100,100111,100,99718,100,100121,100,99630,100,100135,100,99574,100
2019-06-28 10:07:44.462471721,99899,219,99898,119,100001,219,99874,219,100008,219,99841,219,100026,219,99800,219,100069,100,99793,100,100086,100,99785,100,100104,100,99772,100,100111,100,99718,100,100121,100,99630,100,100135,100,99574,100
2019-06-28 10:07:50.000000000,99899,195,99874,195,100001,195,99841,195,100008,195,99800,195,100026,195,99793,195,100069,195,99785,195,100086,100,99772,100,100104,100,99718,100,100111,100,99630,100,100121,100,99574,100,100135,100,99561,100
2019-06-28 10:07:56.818183413,99898,100,99874,195,99899,195,99841,195,100001,195,99800,195,100008,195,99793,195,100026,195,99785,195,100069,195,99772,100,100086,100,99718,100,100104,100,99630,100,100111,100,99574,100,100121,100,99561,100
2019-06-28 10:08:00.000000000,99898,262,99874,262,99899,257,99841,257,100001,257,99800,257,100008,100,99793,100,100026,100,99785,100,100069,100,99772,100,100086,100,99718,100,100104,100,99630,100,100111,100,99574,100,100121,100,99561,100
2019-06-28 10:08:10.000000000,99898,219,99874,219,99899,219,99841,219,100001,219,99800,219,100008,219,99793,219,100026,100,99785,100,100069,100,99772,100,100086,100,99718,100,100104,100,99630,100,100111,100,99574,100,100121,100,99561,100
2019-06-28 10:08:20.000000000,99898,195,99874,195,99899,195,99841,195,100001,195,99800,195,100008,195,99793,195,100026,195,99785,195,100069,100,99772,100,100086,100,99718,100,100104,100,99630,100,100111,100,99574,100,100121,100,99561,100
2019-06-28 10:08:29.249757857,99898,195,99874,195,99899,195,99841,195,100001,195,99800,195,100008,195,99793,195,100026,195,99785,195,100069,100,99772,100,100086,100,99718,100,100104,100,99630,100,100111,100,99605,100,100121,100,99574,100
2019-06-28 10:08:30.000000000,99898,195,99874,195,99899,195,99841,195,100001,195,99800,195,100008,195,99793,195,100026,195,99785,195,100069,100,99772,100,100086,100,99718,100,100104,100,99630,100,100111,100,99605,100,100121,100,99574,100
2019-06-28 10:08:30.174598220,99898,195,99874,95,99899,195,99841,195,100001,195,99800,195,100008,195,99793,195,100026,195,99785,195,100069,100,99772,100,100086,100,99718,100,100104,100,99630,100,100111,100,99605,100,100121,100,99561,100
