,ask_price_1,ask_size_1,bid_price_1,bid_size_1,ask_price_2,ask_size_2,bid_price_2,bid_size_2,ask_price_3,ask_size_3,bid_price_3,bid_size_3,ask_price_4,ask_size_4,bid_price_4,bid_size_4,ask_price_5,ask_size_5,bid_price_5,bid_size_5,ask_price_6,ask_size_6,bid_price_6,bid_size_6,ask_price_7,ask_size_7,bid_price_7,bid_size_7,ask_price_8,ask_size_8,bid_price_8,bid_size_8,ask_price_9,ask_size_9,bid_price_9,bid_size_9,ask_price_10,ask_size_10,bid_price_10,bid_size_10
2019-06-28 09:30:00.000000002,99987,100,,,,,,,,,,,,,,,,,,,,,,,,,,,,,,,,,,,,,,
2019-06-28 09:30:00.000000006,99987,100,,,100126,100,,,,,,,,,,,,,,,,,,,,,,,,,,,,,,,,,,
2019-06-28 09:30:00.000000010,99893,100,99886,100,99987,100,,,100126,100,,,,,,,,,,,,,,,,,,,,,,,,,,,,,,
2019-06-28 09:30:00.000000011,99893,100,99886,100,99987,100,99851,100,100126,100,,,,,,,,,,,,,,,,,,,,,,,,,,,,,,
2019-06-28 09:30:00.000000012,99987,100,99886,100,100126,100,99851,100,100151,100,,,,,,,,,,,,,,,,,,,,,,,,,,,,,,
2019-06-28 09:30:00.000000014,99987,100,99972,100,100126,100,99886,100,100151,100,99851,100,,,,,,,,,,,,,,,,,,,,,,,,,,,,
2019-06-28 09:30:00.000000015,99987,100,99972,100,100104,100,99912,100,100126,100,99886,100,100151,100,99851,100,,,,,,,,,,,,,,,,,,,,,,,,
2019-06-28 09:30:00.000000016,99987,100,99972,100,100104,100,99912,100,100126,100,99886,100,100128,100,99851,100,100151,100,,,,,,,,,,,,,,,,,,,,,,
2019-06-28 09:30:00.000000017,100104,100,99972,100,100126,100,99912,100,100128,100,99886,100,100151,100,99851,100,,,,,,,,,,,,,,,,,,,,,,,,
2019-06-28 09:30:00.000000019,100104,100,99982,100,100126,100,99972,100,100128,100,99912,100,100151,100,99886,100,,,99851,100,,,,,,,,,,,,,,,,,,,,
2019-06-28 09:30:00.000000020,100104,100,99982,100,100126,100,99972,100,100128,100,99938,100,100151,100,99912,100,,,99886,100,,,99851,100,,,,,,,,,,,,,,,,
2019-06-28 09:30:00.000000025,99992,100,99982,100,100104,100,99972,100,100126,100,99938,100,100128,100,99912,100,100151,100,99886,100,,,99851,100,,,,,,,,,,,,,,,,
2019-06-28 09:30:00.000000027,99989,100,99982,100,99992,100,99972,100,100104,100,99938,100,100126,100,99912,100,100128,100,99893,100,100151,100,99886,100,,,99851,100,,,,,,,,,,,,
2019-06-28 09:30:00.000000028,99992,100,99982,100,100104,100,99972,100,100126,100,99938,100,100128,100,99912,100,100151,100,99893,100,,,99886,100,,,99851,100,,,,,,,,,,,,
2019-06-28 09:30:00.000000030,99992,100,99982,100,100104,100,99972,100,100113,100,99938,100,100126,100,99916,100,100128,100,99912,100,100151,100,99893,100,,,99886,100,,,99851,100,,,,,,,,
2019-06-28 09:30:00.000000031,99992,100,99982,100,100087,100,99972,100,100104,100,99938,100,100113,100,99916,100,100126,100,99912,100,100128,100,99893,100,100151,100,99886,100,,,99851,100,,,,,,,,
2019-06-28 09:30:00.000000035,99992,100,99982,100,100087,100,99973,100,100104,100,99972,100,100113,100,99938,100,100126,100,99916,100,100128,100,99912,100,100151,100,99893,100,,,99886,100,,,99851,100,,,,
2019-06-28 09:30:00.000000037,99992,100,99982,100,100041,100,99973,100,100087,100,99972,100,100104,100,99938,100,100113,100,99916,100,100126,100,99912,100,100128,100,99893,100,100151,100,99886,100,,,99851,100,,,,
2019-06-28 09:30:00.000000038,99992,100,99982,100,99999,100,99973,100,100040,100,99972,100,100041,100,99938,100,100042,100,99916,100,100087,100,99912,100,100104,100,99893,100,100113,100,99886,100,100126,100,99851,100,100128,100,,
2019-06-28 09:30:00.000000040,99992,100,99973,100,99999,100,99972,100,100040,100,99938,100,100041,100,99916,100,100042,100,99912,100,100087,100,99893,100,100104,100,99886,100,100113,100,99851,100,100126,100,,,100128,100,,
2019-06-28 09:30:00.000000041,99989,100,99973,100,99992,100,99972,100,99999,100,99938,100,100040,100,99916,100,100041,100,99912,100,100042,100,99893,100,100087,100,99886,100,100104,100,99851,100,100113,100,,,100126,100,,
2019-06-28 09:30:00.000000042,99989,100,99973,100,99992,100,99972,100,99999,100,99938,100,100040,100,99916,100,100041,100,99912,100,100042,100,99894,100,100087,100,99893,100,100104,100,99886,100,100113,100,99851,100,100126,100,,
2019-06-28 09:30:00.000000043,99989,100,99973,100,99992,100,99972,100,99999,100,99938,100,100040,100,99916,100,100041,100,99912,100,100042,100,99894,100,100087,100,99893,100,100104,100,99886,100,100113,100,99851,100,100126,100,,
2019-06-28 09:30:00.000000044,99989,100,99973,100,99992,100,99972,100,99999,100,99938,100,100040,100,99916,100,100041,100,99912,100,100042,100,99894,100,100087,100,99893,100,100104,100,99886,100,100113,100,99851,100,100126,100,,
2019-06-28 09:30:00.000000053,99989,100,99973,100,99992,100,99972,100,99999,100,99970,100,100040,100,99938,100,100041,100,99916,100,100042,100,99912,100,100087,100,99894,100,100104,100,99893,100,100113,100,99886,100,100126,100,99851,100
2019-06-28 09:30:00.000000056,99992,100,99973,100,99999,100,99972,100,100040,100,99970,100,100041,100,99938,100,100042,100,99916,100,100087,100,99912,100,100104,100,99894,100,100113,100,99893,100,100126,100,99886,100,100127,100,99851,100
2019-06-28 09:30:00.000000057,99992,100,99973,100,99999,100,99972,100,100040,100,99970,100,100041,100,99938,100,100042,100,99916,100,100087,100,99912,100,100104,100,99894,100,100113,100,99893,200,100126,100,99886,100,100127,100,99851,100
2019-06-28 09:30:00.000000061,99992,100,99975,100,99999,100,99973,100,100040,100,99972,100,100041,100,99970,100,100042,100,99938,100,100087,100,99916,100,100104,100,99912,100,100113,100,99894,100,100126,100,99893,200,100127,100,99886,100
2019-06-28 09:30:00.000000062,99992,100,99975,100,99999,100,99973,100,100040,100,99972,100,100041,100,99970,100,100042,100,99938,100,100087,100,99916,100,100093,100,99912,100,100104,100,99894,100,100113,100,99893,200,100126,100,99886,100
2019-06-28 09:30:00.000000064,99992,100,99975,100,99999,100,99973,100,100022,100,99972,100,100040,100,99970,100,100041,100,99938,100,100042,100,99916,100,100057,100,99912,100,100087,100,99894,100,100093,100,99893,200,100104,100,99886,100
2019-06-28 09:30:00.000000066,99999,100,99975,100,100022,100,99973,100,100040,100,99972,100,100041,100,99970,100,100042,100,99938,100,100057,100,99916,100,100087,100,99912,100,100093,100,99894,100,100104,100,99893,200,100113,100,99886,100
2019-06-28 09:30:00.000000073,99999,100,99975,100,100022,100,99973,100,100038,100,99972,100,100040,100,99970,100,100041,100,99938,100,100042,100,99916,100,100057,100,99912,100,100087,100,99894,100,100093,100,99893,200,100104,100,99886,100
2019-06-28 09:30:00.000000075,99999,100,99989,100,100022,100,99975,100,100038,100,99973,100,100040,100,99972,100,100041,100,99970,100,100042,100,99938,100,100057,100,99916,100,100087,100,99912,100,100093,100,99894,100,100104,100,99893,200
2019-06-28 09:30:00.000000076,99999,100,99989,100,100022,100,99975,100,100038,100,99973,100,100040,100,99972,100,100041,100,99970,100,100042,100,99938,100,100057,100,99916,100,100087,100,99912,100,100093,100,99894,100,100104,100,99893,200
2019-06-28 09:30:00.000000079,99999,100,99989,200,100017,100,99975,100,100022,100,99973,100,100038,100,99972,100,100040,100,99970,100,100041,100,99938,100,100042,100,99916,100,100057,100,99914,100,100087,100,99912,100,100093,100,99894,100
2019-06-28 09:30:00.000000081,100009,100,99989,200,100017,100,99975,100,100022,100,99973,100,100038,100,99972,100,100040,100,99970,100,100041,100,99938,100,100042,100,99916,100,100057,100,99914,100,100087,100,99912,100,100093,100,99894,100
2019-06-28 09:30:00.000000082,100009,100,99989,200,100017,100,99975,100,100022,100,99973,100,100038,100,99972,100,100040,100,99970,100,100041,100,99938,100,100042,100,99916,100,100057,100,99914,100,100087,100,99912,100,100093,100,99894,100
2019-06-28 09:30:00.000000085,99990,100,99989,200,100009,100,99975,100,100017,100,99973,100,100022,100,99972,100,100038,100,99970,100,100040,100,99938,100,100041,100,99916,100,100042,100,99914,100,100057,100,99912,100,100087,100,99894,100
2019-06-28 09:30:00.000000088,99990,100,99989,200,100009,100,99975,100,100017,100,99973,100,100022,100,99972,100,100038,100,99970,100,100040,100,99967,100,100041,100,99938,100,100042,100,99916,100,100057,100,99914,100,100087,100,99912,100
2019-06-28 09:30:00.000000091,100009,100,99989,200,100017,100,99975,100,100022,100,99973,100,100038,100,99972,100,100040,100,99970,100,100041,100,99967,100,100042,100,99938,100,100057,100,99916,100,100087,100,99914,100,100093,100,99912,100
2019-06-28 09:30:00.000000093,99999,100,99989,200,100009,100,99975,100,100017,100,99973,100,100022,100,99972,100,100038,100,99970,100,100040,100,99967,200,100041,100,99960,100,100042,100,99938,100,100057,100,99916,100,100087,100,99914,100
2019-06-28 09:30:00.000000094,99999,100,99989,200,100009,100,99975,100,100017,100,99973,100,100022,100,99972,100,100038,100,99970,100,100040,100,99967,200,100041,100,99960,100,100042,100,99938,100,100057,100,99916,100,100078,100,99914,100
2019-06-28 09:30:00.000000099,99999,100,99989,200,100009,100,99975,100,100017,100,99973,100,100022,100,99972,100,100038,100,99970,100,100040,100,99967,200,100041,100,99960,100,100042,100,99938,100,100057,100,99916,100,100078,100,99914,100
2019-06-28 09:30:10.000000000,99999,236,99989,336,100009,236,99975,236,100017,100,99973,100,100022,100,99972,100,100038,100,99970,100,100040,100,99967,200,100041,100,99960,100,100042,100,99938,100,100057,100,99916,100,100078,100,99914,100
2019-06-28 09:30:20.000000000,99999,168,99989,268,100009,168,99975,168,100017,168,99973,168,100022,168,99972,168,100038,100,99970,100,100040,100,99967,200,100041,100,99960,100,100042,100,99938,100,100057,100,99916,100,100078,100,99914,100
2019-06-28 09:30:30.000000000,99999,236,99989,336,100009,236,99975,236,100017,100,99973,100,100022,100,99972,100,100038,100,99970,100,100040,100,99967,200,100041,100,99960,100,100042,100,99938,100,100057,100,99916,100,100078,100,99914,100
2019-06-28 09:30:40.000000000,99999,236,99989,336,100009,236,99975,236,100017,100,99973,100,100022,100,99972,100,100038,100,99970,100,100040,100,99967,200,100041,100,99960,100,100042,100,99938,100,100057,100,99916,100,100078,100,99914,100
2019-06-28 09:30:47.653600594,99999,336,99989,336,100009,236,99975,236,100017,100,99973,100,100022,100,99972,100,100038,100,99970,100,100040,100,99967,200,100041,100,99960,100,100042,100,99938,100,100057,100,99916,100,100078,100,99914,100
2019-06-28 09:30:48.232170191,99999,336,99989,336,100009,236,99975,236,100013,100,99973,100,100017,100,99972,100,100022,100,99970,100,100038,100,99967,200,100040,100,99960,100,100041,100,99938,100,100042,100,99916,100,100057,100,99914,100
2019-06-28 09:30:50.000000000,99999,472,99989,472,100009,100,99975,100,100013,100,99973,100,100017,100,99972,100,100022,100,99970,100,100038,100,99967,200,100040,100,99960,100,100041,100,99938,100,100042,100,99916,100,100057,100,99914,100
2019-06-28 09:31:00.000000000,99999,472,99989,472,100009,100,99975,100,100013,100,99973,100,100017,100,99972,100,100022,100,99970,100,100038,100,99967,200,100040,100,99960,100,100041,100,99938,100,100042,100,99916,100,100057,100,99914,100
2019-06-28 09:31:04.128161459,99999,372,99989,472,100009,100,99975,100,100013,100,99973,100,100017,100,99972,100,100022,100,99970,100,100038,100,99967,200,100040,100,99960,100,100041,100,99938,100,100042,100,99916,100,100057,100,99914,100
2019-06-28 09:31:10.000000000,99999,154,99989,254,100009,154,99975,154,100013,154,99973,154,100017,154,99972,154,100022,154,99970,154,100038,100,99967,200,100040,100,99960,100,100041,100,99938,100,100042,100,99916,100,100057,100,99914,100
2019-06-28 09:31:14.609335976,99999,154,99989,254,100009,154,99975,154,100013,154,99973,154,100017,154,99972,154,100022,154,99970,154,100038,100,99967,200,100041,100,99960,100,100042,100,99938,100,100057,100,99916,100,100078,100,99914,100
2019-06-28 09:31:17.734213046,99999,154,99989,254,100009,154,99975,154,100013,154,99973,154,100017,154,99972,154,100022,154,99970,154,100038,100,99967,200,100041,100,99960,100,100042,100,99938,100,100057,100,99916,100,100078,100,99914,100
2019-06-28 09:31:20.000000000,99999,236,99989,336,100009,236,99975,236,100013,100,99973,100,100017,100,99972,100,100022,100,99970,100,100038,100,99967,200,100041,100,99960,100,100042,100,99938,100,100057,100,99916,100,100078,100,99914,100
2019-06-28 09:31:24.749406528,99999,236,99989,336,100009,236,99975,236,100013,100,99973,100,100017,100,99970,100,100022,100,99967,200,100038,100,99960,100,100041,100,99938,100,100042,100,99916,100,100057,100,99914,100,100078,100,99912,100
2019-06-28 09:31:30.000000000,99999,236,99989,336,100009,236,99975,236,100013,100,99973,100,100017,100,99970,100,100022,100,99967,200,100038,100,99960,100,100041,100,99938,100,100042,100,99916,100,100057,100,99914,100,100078,100,99912,100
2019-06-28 09:31:30.162600265,99999,236,99989,336,100009,236,99975,236,100013,100,99973,100,100017,100,99970,100,100022,100,99967,200,100038,100,99960,100,100041,100,99938,100,100042,100,99916,100,100057,100,99914,100,100078,100,99912,100
2019-06-28 09:31:33.020194334,99999,236,99989,236,100009,236,99975,236,100013,100,99973,100,100017,100,99967,200,100022,100,99960,100,100038,100,99938,100,100041,100,99916,100,100042,100,99914,100,100057,100,99912,100,100078,100,99900,100
2019-06-28 09:31:40.000000000,99999,192,99989,192,100009,190,99975,190,100013,190,99973,190,100017,100,99967,200,100022,100,99960,100,100038,100,99938,100,100041,100,99916,100,100042,100,99914,100,100057,100,99912,100,100078,100,99900,100
2019-06-28 09:31:50.000000000,99999,154,99989,154,100009,154,99975,154,100013,154,99973,154,100017,154,99967,254,100022,154,99960,154,100038,100,99938,100,100041,100,99916,100,100042,100,99914,100,100057,100,99912,100,100078,100,99900,100
2019-06-28 09:31:58.696861382,99999,154,99990,100,100009,154,99989,154,100013,154,99975,154,100017,154,99973,154,100022,154,99967,254,100038,100,99960,154,100041,100,99938,100,100042,100,99916,100,100057,100,99914,100,100078,100,99912,100
2019-06-28 09:32:00.000000000,99999,236,99990,236,100009,236,99989,236,100013,100,99975,100,100017,100,99973,100,100022,100,99967,200,100038,100,99960,100,100041,100,99938,100,100042,100,99916,100,100057,100,99914,100,100078,100,99912,100
2019-06-28 09:32:01.828522388,99999,236,99990,236,100009,236,99989,236,100013,100,99975,100,100017,100,99973,100,100022,100,99967,200,100038,100,99960,100,100041,100,99916,100,100042,100,99914,100,100057,100,99912,100,100078,100,99900,100
2019-06-28 09:32:02.072533565,99999,136,99990,236,100009,236,99989,236,100013,100,99975,100,100017,100,99973,100,100022,100,99967,200,100038,100,99960,100,100041,100,99916,100,100042,100,99914,100,100057,100,99912,100,100087,100,99900,100
2019-06-28 09:32:10.000000000,100009,372,99990,372,100013,100,99989,100,100017,100,99975,100,100022,100,99973,100,100038,100,99967,200,100041,100,99960,100,100042,100,99916,100,100057,100,99914,100,100087,100,99912,100,100093,100,99900,100
2019-06-28 09:32:15.503685351,100009,272,99990,372,100013,100,99989,100,100017,100,99973,100,100022,100,99967,200,100038,100,99960,100,100041,100,99916,100,100042,100,99914,100,100057,100,99912,100,100087,100,99900,100,100093,100,99895,100
2019-06-28 09:32:20.000000000,100013,154,99990,154,100017,154,99989,154,100022,154,99973,154,100038,154,99967,254,100041,154,99960,154,100042,100,99916,100,100057,100,99914,100,100087,100,99912,100,100093,100,99900,100,100112,200,99895,100
2019-06-28 09:32:21.250000030,100013,154,99999,100,100017,154,99990,154,100022,154,99989,154,100038,154,99973,154,100041,154,99967,254,100042,100,99960,154,100057,100,99916,100,100087,100,99914,100,100093,100,99912,100,100112,200,99900,100
2019-06-28 09:32:21.504761412,100013,154,99999,200,100017,154,99990,154,100022,154,99989,154,100038,154,99973,154,100041,154,99967,254,100042,100,99960,154,100057,100,99916,100,100087,100,99914,100,100093,100,99912,100,100112,200,99900,100
2019-06-28 09:32:30.000000000,100013,372,99999,472,100017,100,99990,100,100022,100,99989,100,100038,100,99973,100,100041,100,99967,200,100042,100,99960,100,100057,100,99916,100,100087,100,99914,100,100093,100,99912,100,100112,200,99900,100
2019-06-28 09:32:40.000000000,100013,372,99999,472,100017,100,99990,100,100022,100,99989,100,100038,100,99973,100,100041,100,99967,200,100042,100,99960,100,100057,100,99916,100,100087,100,99914,100,100093,100,99912,100,100112,200,99900,100
2019-06-28 09:32:50.000000000,100013,236,99999,336,100017,236,99990,236,100022,100,99989,100,100038,100,99973,100,100041,100,99967,200,100042,100,99960,100,100057,100,99916,100,100087,100,99914,100,100093,100,99912,100,100112,200,99900,100
2019-06-28 09:33:00.000000000,100013,154,99999,254,100017,154,99990,154,100022,154,99989,154,100038,154,99973,154,100041,154,99967,254,100042,100,99960,100,100057,100,99916,100,100087,100,99914,100,100093,100,99912,100,100112,200,99900,100
2019-06-28 09:33:00.279503787,100013,154,99999,254,100017,154,99990,154,100022,154,99989,154,100038,154,99973,154,100041,154,99967,254,100042,100,99960,100,100057,100,99916,100,100093,100,99914,100,100112,200,99912,100,100113,100,99900,100
2019-06-28 09:33:10.000000000,100013,236,99999,336,100017,236,99990,236,100022,100,99989,100,100038,100,99973,100,100041,100,99967,200,100042,100,99960,100,100057,100,99916,100,100093,100,99914,100,100112,200,99912,100,100113,100,99900,100
2019-06-28 09:33:20.000000000,100013,168,99999,268,100017,168,99990,168,100022,168,99989,168,100038,168,99973,168,100041,100,99967,200,100042,100,99960,100,100057,100,99916,100,100093,100,99914,100,100112,200,99912,100,100113,100,99900,100
2019-06-28 09:33:20.618103778,100013,168,99999,268,100017,168,99990,168,100022,168,99989,168,100038,168,99973,168,100041,100,99967,200,100042,100,99960,100,100057,100,99916,100,100093,100,99914,100,100112,200,99912,100,100113,100,99900,100
2019-06-28 09:33:30.000000000,100013,154,99999,254,100017,154,99990,154,100022,154,99989,154,100038,154,99973,154,100041,154,99967,254,100042,100,99960,100,100057,100,99916,100,100093,100,99914,100,100112,200,99912,100,100113,100,99900,100
2019-06-28 09:33:34.283389534,100013,154,99999,354,100017,154,99990,154,100022,154,99989,154,100038,154,99973,154,100041,154,99967,254,100042,100,99960,100,100057,100,99916,100,100093,100,99914,100,100112,200,99912,100,100113,100,99900,100
2019-06-28 09:33:38.894581810,100013,154,99999,254,100017,154,99990,154,100022,154,99989,154,100038,154,99973,154,100041,154,99967,254,100042,100,99960,100,100057,100,99916,100,100093,100,99914,100,100112,200,99912,100,100113,100,99900,100
2019-06-28 09:33:40.000000000,100013,168,99999,268,100017,168,99990,168,100022,168,99989,168,100038,168,99973,168,100041,100,99967,200,100042,100,99960,100,100057,100,99916,100,100093,100,99914,100,100112,200,99912,100,100113,100,99900,100
2019-06-28 09:33:42.515649145,100013,168,99999,368,100017,168,99990,168,100022,168,99989,168,100038,168,99973,168,100041,100,99967,200,100042,100,99960,100,100057,100,99916,100,100093,100,99914,100,100112,200,99912,100,100113,100,99900,100
2019-06-28 09:33:50.000000000,100013,372,99999,572,100017,100,99990,100,100022,100,99989,100,100038,100,99973,100,100041,100,99967,200,100042,100,99960,100,100057,100,99916,100,100093,100,99914,100,100112,200,99912,100,100113,100,99900,100
2019-06-28 09:33:58.486498030,100013,172,99999,572,100017,100,99990,100,100022,100,99989,100,100038,100,99973,100,100041,100,99967,200,100042,100,99960,100,100057,100,99916,100,100093,100,99914,100,100112,200,99912,100,100113,100,99900,100
2019-06-28 09:34:00.000000000,100017,236,99999,436,100022,236,99990,236,100038,100,99989,100,100041,100,99973,100,100042,100,99967,200,100057,100,99960,100,100093,100,99916,100,100112,200,99914,100,100113,100,99912,100,100121,100,99900,100
2019-06-28 09:34:05.793506234,100017,236,99999,436,100022,236,99990,236,100038,100,99989,100,100041,100,99973,100,100042,100,99967,200,100057,100,99960,100,100112,200,99916,100,100113,100,99914,100,100121,100,99912,100,100126,100,99900,100
2019-06-28 09:34:10.000000000,100017,192,99999,392,100022,190,99990,190,100038,190,99989,190,100041,100,99973,100,100042,100,99967,200,100057,100,99960,100,100112,200,99916,100,100113,100,99914,100,100121,100,99912,100,100126,100,99900,100
2019-06-28 09:34:14.189948419,100017,92,99999,392,100022,190,99990,190,100038,190,99989,190,100041,100,99973,100,100042,100,99967,200,100057,100,99960,100,100112,200,99916,100,100113,100,99914,100,100121,100,99912,100,100126,100,99900,100
2019-06-28 09:34:20.000000000,100022,154,99999,354,100038,154,99990,154,100041,154,99989,154,100042,154,99973,154,100057,154,99967,254,100112,200,99960,100,100113,100,99916,100,100121,100,99914,100,100126,100,99912,100,100127,100,99900,100
2019-06-28 09:34:21.241329795,100022,54,99999,354,100038,154,99990,154,100041,154,99989,154,100042,154,99973,154,100057,154,99967,254,100112,200,99960,100,100113,100,99916,100,100121,100,99914,100,100127,100,99912,100,100151,100,99900,100
2019-06-28 09:34:21.364894814,100022,54,99999,354,100038,154,99990,154,100041,154,99989,154,100042,154,99973,154,100057,154,99967,254,100112,100,99960,100,100113,100,99916,100,100121,100,99914,100,100127,100,99912,100,100151,100,99900,100
2019-06-28 09:34:30.000000000,100038,154,99999,354,100041,154,99990,154,100042,154,99989,154,100057,154,99973,154,100112,154,99967,254,100113,100,99960,100,100121,100,99916,100,100127,100,99914,100,100151,100,99912,100,100977,100,99900,100
2019-06-28 09:34:39.347421255,100038,54,99999,354,100041,154,99990,154,100042,154,99989,154,100057,154,99973,154,100112,154,99967,254,100113,100,99960,100,100121,100,99916,100,100127,100,99914,100,100151,100,99912,100,100977,100,99900,100
2019-06-28 09:34:40.000000000,100041,192,99999,392,100042,190,99990,190,100057,190,99989,190,100112,100,99973,100,100113,100,99967,200,100121,100,99960,100,100127,100,99916,100,100151,100,99914,100,100977,100,99912,100,101338,100,99900,100
2019-06-28 09:34:50.000000000,100041,168,99999,368,100042,168,99990,168,100057,168,99989,168,100112,168,99973,168,100113,100,99967,200,100121,100,99960,100,100127,100,99916,100,100151,100,99914,100,100977,100,99912,100,101338,100,99900,100
2019-06-28 09:34:51.334624552,100041,68,99999,368,100042,168,99990,168,100057,168,99989,168,100112,168,99973,168,100113,100,99967,200,100121,100,99960,100,100127,100,99916,100,100151,100,99914,100,100977,100,99912,100,101338,100,99900,100
2019-06-28 09:35:00.000000000,100042,372,99999,572,100057,100,99990,100,100112,100,99989,100,100113,100,99973,100,100121,100,99967,200,100127,100,99960,100,100151,100,99916,100,100977,100,99914,100,101338,100,99912,100,101444,100,99900,100
2019-06-28 09:35:10.000000000,100042,154,99999,354,100057,154,99990,154,100112,154,99989,154,100113,154,99973,154,100121,154,99967,254,100127,100,99960,100,100151,100,99916,100,100977,100,99914,100,101338,100,99912,100,101444,100,99900,100
2019-06-28 09:35:20.000000000,100042,168,99999,368,100057,168,99990,168,100112,168,99989,168,100113,168,99973,168,100121,100,99967,200,100127,100,99960,100,100151,100,99916,100,100977,100,99914,100,101338,100,99912,100,101444,100,99900,100
2019-06-28 09:35:30.000000000,100042,154,99999,354,100057,154,99990,154,100112,154,99989,154,100113,154,99973,154,100121,154,99967,254,100127,100,99960,100,100151,100,99916,100,100977,100,99914,100,101338,100,99912,100,101444,100,99900,100
2019-06-28 09:35:40.000000000,100042,236,99999,436,100057,236,99990,236,100112,100,99989,100,100113,100,99973,100,100121,100,99967,200,100127,100,99960,100,100151,100,99916,100,100977,100,99914,100,101338,100,99912,100,101444,100,99900,100
2019-06-28 09:35:40.181468705,100042,236,99999,436,100057,236,99990,236,100112,100,99989,100,100113,100,99973,100,100121,100,99967,200,100127,100,99960,100,100151,100,99916,100,100977,100,99914,100,101314,100,99912,100,101338,100,99900,100
2019-06-28 09:35:50.000000000,100042,236,99999,436,100057,236,99990,236,100112,100,99989,100,100113,100,99973,100,100121,100,99967,200,100127,100,99960,100,100151,100,99916,100,100977,100,99914,100,101314,100,99912,100,101338,100,99900,100
2019-06-28 09:35:51.860148586,100042,236,99999,436,100057,236,99990,236,100112,100,99989,100,100113,100,99973,100,100121,100,99967,200,100127,100,99960,100,100151,100,99916,100,100844,100,99914,100,100977,100,99912,100,101314,100,99900,100
2019-06-28 09:35:57.076594357,100042,236,99999,436,100057,236,99990,236,100112,100,99989,100,100113,100,99973,100,100121,100,99967,200,100127,100,99960,100,100151,100,99916,100,100844,100,99914,100,100977,100,99912,100,101007,100,99900,100
2019-06-28 09:35:58.235530698,100042,136,99999,436,100057,236,99990,236,100112,100,99989,100,100113,100,99973,100,100121,100,99967,200,100127,100,99960,100,100151,100,99916,100,100844,100,99914,100,100977,100,99912,100,101007,100,99900,100
2019-06-28 09:36:00.000000000,100057,236,99999,436,100112,236,99990,236,100113,100,99989,100,100121,100,99973,100,100127,100,99967,200,100151,100,99960,100,100844,100,99916,100,100977,100,99914,100,101007,100,99912,100,101338,100,99900,100
2019-06-28 09:36:01.189496224,100057,236,99999,336,100112,236,99990,236,100113,100,99989,100,100121,100,99973,100,100127,100,99967,200,100151,100,99960,100,100844,100,99916,100,100977,100,99914,100,101007,100,99912,100,101338,100,99900,100
2019-06-28 09:36:03.604909795,100057,236,99999,336,100112,236,99990,236,100113,100,99989,100,100121,100,99973,100,100127,100,99967,200,100151,100,99960,100,100844,100,99916,100,100961,100,99914,100,100977,100,99912,100,101007,100,99900,100
2019-06-28 09:36:10.000000000,100057,236,99999,336,100112,236,99990,236,100113,100,99989,100,100121,100,99973,100,100127,100,99967,200,100151,100,99960,100,100844,100,99916,100,100961,100,99914,100,100977,100,99912,100,101007,100,99900,100
2019-06-28 09:36:16.420359180,100057,236,99999,336,100112,236,99990,236,100121,100,99989,100,100127,100,99973,100,100151,100,99967,200,100844,100,99960,100,100881,100,99916,100,100961,100,99914,100,100977,100,99912,100,101007,100,99900,100
2019-06-28 09:36:20.000000000,100057,372,99999,472,100112,100,99990,100,100121,100,99989,100,100127,100,99973,100,100151,100,99967,200,100844,100,99960,100,100881,100,99916,100,100961,100,99914,100,100977,100,99912,100,101007,100,99900,100
2019-06-28 09:36:28.321761735,100057,272,99999,472,100112,100,99990,100,100121,100,99989,100,100127,100,99973,100,100151,100,99967,200,100844,100,99960,100,100881,100,99916,100,100961,100,99914,100,100977,100,99912,100,101007,100,99900,100
2019-06-28 09:36:30.000000000,100112,372,99999,472,100121,100,99990,100,100127,100,99989,100,100151,100,99973,100,100844,100,99967,200,100881,100,99960,100,100961,100,99916,100,100977,100,99914,100,101007,100,99912,100,101338,100,99900,100
2019-06-28 09:36:40.000000000,100112,236,99999,336,100121,236,99990,236,100127,100,99989,100,100151,100,99973,100,100844,100,99967,200,100881,100,99960,100,100961,100,99916,100,100977,100,99914,100,101007,100,99912,100,101338,100,99900,100
2019-06-28 09:36:40.624258678,100112,236,99999,336,100121,236,99990,236,100127,100,99989,100,100151,100,99973,100,100844,100,99967,200,100880,100,99960,100,100881,100,99916,100,100961,100,99914,100,100977,100,99912,100,101007,100,99900,100
2019-06-28 09:36:50.000000000,100112,192,99999,292,100121,190,99990,190,100127,190,99989,190,100151,100,99973,100,100844,100,99967,200,100880,100,99960,100,100881,100,99916,100,100961,100,99914,100,100977,100,99912,100,101007,100,99900,100
2019-06-28 09:36:50.268784926,100112,92,99999,292,100121,190,99990,190,100127,190,99989,190,100151,100,99973,100,100844,100,99967,200,100880,100,99960,100,100881,100,99916,100,100961,100,99914,100,100977,100,99912,100,101007,100,99900,100
2019-06-28 09:36:57.105261823,100112,92,99999,292,100121,190,99990,190,100127,190,99989,190,100151,100,99973,100,100578,100,99967,200,100844,100,99960,100,100880,100,99916,100,100881,100,99914,100,100961,100,99912,100,100977,100,99900,100
2019-06-28 09:37:00.000000000,100121,168,99999,268,100127,168,99990,168,100151,168,99989,168,100578,168,99973,168,100844,100,99967,200,100880,100,99960,100,100881,100,99916,100,100961,100,99914,100,100977,100,99912,100,101007,100,99900,100
2019-06-28 09:37:02.629399384,100121,168,100042,100,100127,168,99999,268,100151,168,99990,168,100578,168,99989,168,100844,100,99973,168,100880,100,99967,200,100881,100,99960,100,100961,100,99916,100,100977,100,99914,100,101007,100,99912,100
2019-06-28 09:37:10.000000000,100121,236,100042,236,100127,236,99999,336,100151,100,99990,100,100578,100,99989,100,100844,100,99973,100,100880,100,99967,200,100881,100,99960,100,100961,100,99916,100,100977,100,99914,100,101007,100,99912,100
2019-06-28 09:37:20.000000000,100121,192,100042,192,100127,190,99999,290,100151,190,99990,190,100578,100,99989,100,100844,100,99973,100,100880,100,99967,200,100881,100,99960,100,100961,100,99916,100,100977,100,99914,100,101007,100,99912,100
2019-06-28 09:37:30.000000000,100121,168,100042,168,100127,168,99999,268,100151,168,99990,168,100578,168,99989,168,100844,100,99973,100,100880,100,99967,200,100881,100,99960,100,100961,100,99916,100,100977,100,99914,100,101007,100,99912,100
2019-06-28 09:37:40.000000000,100121,192,100042,192,100127,190,99999,290,100151,190,99990,190,100578,100,99989,100,100844,100,99973,100,100880,100,99967,200,100881,100,99960,100,100961,100,99916,100,100977,100,99914,100,101007,100,99912,100
2019-06-28 09:37:50.000000000,100121,372,100042,372,100127,100,99999,200,100151,100,99990,100,100578,100,99989,100,100844,100,99973,100,100880,100,99967,200,100881,100,99960,100,100961,100,99916,100,100977,100,99914,100,101007,100,99912,100
2019-06-28 09:38:00.000000000,100121,168,100042,168,100127,168,99999,268,100151,168,99990,168,100578,168,99989,168,100844,100,99973,100,100880,100,99967,200,100881,100,99960,100,100961,100,99916,100,100977,100,99914,100,101007,100,99912,100
2019-06-28 09:38:10.000000000,100121,168,100042,168,100127,168,99999,268,100151,168,99990,168,100578,168,99989,168,100844,100,99973,100,100880,100,99967,200,100881,100,99960,100,100961,100,99916,100,100977,100,99914,100,101007,100,99912,100
2019-06-28 09:38:20.000000000,100121,236,100042,236,100127,236,99999,336,100151,100,99990,100,100578,100,99989,100,100844,100,99973,100,100880,100,99967,200,100881,100,99960,100,100961,100,99916,100,100977,100,99914,100,101007,100,99912,100
2019-06-28 09:38:30.000000000,100121,236,100042,236,100127,236,99999,336,100151,100,99990,100,100578,100,99989,100,100844,100,99973,100,100880,100,99967,200,100881,100,99960,100,100961,100,99916,100,100977,100,99914,100,101007,100,99912,100
2019-06-28 09:38:40.000000000,100121,192,100042,192,100127,190,99999,290,100151,190,99990,190,100578,100,99989,100,100844,100,99973,100,100880,100,99967,200,100881,100,99960,100,100961,100,99916,100,100977,100,99914,100,101007,100,99912,100
2019-06-28 09:38:50.000000000,100121,168,100042,168,100127,168,99999,268,100151,168,99990,168,100578,168,99989,168,100844,100,99973,100,100880,100,99967,200,100881,100,99960,100,100961,100,99916,100,100977,100,99914,100,101007,100,99912,100
2019-06-28 09:39:00.000000000,100121,192,100042,192,100127,190,99999,290,100151,190,99990,190,100578,100,99989,100,100844,100,99973,100,100880,100,99967,200,100881,100,99960,100,100961,100,99916,100,100977,100,99914,100,101007,100,99912,100
2019-06-28 09:39:10.000000000,100121,236,100042,236,100127,236,99999,336,100151,100,99990,100,100578,100,99989,100,100844,100,99973,100,100880,100,99967,200,100881,100,99960,100,100961,100,99916,100,100977,100,99914,100,101007,100,99912,100
2019-06-28 09:39:20.000000000,100121,192,100042,192,100127,190,99999,290,100151,190,99990,190,100578,100,99989,100,100844,100,99973,100,100880,100,99967,200,100881,100,99960,100,100961,100,99916,100,100977,100,99914,100,101007,100,99912,100
2019-06-28 09:39:30.000000000,100121,372,100042,372,100127,100,99999,200,100151,100,99990,100,100578,100,99989,100,100844,100,99973,100,100880,100,99967,200,100881,100,99960,100,100961,100,99916,100,100977,100,99914,100,101007,100,99912,100
2019-06-28 09:39:40.000000000,100121,192,100042,192,100127,190,99999,290,100151,190,99990,190,100578,100,99989,100,100844,100,99973,100,100880,100,99967,200,100881,100,99960,100,100961,100,99916,100,100977,100,99914,100,101007,100,99912,100
2019-06-28 09:39:50.000000000,100121,154,100042,154,100127,154,99999,254,100151,154,99990,154,100578,154,99989,154,100844,154,99973,154,100880,100,99967,200,100881,100,99960,100,100961,100,99916,100,100977,100,99914,100,101007,100,99912,100
2019-06-28 09:39:51.436514468,100121,154,100042,154,100127,154,99999,254,100151,154,99990,154,100578,154,99989,154,100844,154,99973,154,100880,100,99967,200,100881,100,99960,100,100961,100,99916,100,100977,100,99914,100,101007,100,99912,100
2019-06-28 09:39:58.210787191,100121,154,100042,54,100127,154,99999,254,100151,154,99990,154,100578,154,99989,154,100844,154,99973,154,100880,100,99967,200,100881,100,99960,100,100961,100,99916,100,100977,100,99914,100,101007,100,99912,100
2019-06-28 09:40:00.000000000,100121,372,99999,472,100127,100,99990,100,100151,100,99989,100,100578,100,99973,100,100844,100,99967,200,100880,100,99960,100,100881,100,99916,100,100961,100,99914,100,100977,100,99912,100,101007,100,99900,100
2019-06-28 09:40:08.780770357,100121,372,99999,372,100127,100,99990,100,100151,100,99989,100,100578,100,99973,100,100844,100,99967,200,100880,100,99960,100,100881,100,99916,100,100961,100,99914,100,100977,100,99912,100,101007,100,99900,100
2019-06-28 09:40:09.421862104,100121,372,99999,372,100127,100,99990,100,100151,100,99989,100,100578,100,99973,100,100844,100,99967,200,100880,100,99960,100,100881,100,99916,100,100961,100,99914,100,101007,100,99912,100,101034,100,99900,100
2019-06-28 09:40:10.000000000,100121,236,99999,236,100127,236,99990,236,100151,100,99989,100,100578,100,99973,100,100844,100,99967,200,100880,100,99960,100,100881,100,99916,100,100961,100,99914,100,101007,100,99912,100,101034,100,99900,100
2019-06-28 09:40:20.000000000,100121,192,99999,192,100127,190,99990,190,100151,190,99989,190,100578,100,99973,100,100844,100,99967,200,100880,100,99960,100,100881,100,99916,100,100961,100,99914,100,101007,100,99912,100,101034,100,99900,100
2019-06-28 09:40:20.077504022,100121,192,99999,92,100127,190,99990,190,100151,190,99989,190,100578,100,99973,100,100844,100,99967,200,100880,100,99960,100,100881,100,99916,100,100961,100,99914,100,101007,100,99912,100,101034,100,99900,100
2019-06-28 09:40:30.000000000,100121,236,99990,236,100127,236,99989,236,100151,100,99973,100,100578,100,99967,200,100844,100,99960,100,100880,100,99916,100,100881,100,99914,100,100961,100,99912,100,101007,100,99900,100,101034,100,99895,100
2019-06-28 09:40:40.000000000,100121,192,99990,192,100127,190,99989,190,100151,190,99973,190,100578,100,99967,200,100844,100,99960,100,100880,100,99916,100,100881,100,99914,100,100961,100,99912,100,101007,100,99900,100,101034,100,99895,100
2019-06-28 09:40:50.000000000,100121,192,99990,192,100127,190,99989,190,100151,190,99973,190,100578,100,99967,200,100844,100,99960,100,100880,100,99916,100,100881,100,99914,100,100961,100,99912,100,101007,100,99900,100,101034,100,99895,100
2019-06-28 09:40:53.854464711,100121,192,99990,92,100127,190,99989,190,100151,190,99973,190,100578,100,99967,200,100844,100,99960,100,100880,100,99916,100,100881,100,99914,100,100961,100,99912,100,101007,100,99900,100,101034,100,99895,100
2019-06-28 09:41:00.000000000,100121,236,99989,236,100127,236,99973,236,100151,100,99967,200,100578,100,99960,100,100844,100,99916,100,100880,100,99914,100,100881,100,99912,100,100961,100,99900,100,101007,100,99895,100,101034,100,99893,200
2019-06-28 09:41:10.000000000,100121,192,99989,192,100127,190,99973,190,100151,190,99967,290,100578,100,99960,100,100844,100,99916,100,100880,100,99914,100,100881,100,99912,100,100961,100,99900,100,101007,100,99895,100,101034,100,99893,200
2019-06-28 09:41:12.725657914,100121,192,99989,192,100127,190,99973,190,100151,190,99967,290,100578,100,99960,100,100844,100,99916,100,100880,100,99914,100,100881,100,99912,100,100961,100,99900,100,101007,100,99895,100,101034,100,99893,200
2019-06-28 09:41:20.000000000,100121,236,99989,236,100127,236,99973,236,100151,100,99967,200,100578,100,99960,100,100844,100,99916,100,100880,100,99914,100,100881,100,99912,100,100961,100,99900,100,101007,100,99895,100,101034,100,99893,200
2019-06-28 09:41:21.938830218,100121,236,99989,236,100127,236,99973,236,100151,100,99967,200,100578,100,99960,100,100844,100,99916,100,100880,100,99914,100,100881,100,99912,100,100961,100,99900,100,101007,100,99895,100,101034,100,99893,200
2019-06-28 09:41:23.824188280,100121,236,99989,236,100127,236,99973,236,100151,100,99967,200,100844,100,99960,100,100880,100,99916,100,100881,100,99914,100,100961,100,99912,100,101007,100,99900,100,101034,100,99895,100,101444,100,99893,200
2019-06-28 09:41:30.000000000,100121,192,99989,192,100127,190,99973,190,100151,190,99967,290,100844,100,99960,100,100880,100,99916,100,100881,100,99914,100,100961,100,99912,100,101007,100,99900,100,101034,100,99895,100,101444,100,99893,200
2019-06-28 09:41:40.000000000,100121,372,99989,372,100127,100,99973,100,100151,100,99967,200,100844,100,99960,100,100880,100,99916,100,100881,100,99914,100,100961,100,99912,100,101007,100,99900,100,101034,100,99895,100,101444,100,99893,200
2019-06-28 09:41:40.690418634,100121,372,99989,272,100127,100,99973,100,100151,100,99967,200,100844,100,99960,100,100880,100,99916,100,100881,100,99914,100,100961,100,99912,100,101007,100,99900,100,101034,100,99895,100,101444,100,99893,200
2019-06-28 09:41:50.000000000,100121,372,99973,372,100127,100,99967,200,100151,100,99960,100,100844,100,99916,100,100880,100,99914,100,100881,100,99912,100,100961,100,99900,100,101007,100,99895,100,101034,100,99893,200,101444,100,99886,100
2019-06-28 09:42:00.000000000,100121,236,99973,236,100127,236,99967,336,100151,100,99960,100,100844,100,99916,100,100880,100,99914,100,100881,100,99912,100,100961,100,99900,100,101007,100,99895,100,101034,100,99893,200,101444,100,99886,100
2019-06-28 09:42:10.000000000,100121,154,99973,154,100127,154,99967,254,100151,154,99960,154,100844,154,99916,154,100880,154,99914,154,100881,100,99912,100,100961,100,99900,100,101007,100,99895,100,101034,100,99893,200,101444,100,99886,100
2019-06-28 09:42:20.000000000,100121,236,99973,236,100127,236,99967,336,100151,100,99960,100,100844,100,99916,100,100880,100,99914,100,100881,100,99912,100,100961,100,99900,100,101007,100,99895,100,101034,100,99893,200,101444,100,99886,100
2019-06-28 09:42:30.000000000,100121,192,99973,192,100127,190,99967,290,100151,190,99960,190,100844,100,99916,100,100880,100,99914,100,100881,100,99912,100,100961,100,99900,100,101007,100,99895,100,101034,100,99893,200,101444,100,99886,100
2019-06-28 09:42:40.000000000,100121,192,99973,192,100127,190,99967,290,100151,190,99960,190,100844,100,99916,100,100880,100,99914,100,100881,100,99912,100,100961,100,99900,100,101007,100,99895,100,101034,100,99893,200,101444,100,99886,100
2019-06-28 09:42:43.008095536,100121,192,99973,192,100127,190,99967,290,100151,190,99960,190,100844,100,99916,100,100880,100,99914,100,100881,100,99912,100,100961,100,99900,100,101007,100,99895,100,101034,100,99893,200,101444,100,99886,100
2019-06-28 09:42:50.000000000,100121,192,99973,192,100127,190,99967,290,100151,190,99960,190,100844,100,99916,100,100880,100,99914,100,100881,100,99912,100,100961,100,99900,100,101007,100,99895,100,101034,100,99893,200,101444,100,99886,100
2019-06-28 09:42:50.670447281,100121,192,99973,192,100127,190,99967,290,100151,190,99960,190,100844,100,99916,100,100880,100,99914,100,100881,100,99912,100,100961,100,99900,100,101007,100,99895,100,101034,100,99893,200,101444,100,99886,100
2019-06-28 09:43:00.000000000,100121,192,99973,192,100127,190,99967,290,100151,190,99960,190,100844,100,99916,100,100880,100,99914,100,100881,100,99912,100,100961,100,99900,100,101007,100,99895,100,101034,100,99893,200,101444,100,99886,100
2019-06-28 09:43:10.000000000,100121,236,99973,236,100127,236,99967,336,100151,100,99960,100,100844,100,99916,100,100880,100,99914,100,100881,100,99912,100,100961,100,99900,100,101007,100,99895,100,101034,100,99893,200,101444,100,99886,100
2019-06-28 09:43:20.000000000,100121,192,99973,192,100127,190,99967,290,100151,190,99960,190,100844,100,99916,100,100880,100,99914,100,100881,100,99912,100,100961,100,99900,100,101007,100,99895,100,101034,100,99893,200,101444,100,99886,100
2019-06-28 09:43:30.000000000,100121,154,99973,154,100127,154,99967,254,100151,154,99960,154,100844,154,99916,154,100880,154,99914,154,100881,100,99912,100,100961,100,99900,100,101007,100,99895,100,101034,100,99893,200,101444,100,99886,100
2019-06-28 09:43:40.000000000,100121,236,99973,236,100127,236,99967,336,100151,100,99960,100,100844,100,99916,100,100880,100,99914,100,100881,100,99912,100,100961,100,99900,100,101007,100,99895,100,101034,100,99893,200,101444,100,99886,100
2019-06-28 09:43:43.731808356,100121,236,99973,236,100127,236,99967,336,100151,100,99960,100,100844,100,99916,100,100880,100,99914,100,100881,100,99912,100,100961,100,99900,100,101007,100,99895,100,101034,100,99893,200,101444,100,99886,100
2019-06-28 09:43:50.000000000,100121,154,99973,154,100127,154,99967,254,100151,154,99960,154,100844,154,99916,154,100880,154,99914,154,100881,100,99912,100,100961,100,99900,100,101007,100,99895,100,101034,100,99893,200,101444,100,99886,100
2019-06-28 09:43:55.445947101,100121,154,99973,54,100127,154,99967,254,100151,154,99960,154,100844,154,99916,154,100880,54,99914,154,100881,100,99912,100,100961,100,99900,100,101007,100,99895,100,101034,100,99893,200,101444,100,99886,100
2019-06-28 09:44:00.000000000,100121,236,99967,336,100127,236,99960,236,100151,100,99916,100,100844,100,99914,100,100881,100,99912,100,100961,100,99900,100,101007,100,99895,100,101034,100,99893,200,101444,100,99886,100,,,99809,100
2019-06-28 09:44:01.235545681,100121,236,99967,336,100127,236,99960,236,100151,100,99916,100,100844,100,99914,100,100881,100,99912,100,100961,100,99900,100,101007,100,99895,100,101034,100,99893,200,101444,100,99886,100,,,99809,100
2019-06-28 09:44:09.174824615,100121,236,99967,336,100127,236,99960,236,100151,100,99916,100,100844,100,99914,100,100881,100,99912,100,100961,100,99900,100,101007,100,99895,100,101034,100,99893,200,101444,100,99886,100,,,99809,100
2019-06-28 09:44:10.000000000,100121,236,99967,336,100127,236,99960,236,100151,100,99916,100,100844,100,99914,100,100881,100,99912,100,100961,100,99900,100,101007,100,99895,100,101034,100,99893,200,101444,100,99886,100,,,99809,100
2019-06-28 09:44:19.264440240,100121,236,99967,336,100127,236,99960,236,100151,100,99916,100,100844,100,99914,100,100881,100,99912,100,101007,100,99900,100,101034,100,99895,100,101444,100,99893,200,,,99886,100,,,99809,100
2019-06-28 09:44:20.000000000,100121,372,99967,472,100127,100,99960,100,100151,100,99916,100,100844,100,99914,100,100881,100,99912,100,101007,100,99900,100,101034,100,99895,100,101444,100,99893,200,,,99886,100,,,99809,100
2019-06-28 09:44:30.000000000,100121,236,99967,336,100127,236,99960,236,100151,100,99916,100,100844,100,99914,100,100881,100,99912,100,101007,100,99900,100,101034,100,99895,100,101444,100,99893,200,,,99886,100,,,99809,100
2019-06-28 09:44:40.000000000,100121,372,99967,472,100127,100,99960,100,100151,100,99916,100,100844,100,99914,100,100881,100,99912,100,101007,100,99900,100,101034,100,99895,100,101444,100,99893,200,,,99886,100,,,99809,100
2019-06-28 09:44:50.000000000,100121,236,99967,336,100127,236,99960,236,100151,100,99916,100,100844,100,99914,100,100881,100,99912,100,101007,100,99900,100,101034,100,99895,100,101444,100,99893,200,,,99886,100,,,99809,100
2019-06-28 09:44:54.309499068,100121,236,99967,336,100127,236,99960,236,100151,100,99916,100,100844,100,99914,100,100881,100,99912,100,101007,100,99900,100,101034,100,99895,100,101444,100,99893,200,,,99886,100,,,99809,100
2019-06-28 09:45:00.000000000,100121,192,99967,292,100127,190,99960,190,100151,190,99916,190,100844,100,99914,100,100881,100,99912,100,101007,100,99900,100,101034,100,99895,100,101444,100,99893,200,,,99886,100,,,99809,100
2019-06-28 09:45:05.793894303,99989,100,99967,292,100121,192,99960,190,100127,190,99916,190,100151,190,99914,100,100844,100,99912,100,100881,100,99900,100,101007,100,99895,100,101034,100,99893,200,101444,100,99886,100,,,99809,100
2019-06-28 09:45:10.000000000,99989,154,99967,254,100121,154,99960,154,100127,154,99916,154,100151,154,99914,154,100844,154,99912,154,100881,100,99900,100,101007,100,99895,100,101034,100,99893,200,101444,100,99886,100,,,99809,100
2019-06-28 09:45:20.000000000,99989,192,99967,292,100121,190,99960,190,100127,190,99916,190,100151,100,99914,100,100844,100,99912,100,100881,100,99900,100,101007,100,99895,100,101034,100,99893,200,101444,100,99886,100,,,99809,100
2019-06-28 09:45:27.694429722,99989,192,99967,192,100121,190,99960,190,100127,190,99916,190,100151,100,99914,100,100844,100,99912,100,100881,100,99900,100,101007,100,99893,200,101034,100,99886,100,101444,100,99809,100,,,99706,100
2019-06-28 09:45:30.000000000,99989,372,99967,372,100121,100,99960,100,100127,100,99916,100,100151,100,99914,100,100844,100,99912,100,100881,100,99900,100,101007,100,99893,200,101034,100,99886,100,101444,100,99809,100,,,99706,100
2019-06-28 09:45:40.000000000,99989,168,99967,168,100121,168,99960,168,100127,168,99916,168,100151,168,99914,168,100844,100,99912,100,100881,100,99900,100,101007,100,99893,200,101034,100,99886,100,101444,100,99809,100,,,99706,100
2019-06-28 09:45:50.000000000,99989,168,99967,168,100121,168,99960,168,100127,168,99916,168,100151,168,99914,168,100844,100,99912,100,100881,100,99900,100,101007,100,99893,200,101034,100,99886,100,101444,100,99809,100,,,99706,100
2019-06-28 09:45:59.707623427,99989,168,99967,68,100121,168,99960,168,100127,168,99916,168,100151,168,99914,168,100844,100,99912,100,101007,100,99900,100,101034,100,99893,200,101444,100,99886,100,,,99809,100,,,99706,100
2019-06-28 09:46:00.000000000,99989,154,99960,154,100121,154,99916,154,100127,154,99914,154,100151,154,99912,154,100844,154,99900,154,101007,100,99893,200,101034,100,99886,100,101444,100,99809,100,,,99706,100,,,99361,100
2019-06-28 09:46:10.000000000,99989,236,99960,236,100121,236,99916,236,100127,100,99914,100,100151,100,99912,100,100844,100,99900,100,101007,100,99893,200,101034,100,99886,100,101444,100,99809,100,,,99706,100,,,99361,100
2019-06-28 09:46:14.734192178,99989,236,99960,136,100121,236,99916,236,100127,100,99914,100,100151,100,99912,100,100844,100,99900,100,101007,100,99893,200,101034,100,99886,100,101444,100,99809,100,,,99706,100,,,99281,100
2019-06-28 09:46:20.000000000,99989,168,99916,168,100121,168,99914,168,100127,168,99912,168,100151,168,99900,168,100844,100,99893,200,101007,100,99886,100,101034,100,99809,100,101444,100,99706,100,,,99281,100,,,99209,100
2019-06-28 09:46:28.424105061,99989,168,99916,168,100121,168,99914,168,100127,168,99912,68,100151,168,99900,168,100844,100,99893,200,101007,100,99886,100,101034,100,99809,100,101444,100,99706,100,,,99281,100,,,99209,100
2019-06-28 09:46:30.000000000,99989,168,99916,168,100121,168,99914,168,100127,168,99900,168,100151,168,99893,268,100844,100,99886,100,101007,100,99809,100,101034,100,99706,100,101444,100,99281,100,,,99209,100,,,99206,100
2019-06-28 09:46:36.946992145,99989,168,99916,68,100121,168,99914,168,100127,168,99900,168,100151,168,99893,268,100844,100,99886,100,101007,100,99809,100,101034,100,99706,100,101444,100,99281,100,,,99209,100,,,99206,100
2019-06-28 09:46:40.000000000,99989,372,99914,372,100121,100,99900,100,100127,100,99893,200,100151,100,99886,100,100844,100,99809,100,101007,100,99706,100,101034,100,99281,100,101444,100,99209,100,,,99206,100,,,99162,100
2019-06-28 09:46:49.757221358,99989,372,99914,372,100121,100,99900,100,100127,100,99893,200,100151,100,99886,100,100844,100,99843,100,101007,100,99809,100,101034,100,99281,100,101444,100,99209,100,,,99206,100,,,99162,100
2019-06-28 09:46:50.000000000,99989,372,99914,372,100121,100,99900,100,100127,100,99893,200,100151,100,99886,100,100844,100,99843,100,101007,100,99809,100,101034,100,99281,100,101444,100,99209,100,,,99206,100,,,99162,100
2019-06-28 09:47:00.000000000,99989,192,99914,192,100121,190,99900,190,100127,190,99893,290,100151,100,99886,100,100844,100,99843,100,101007,100,99809,100,101034,100,99281,100,101444,100,99209,100,,,99206,100,,,99162,100
2019-06-28 09:47:07.921246477,99989,192,99914,192,100121,190,99900,190,100127,190,99893,290,100151,100,99886,100,100844,100,99843,100,101007,100,99809,100,101034,100,99710,100,101444,100,99281,100,,,99209,100,,,99206,100
2019-06-28 09:47:10.000000000,99989,372,99914,372,100121,100,99900,100,100127,100,99893,200,100151,100,99886,100,100844,100,99843,100,101007,100,99809,100,101034,100,99710,100,101444,100,99281,100,,,99209,100,,,99206,100
2019-06-28 09:47:12.378172306,99989,372,99914,372,100121,100,99900,100,100127,100,99893,200,100151,100,99886,100,100844,100,99843,100,101007,100,99822,100,101034,100,99809,100,101444,100,99710,100,,,99281,100,,,99209,100
2019-06-28 09:47:16.790330013,99989,372,99914,372,100121,100,99900,100,100127,100,99893,200,100151,100,99886,100,100844,100,99843,100,101007,100,99822,100,101034,100,99809,100,101444,100,99736,100,,,99281,100,,,99209,100
2019-06-28 09:47:20.000000000,99989,168,99914,168,100121,168,99900,168,100127,168,99893,268,100151,168,99886,168,100844,100,99843,100,101007,100,99822,100,101034,100,99809,100,101444,100,99736,100,,,99281,100,,,99209,100
2019-06-28 09:47:27.147735780,99960,100,99914,168,99989,168,99900,168,100121,168,99893,268,100127,168,99886,168,100151,168,99843,100,100844,100,99822,100,101007,100,99809,100,101034,100,99736,100,101444,100,99281,100,,,99209,100
2019-06-28 09:47:30.000000000,99960,372,99914,372,99989,100,99900,100,100121,100,99893,200,100127,100,99886,100,100151,100,99843,100,100844,100,99822,100,101007,100,99809,100,101034,100,99736,100,101444,100,99281,100,,,99209,100
2019-06-28 09:47:40.000000000,99960,154,99914,154,99989,154,99900,154,100121,154,99893,254,100127,154,99886,154,100151,154,99843,154,100844,100,99822,100,101007,100,99809,100,101034,100,99736,100,101444,100,99281,100,,,99209,100
2019-06-28 09:47:46.620286876,99960,154,99914,154,99989,154,99900,154,100121,154,99893,254,100127,154,99886,154,100151,154,99843,154,100361,100,99822,100,100844,100,99809,100,101007,100,99736,100,101034,100,99281,100,101444,100,99209,100
2019-06-28 09:47:50.000000000,99960,168,99914,168,99989,168,99900,168,100121,168,99893,268,100127,168,99886,168,100151,100,99843,100,100361,100,99822,100,100844,100,99809,100,101007,100,99736,100,101034,100,99281,100,101444,100,99209,100
2019-06-28 09:47:51.098677549,99960,168,99914,168,99989,168,99900,168,100121,168,99893,268,100127,168,99886,168,100151,100,99843,100,100194,100,99822,100,100361,100,99809,100,100844,100,99736,100,101007,100,99281,100,101034,100,99209,100
2019-06-28 09:48:00.000000000,99960,168,99914,168,99989,168,99900,168,100121,168,99893,268,100127,168,99886,168,100151,100,99843,100,100194,100,99822,100,100361,100,99809,100,100844,100,99736,100,101007,100,99281,100,101034,100,99209,100
2019-06-28 09:48:04.949268669,99960,68,99914,168,99989,168,99900,168,100121,168,99893,268,100127,168,99886,168,100151,100,99843,100,100194,100,99822,100,100361,100,99809,100,100844,100,99736,100,101007,100,99281,100,101034,100,99209,100
2019-06-28 09:48:08.785931925,99960,68,99917,100,99989,168,99914,168,100121,168,99900,168,100127,168,99893,268,100151,100,99886,168,100194,100,99843,100,100361,100,99822,100,100844,100,99809,100,101007,100,99736,100,101034,100,99281,100
2019-06-28 09:48:10.000000000,99989,236,99917,236,100121,236,99914,236,100127,100,99900,100,100151,100,99893,200,100194,100,99886,100,100361,100,99843,100,100844,100,99822,100,101007,100,99809,100,101034,100,99736,100,101444,100,99281,100
2019-06-28 09:48:19.994839871,99989,236,99917,336,100121,236,99914,236,100127,100,99900,100,100151,100,99893,200,100194,100,99886,100,100361,100,99843,100,100844,100,99822,100,101007,100,99809,100,101034,100,99736,100,101444,100,99281,100
2019-06-28 09:48:20.000000000,99989,192,99917,292,100121,190,99914,190,100127,190,99900,190,100151,100,99893,200,100194,100,99886,100,100361,100,99843,100,100844,100,99822,100,101007,100,99809,100,101034,100,99736,100,101444,100,99281,100
2019-06-28 09:48:30.000000000,99989,154,99917,254,100121,154,99914,154,100127,154,99900,154,100151,154,99893,254,100194,154,99886,154,100361,100,99843,100,100844,100,99822,100,101007,100,99809,100,101034,100,99736,100,101444,100,99281,100
2019-06-28 09:48:32.956101261,99989,154,99917,254,100121,154,99914,154,100127,154,99900,154,100151,154,99893,254,100186,100,99886,154,100194,154,99843,100,100361,100,99822,100,100844,100,99809,100,101007,100,99736,100,101034,100,99281,100
2019-06-28 09:48:33.831173564,99989,154,99917,254,100116,100,99914,154,100121,154,99900,154,100127,154,99893,254,100151,154,99886,154,100186,100,99843,100,100194,154,99822,100,100361,100,99809,100,100844,100,99736,100,101007,100,99281,100
2019-06-28 09:48:38.162674953,99989,154,99917,154,100116,100,99914,154,100121,154,99900,154,100127,154,99893,254,100151,154,99886,154,100186,100,99843,100,100194,154,99822,100,100844,100,99809,100,101007,100,99736,100,101034,100,99281,100
2019-06-28 09:48:40.000000000,99989,192,99917,192,100116,190,99914,190,100121,190,99900,190,100127,100,99893,200,100151,100,99886,100,100186,100,99843,100,100194,100,99822,100,100844,100,99809,100,101007,100,99736,100,101034,100,99281,100
2019-06-28 09:48:50.000000000,99989,168,99917,168,100116,168,99914,168,100121,168,99900,168,100127,168,99893,268,100151,100,99886,100,100186,100,99843,100,100194,100,99822,100,100844,100,99809,100,101007,100,99736,100,101034,100,99281,100
2019-06-28 09:49:00.000000000,99989,168,99917,168,100116,168,99914,168,100121,168,99900,168,100127,168,99893,268,100151,100,99886,100,100186,100,99843,100,100194,100,99822,100,100844,100,99809,100,101007,100,99736,100,101034,100,99281,100
2019-06-28 09:49:01.903831577,99989,168,99917,168,100115,100,99914,68,100116,168,99900,168,100121,168,99893,268,100127,168,99886,100,100151,100,99843,100,100186,100,99822,100,100194,100,99809,100,100844,100,99736,100,101007,100,99281,100
2019-06-28 09:49:10.000000000,99989,372,99917,372,100115,100,99900,100,100116,100,99893,200,100121,100,99886,100,100127,100,99843,100,100151,100,99822,100,100186,100,99809,100,100194,100,99736,100,100844,100,99281,100,101007,100,99209,100
2019-06-28 09:49:18.342226710,99989,372,99917,372,100115,100,99900,100,100116,100,99893,200,100121,100,99886,100,100127,100,99843,100,100151,100,99822,100,100186,100,99809,100,100194,100,99736,100,100502,100,99281,100,100844,100,99209,100
2019-06-28 09:49:20.000000000,99989,168,99917,168,100115,168,99900,168,100116,168,99893,268,100121,168,99886,168,100127,100,99843,100,100151,100,99822,100,100186,100,99809,100,100194,100,99736,100,100502,100,99281,100,100844,100,99209,100
2019-06-28 09:49:21.852647578,99989,168,99917,168,100115,168,99900,168,100116,168,99893,268,100121,168,99886,68,100127,100,99843,100,100151,100,99822,100,100186,100,99809,100,100194,100,99736,100,100477,100,99281,100,100502,100,99209,100
2019-06-28 09:49:28.328226054,99989,168,99917,168,100115,168,99900,168,100116,168,99893,268,100121,168,99886,68,100127,100,99843,100,100151,100,99822,100,100186,100,99809,100,100194,100,99736,100,100440,100,99281,100,100477,100,99209,100
2019-06-28 09:49:30.000000000,99989,236,99917,236,100115,236,99900,236,100116,100,99893,200,100121,100,99843,100,100127,100,99822,100,100151,100,99809,100,100186,100,99736,100,100194,100,99281,100,100440,100,99209,100,100477,100,99206,100
2019-06-28 09:49:40.000000000,99989,154,99917,154,100115,154,99900,154,100116,154,99893,254,100121,154,99843,154,100127,154,99822,154,100151,100,99809,100,100186,100,99736,100,100194,100,99281,100,100440,100,99209,100,100477,100,99206,100
2019-06-28 09:49:50.000000000,99989,372,99917,372,100115,100,99900,100,100116,100,99893,200,100121,100,99843,100,100127,100,99822,100,100151,100,99809,100,100186,100,99736,100,100194,100,99281,100,100440,100,99209,100,100477,100,99206,100
2019-06-28 09:50:00.000000000,99989,372,99917,372,100115,100,99900,100,100116,100,99893,200,100121,100,99843,100,100127,100,99822,100,100151,100,99809,100,100186,100,99736,100,100194,100,99281,100,100440,100,99209,100,100477,100,99206,100
2019-06-28 09:50:10.000000000,99989,192,99917,192,100115,190,99900,190,100116,190,99893,290,100121,100,99843,100,100127,100,99822,100,100151,100,99809,100,100186,100,99736,100,100194,100,99281,100,100440,100,99209,100,100477,100,99206,100
2019-06-28 09:50:20.000000000,99989,372,99917,372,100115,100,99900,100,100116,100,99893,200,100121,100,99843,100,100127,100,99822,100,100151,100,99809,100,100186,100,99736,100,100194,100,99281,100,100440,100,99209,100,100477,100,99206,100
2019-06-28 09:50:30.000000000,99989,168,99917,168,100115,168,99900,168,100116,168,99893,268,100121,168,99843,168,100127,100,99822,100,100151,100,99809,100,100186,100,99736,100,100194,100,99281,100,100440,100,99209,100,100477,100,99206,100
2019-06-28 09:50:35.581376715,99989,168,99917,168,100115,168,99900,168,100116,168,99893,268,100121,68,99843,168,100127,100,99822,100,100151,100,99809,100,100186,100,99736,100,100194,100,99281,100,100440,100,99209,100,100477,100,99206,100
2019-06-28 09:50:40.000000000,99989,236,99917,236,100115,236,99900,236,100116,100,99893,200,100127,100,99843,100,100151,100,99822,100,100186,100,99809,100,100194,100,99736,100,100440,100,99281,100,100477,100,99209,100,100502,100,99206,100
2019-06-28 09:50:50.000000000,99989,192,99917,192,100115,190,99900,190,100116,190,99893,290,100127,100,99843,100,100151,100,99822,100,100186,100,99809,100,100194,100,99736,100,100440,100,99281,100,100477,100,99209,100,100502,100,99206,100
2019-06-28 09:51:00.000000000,99989,236,99917,236,100115,236,99900,236,100116,100,99893,200,100127,100,99843,100,100151,100,99822,100,100186,100,99809,100,100194,100,99736,100,100440,100,99281,100,100477,100,99209,100,100502,100,99206,100
2019-06-28 09:51:02.140698869,99989,236,99918,100,100115,236,99917,236,100116,100,99900,236,100127,100,99893,200,100151,100,99843,100,100186,100,99822,100,100194,100,99809,100,100440,100,99736,100,100477,100,99281,100,100502,100,99209,100
2019-06-28 09:51:10.000000000,99989,192,99918,192,100115,190,99917,190,100116,190,99900,190,100127,100,99893,200,100151,100,99843,100,100186,100,99822,100,100194,100,99809,100,100440,100,99736,100,100477,100,99281,100,100502,100,99209,100
2019-06-28 09:51:20.000000000,99989,168,99918,168,100115,168,99917,168,100116,168,99900,168,100127,168,99893,268,100151,100,99843,100,100186,100,99822,100,100194,100,99809,100,100440,100,99736,100,100477,100,99281,100,100502,100,99209,100
2019-06-28 09:51:30.000000000,99989,236,99918,236,100115,236,99917,236,100116,100,99900,100,100127,100,99893,200,100151,100,99843,100,100186,100,99822,100,100194,100,99809,100,100440,100,99736,100,100477,100,99281,100,100502,100,99209,100
2019-06-28 09:51:40.000000000,99989,168,99918,168,100115,168,99917,168,100116,168,99900,168,100127,168,99893,268,100151,100,99843,100,100186,100,99822,100,100194,100,99809,100,100440,100,99736,100,100477,100,99281,100,100502,100,99209,100
2019-06-28 09:51:40.190140297,99989,168,99918,268,100115,168,99917,68,100116,168,99900,168,100127,168,99893,268,100151,100,99843,100,100186,100,99822,100,100194,100,99809,100,100440,100,99736,100,100477,100,99281,100,100502,100,99209,100
2019-06-28 09:51:48.550581115,99989,168,99918,268,100115,168,99917,68,100116,168,99900,168,100127,168,99893,268,100151,100,99843,100,100186,100,99822,100,100194,100,99809,100,100440,100,99736,100,100477,100,99281,100,100502,100,99209,100
2019-06-28 09:51:50.000000000,99989,372,99918,472,100115,100,99900,100,100116,100,99893,200,100127,100,99843,100,100151,100,99822,100,100186,100,99809,100,100194,100,99736,100,100440,100,99281,100,100477,100,99209,100,100502,100,99206,100
2019-06-28 09:51:50.883947292,99989,372,99918,472,100115,100,99900,100,100116,100,99893,200,100127,100,99843,100,100151,100,99822,100,100186,100,99809,100,100194,100,99736,100,100440,100,99281,100,100477,100,99206,100,100502,100,99162,100
2019-06-28 09:51:58.204646956,99989,372,99918,472,100115,100,99900,100,100116,100,99893,200,100127,100,99843,100,100151,100,99822,100,100186,100,99809,100,100194,100,99736,100,100477,100,99281,100,100502,100,99206,100,100560,100,99162,100
2019-06-28 09:52:00.000000000,99989,168,99918,268,100115,168,99900,168,100116,168,99893,268,100127,168,99843,168,100151,100,99822,100,100186,100,99809,100,100194,100,99736,100,100477,100,99281,100,100502,100,99206,100,100560,100,99162,100
2019-06-28 09:52:10.000000000,99989,192,99918,292,100115,190,99900,190,100116,190,99893,290,100127,100,99843,100,100151,100,99822,100,100186,100,99809,100,100194,100,99736,100,100477,100,99281,100,100502,100,99206,100,100560,100,99162,100
2019-06-28 09:52:13.478274521,99989,192,99918,292,100115,190,99900,190,100116,190,99893,290,100127,100,99843,100,100151,100,99822,100,100186,100,99809,100,100194,100,99736,100,100477,100,99281,100,100502,100,99206,100,100560,100,99162,100
2019-06-28 09:52:13.787944831,99989,192,99918,292,100115,190,99900,190,100116,190,99893,290,100127,100,99843,100,100151,100,99822,100,100186,100,99809,100,100194,100,99736,100,100477,100,99281,100,100502,100,99206,100,100560,100,99162,100
2019-06-28 09:52:19.792000509,99989,192,99918,292,100115,190,99900,190,100116,190,99893,290,100127,100,99843,100,100151,100,99822,100,100186,100,99809,100,100194,100,99736,100,100477,100,99281,100,100502,100,99206,100,100560,100,99162,100
2019-06-28 09:52:20.000000000,99989,168,99918,268,100115,168,99900,168,100116,168,99893,268,100127,168,99843,168,100151,100,99822,100,100186,100,99809,100,100194,100,99736,100,100477,100,99281,100,100502,100,99206,100,100560,100,99162,100
2019-06-28 09:52:30.000000000,99989,236,99918,336,100115,236,99900,236,100116,100,99893,200,100127,100,99843,100,100151,100,99822,100,100186,100,99809,100,100194,100,99736,100,100477,100,99281,100,100502,100,99206,100,100560,100,99162,100
2019-06-28 09:52:40.000000000,99989,192,99918,292,100115,190,99900,190,100116,190,99893,290,100127,100,99843,100,100151,100,99822,100,100186,100,99809,100,100194,100,99736,100,100477,100,99281,100,100502,100,99206,100,100560,100,99162,100
2019-06-28 09:52:50.000000000,99989,236,99918,336,100115,236,99900,236,100116,100,99893,200,100127,100,99843,100,100151,100,99822,100,100186,100,99809,100,100194,100,99736,100,100477,100,99281,100,100502,100,99206,100,100560,100,99162,100
2019-06-28 09:53:00.000000000,99989,154,99918,254,100115,154,99900,154,100116,154,99893,254,100127,154,99843,154,100151,154,99822,154,100186,100,99809,100,100194,100,99736,100,100477,100,99281,100,100502,100,99206,100,100560,100,99162,100
2019-06-28 09:53:00.933614121,99989,54,99918,254,100115,154,99900,154,100116,154,99893,254,100127,154,99843,154,100151,54,99822,154,100186,100,99809,100,100194,100,99736,100,100477,100,99281,100,100502,100,99206,100,100560,100,99162,100
2019-06-28 09:53:10.000000000,100115,236,99918,336,100116,236,99900,236,100127,100,99893,200,100186,100,99843,100,100194,100,99822,100,100477,100,99809,100,100502,100,99736,100,100560,100,99281,100,100657,100,99206,100,100671,100,99162,100
2019-06-28 09:53:15.041882779,100115,136,99918,336,100116,236,99900,236,100127,100,99893,200,100186,100,99843,100,100194,100,99822,100,100477,100,99809,100,100502,100,99736,100,100560,100,99281,100,100657,100,99206,100,100671,100,99162,100
2019-06-28 09:53:20.000000000,100116,372,99918,472,100127,100,99900,100,100186,100,99893,200,100194,100,99843,100,100477,100,99822,100,100502,100,99809,100,100560,100,99736,100,100657,100,99281,100,100671,100,99206,100,100792,100,99162,100
2019-06-28 09:53:30.000000000,100116,154,99918,254,100127,154,99900,154,100186,154,99893,254,100194,154,99843,154,100477,154,99822,154,100502,100,99809,100,100560,100,99736,100,100657,100,99281,100,100671,100,99206,100,100792,100,99162,100
2019-06-28 09:53:40.000000000,100116,192,99918,292,100127,190,99900,190,100186,190,99893,290,100194,100,99843,100,100477,100,99822,100,100502,100,99809,100,100560,100,99736,100,100657,100,99281,100,100671,100,99206,100,100792,100,99162,100
2019-06-28 09:53:44.050471088,100116,192,99918,292,100127,190,99900,190,100186,190,99893,290,100194,100,99843,100,100477,100,99822,100,100502,100,99809,100,100560,100,99736,100,100657,100,99281,100,100671,100,99206,100,100713,100,99162,100
2019-06-28 09:53:48.860988278,100116,192,99989,100,100127,190,99918,292,100186,190,99900,190,100194,100,99893,290,100477,100,99843,100,100502,100,99822,100,100560,100,99809,100,100657,100,99736,100,100671,100,99281,100,100713,100,99206,100
2019-06-28 09:53:50.000000000,100116,236,99989,236,100127,236,99918,336,100186,100,99900,100,100194,100,99893,200,100477,100,99843,100,100502,100,99822,100,100560,100,99809,100,100657,100,99736,100,100671,100,99281,100,100713,100,99206,100
2019-06-28 09:54:00.000000000,100116,236,99989,236,100127,236,99918,336,100186,100,99900,100,100194,100,99893,200,100477,100,99843,100,100502,100,99822,100,100560,100,99809,100,100657,100,99736,100,100671,100,99281,100,100713,100,99206,100
2019-06-28 09:54:10.000000000,100116,168,99989,168,100127,168,99918,268,100186,168,99900,168,100194,168,99893,268,100477,100,99843,100,100502,100,99822,100,100560,100,99809,100,100657,100,99736,100,100671,100,99281,100,100713,100,99206,100
2019-06-28 09:54:20.000000000,100116,192,99989,192,100127,190,99918,290,100186,190,99900,190,100194,100,99893,200,100477,100,99843,100,100502,100,99822,100,100560,100,99809,100,100657,100,99736,100,100671,100,99281,100,100713,100,99206,100
2019-06-28 09:54:20.414050915,100116,192,99989,192,100127,190,99918,290,100141,100,99900,190,100186,190,99893,200,100194,100,99843,100,100477,100,99822,100,100560,100,99809,100,100657,100,99736,100,100671,100,99281,100,100713,100,99206,100
2019-06-28 09:54:25.524153498,100116,192,99989,192,100127,190,99988,100,100141,100,99918,290,100186,190,99900,190,100194,100,99893,200,100477,100,99843,100,100560,100,99822,100,100657,100,99809,100,100671,100,99736,100,100713,100,99281,100
2019-06-28 09:54:30.000000000,100116,372,99989,372,100127,100,99988,100,100141,100,99918,200,100186,100,99900,100,100194,100,99893,200,100477,100,99843,100,100560,100,99822,100,100657,100,99809,100,100671,100,99736,100,100713,100,99281,100
2019-06-28 09:54:40.000000000,100116,168,99989,168,100127,168,99988,168,100141,168,99918,268,100186,168,99900,168,100194,100,99893,200,100477,100,99843,100,100560,100,99822,100,100657,100,99809,100,100671,100,99736,100,100713,100,99281,100
2019-06-28 09:54:50.000000000,100116,168,99989,168,100127,168,99988,168,100141,168,99918,268,100186,168,99900,168,100194,100,99893,200,100477,100,99843,100,100560,100,99822,100,100657,100,99809,100,100671,100,99736,100,100713,100,99281,100
2019-06-28 09:54:56.000403486,100116,168,99989,268,100127,168,99988,168,100141,168,99918,268,100186,168,99900,168,100194,100,99893,200,100477,100,99843,100,100560,100,99822,100,100657,100,99809,100,100671,100,99736,100,100713,100,99281,100
2019-06-28 09:55:00.000000000,100116,372,99989,472,100127,100,99988,100,100141,100,99918,200,100186,100,99900,100,100194,100,99893,200,100477,100,99843,100,100560,100,99822,100,100657,100,99809,100,100671,100,99736,100,100713,100,99281,100
2019-06-28 09:55:04.119856694,100116,372,99989,372,100127,100,99988,100,100141,100,99918,200,100186,100,99900,100,100194,100,99893,200,100477,100,99843,100,100560,100,99822,100,100657,100,99809,100,100671,100,99736,100,100713,100,99281,100
2019-06-28 09:55:10.000000000,100116,236,99989,236,100127,236,99988,236,100141,100,99918,200,100186,100,99900,100,100194,100,99893,200,100477,100,99843,100,100560,100,99822,100,100657,100,99809,100,100671,100,99736,100,100713,100,99281,100
2019-06-28 09:55:20.000000000,100116,372,99989,372,100127,100,99988,100,100141,100,99918,200,100186,100,99900,100,100194,100,99893,200,100477,100,99843,100,100560,100,99822,100,100657,100,99809,100,100671,100,99736,100,100713,100,99281,100
2019-06-28 09:55:29.119089207,100116,372,99989,372,100127,100,99988,100,100141,100,99918,200,100186,100,99900,100,100194,100,99893,200,100216,100,99843,100,100477,100,99822,100,100560,100,99809,100,100657,100,99736,100,100671,100,99281,100
2019-06-28 09:55:30.000000000,100116,154,99989,154,100127,154,99988,154,100141,154,99918,254,100186,154,99900,154,100194,154,99893,254,100216,100,99843,100,100477,100,99822,100,100560,100,99809,100,100657,100,99736,100,100671,100,99281,100
2019-06-28 09:55:32.756531582,100116,154,99994,100,100127,154,99989,154,100141,154,99988,154,100186,154,99918,254,100194,154,99900,154,100216,100,99893,254,100477,100,99843,100,100560,100,99822,100,100657,100,99809,100,100671,100,99736,100
2019-06-28 09:55:40.000000000,100116,154,99994,154,100127,154,99989,154,100141,154,99988,154,100186,154,99918,254,100194,154,99900,154,100216,100,99893,200,100477,100,99843,100,100560,100,99822,100,100657,100,99809,100,100671,100,99736,100
2019-06-28 09:55:40.267460198,100116,154,99994,154,100127,154,99989,254,100141,154,99988,154,100186,154,99918,254,100194,154,99900,154,100216,100,99893,200,100477,100,99843,100,100560,100,99822,100,100657,100,99809,100,100671,100,99736,100
2019-06-28 09:55:42.512468762,100059,100,99994,154,100116,154,99989,254,100127,154,99988,154,100141,154,99918,254,100186,154,99900,154,100194,154,99893,200,100216,100,99843,100,100477,100,99822,100,100560,100,99809,100,100657,100,99736,100
2019-06-28 09:55:50.000000000,100059,236,99994,236,100116,236,99989,336,100127,100,99988,100,100141,100,99918,200,100186,100,99900,100,100194,100,99893,200,100216,100,99843,100,100477,100,99822,100,100560,100,99809,100,100657,100,99736,100
2019-06-28 09:56:00.000000000,100059,236,99994,236,100116,236,99989,336,100127,100,99988,100,100141,100,99918,200,100186,100,99900,100,100194,100,99893,200,100216,100,99843,100,100477,100,99822,100,100560,100,99809,100,100657,100,99736,100
2019-06-28 09:56:04.770257990,100059,236,99994,236,100116,236,99989,336,100127,100,99988,100,100141,100,99918,200,100194,100,99900,100,100216,100,99893,200,100477,100,99843,100,100560,100,99822,100,100657,100,99809,100,100671,100,99736,100
2019-06-28 09:56:05.231448858,100059,236,99994,236,100081,100,99989,336,100116,236,99988,100,100127,100,99918,200,100141,100,99900,100,100194,100,99893,200,100216,100,99843,100,100477,100,99822,100,100560,100,99809,100,100657,100,99736,100
2019-06-28 09:56:10.000000000,100059,192,99994,192,100081,190,99989,290,100116,190,99988,190,100127,100,99918,200,100141,100,99900,100,100194,100,99893,200,100216,100,99843,100,100477,100,99822,100,100560,100,99809,100,100657,100,99736,100
2019-06-28 09:56:12.031172399,100059,192,99994,92,100081,190,99989,290,100116,190,99988,190,100127,100,99918,200,100141,100,99900,100,100194,100,99893,200,100216,100,99843,100,100477,100,99822,100,100560,100,99809,100,100657,100,99736,100
2019-06-28 09:56:20.000000000,100059,372,99989,472,100081,100,99988,100,100116,100,99918,200,100127,100,99900,100,100141,100,99893,200,100194,100,99843,100,100216,100,99822,100,100477,100,99809,100,100560,100,99736,100,100657,100,99606,100
2019-06-28 09:56:30.000000000,100059,192,99989,292,100081,190,99988,190,100116,190,99918,290,100127,100,99900,100,100141,100,99893,200,100194,100,99843,100,100216,100,99822,100,100477,100,99809,100,100560,100,99736,100,100657,100,99606,100
2019-06-28 09:56:40.000000000,100059,154,99989,254,100081,154,99988,154,100116,154,99918,254,100127,154,99900,154,100141,154,99893,254,100194,100,99843,100,100216,100,99822,100,100477,100,99809,100,100560,100,99736,100,100657,100,99606,100
2019-06-28 09:56:45.656114108,100059,154,99989,154,100081,154,99988,154,100116,154,99918,254,100127,154,99900,154,100141,154,99893,254,100194,100,99843,100,100216,100,99822,100,100560,100,99809,100,100657,100,99736,100,100671,100,99606,100
2019-06-28 09:56:50.000000000,100059,236,99989,236,100081,236,99988,236,100116,100,99918,200,100127,100,99900,100,100141,100,99893,200,100194,100,99843,100,100216,100,99822,100,100560,100,99809,100,100657,100,99736,100,100671,100,99606,100
2019-06-28 09:56:58.010076766,100059,236,99989,236,100081,236,99988,236,100116,100,99918,200,100127,100,99900,100,100141,100,99893,200,100194,100,99843,100,100216,100,99822,100,100560,100,99809,100,100657,100,99736,100,100671,100,99606,100
2019-06-28 09:57:00.000000000,100059,192,99989,192,100081,190,99988,190,100116,190,99918,290,100127,100,99900,100,100141,100,99893,200,100194,100,99843,100,100216,100,99822,100,100560,100,99809,100,100657,100,99736,100,100671,100,99606,100
2019-06-28 09:57:06.718136329,100059,192,99989,92,100081,190,99988,190,100116,190,99918,290,100127,100,99900,100,100141,100,99893,200,100194,100,99843,100,100216,100,99822,100,100560,100,99809,100,100657,100,99736,100,100671,100,99428,100
2019-06-28 09:57:09.855725597,99989,8,99988,190,100059,192,99918,290,100081,190,99900,100,100116,190,99893,200,100127,100,99843,100,100141,100,99822,100,100194,100,99809,100,100216,100,99736,100,100560,100,99428,100,100657,100,99281,100
2019-06-28 09:57:10.000000000,99989,100,99988,192,100059,190,99918,290,100081,190,99900,190,100116,100,99893,200,100127,100,99843,100,100141,100,99822,100,100194,100,99809,100,100216,100,99736,100,100560,100,99428,100,100657,100,99281,100
2019-06-28 09:57:20.000000000,99989,144,99988,236,100059,236,99918,336,100081,100,99900,100,100116,100,99893,200,100127,100,99843,100,100141,100,99822,100,100194,100,99809,100,100216,100,99736,100,100560,100,99428,100,100657,100,99281,100
2019-06-28 09:57:30.000000000,99989,76,99988,168,100059,168,99918,268,100081,168,99900,168,100116,168,99893,268,100127,100,99843,100,100141,100,99822,100,100194,100,99809,100,100216,100,99736,100,100560,100,99428,100,100657,100,99281,100
2019-06-28 09:57:35.465332025,99989,76,99988,168,100059,168,99918,268,100081,168,99900,68,100116,168,99893,268,100127,100,99843,100,100141,100,99822,100,100194,100,99809,100,100216,100,99736,100,100560,100,99593,100,100657,100,99428,100
2019-06-28 09:57:38.664773320,99989,76,99988,168,100059,168,99918,268,100081,168,99900,68,100116,168,99893,268,100127,100,99843,100,100141,100,99822,100,100194,100,99809,100,100216,100,99736,100,100560,100,99593,100,100657,100,99575,100
2019-06-28 09:57:39.406649034,99989,76,99988,168,100059,168,99918,268,100081,168,99900,68,100116,168,99893,268,100127,100,99843,100,100141,100,99822,100,100194,100,99809,100,100216,100,99736,100,100560,100,99593,100,100657,100,99575,100
2019-06-28 09:57:40.000000000,99989,76,99988,168,100059,168,99918,268,100081,168,99893,268,100116,168,99843,168,100127,100,99822,100,100141,100,99809,100,100194,100,99736,100,100216,100,99593,100,100560,100,99575,100,100657,100,99573,100
2019-06-28 09:57:50.000000000,99989,76,99988,168,100059,168,99918,268,100081,168,99893,268,100116,168,99843,168,100127,100,99822,100,100141,100,99809,100,100194,100,99736,100,100216,100,99593,100,100560,100,99575,100,100657,100,99573,100
2019-06-28 09:57:51.126341409,99989,76,99988,168,100059,168,99918,368,100081,168,99893,268,100116,168,99843,168,100127,100,99822,100,100141,100,99809,100,100194,100,99736,100,100216,100,99593,100,100560,100,99573,100,100657,100,99428,100
2019-06-28 09:57:55.269597103,99989,76,99988,168,99997,100,99918,368,100059,168,99893,268,100081,168,99843,168,100116,168,99822,100,100127,100,99809,100,100141,100,99736,100,100194,100,99593,100,100216,100,99573,100,100560,100,99428,100
2019-06-28 09:57:58.686635578,99989,76,99988,168,99997,100,99918,368,100059,168,99893,268,100081,168,99843,168,100116,168,99822,100,100127,100,99809,100,100141,100,99736,100,100194,100,99729,100,100216,100,99593,100,100560,100,99573,100
2019-06-28 09:58:00.000000000,99989,280,99988,372,99997,100,99918,300,100059,100,99893,200,100081,100,99843,100,100116,100,99822,100,100127,100,99809,100,100141,100,99736,100,100194,100,99729,100,100216,100,99593,100,100560,100,99573,100
2019-06-28 09:58:10.000000000,99989,100,99988,192,99997,190,99918,390,100059,190,99893,290,100081,100,99843,100,100116,100,99822,100,100127,100,99809,100,100141,100,99736,100,100194,100,99729,100,100216,100,99593,100,100560,100,99573,100
2019-06-28 09:58:14.947085113,99989,100,99988,92,99997,190,99918,390,100059,190,99893,290,100081,100,99843,100,100116,100,99822,100,100127,100,99809,100,100141,100,99736,100,100194,100,99729,100,100216,100,99593,100,100560,100,99573,100
2019-06-28 09:58:15.441070981,99988,8,99918,390,99989,92,99893,290,99997,190,99843,100,100059,190,99822,100,100081,100,99809,100,100116,100,99736,100,100127,100,99729,100,100141,100,99593,100,100194,100,99573,100,100216,100,99428,100
2019-06-28 09:58:20.000000000,99988,280,99918,572,99997,100,99893,200,100059,100,99843,100,100081,100,99822,100,100116,100,99809,100,100127,100,99736,100,100141,100,99729,100,100194,100,99593,100,100216,100,99573,100,100560,100,99428,100
2019-06-28 09:58:30.000000000,99988,76,99918,368,99997,168,99893,268,100059,168,99843,168,100081,168,99822,168,100116,100,99809,100,100127,100,99736,100,100141,100,99729,100,100194,100,99593,100,100216,100,99573,100,100560,100,99428,100
2019-06-28 09:58:40.000000000,99988,76,99918,368,99997,168,99893,268,100059,168,99843,168,100081,168,99822,168,100116,100,99809,100,100127,100,99736,100,100141,100,99729,100,100194,100,99593,100,100216,100,99573,100,100560,100,99428,100
2019-06-28 09:58:50.000000000,99988,62,99918,354,99997,154,99893,254,100059,154,99843,154,100081,154,99822,154,100116,154,99809,154,100127,100,99736,100,100141,100,99729,100,100194,100,99593,100,100216,100,99573,100,100560,100,99428,100
2019-06-28 09:59:00.000000000,99988,76,99918,368,99997,168,99893,268,100059,168,99843,168,100081,168,99822,168,100116,100,99809,100,100127,100,99736,100,100141,100,99729,100,100194,100,99593,100,100216,100,99573,100,100560,100,99428,100
2019-06-28 09:59:01.511109164,99988,176,99918,368,99997,168,99893,268,100059,168,99843,168,100081,168,99822,168,100116,100,99809,100,100127,100,99736,100,100141,100,99729,100,100194,100,99593,100,100216,100,99573,100,100560,100,99428,100
2019-06-28 09:59:07.289409130,99988,76,99918,368,99997,168,99893,268,100059,168,99843,168,100081,168,99822,168,100116,100,99809,100,100127,100,99736,100,100141,100,99729,100,100194,100,99593,100,100216,100,99573,100,100560,100,99428,100
2019-06-28 09:59:10.000000000,99988,348,99918,572,99997,100,99893,200,100059,100,99843,100,100081,100,99822,100,100116,100,99809,100,100127,100,99736,100,100141,100,99729,100,100194,100,99593,100,100216,100,99573,100,100560,100,99428,100
2019-06-28 09:59:20.000000000,99988,212,99918,436,99997,236,99893,336,100059,100,99843,100,100081,100,99822,100,100116,100,99809,100,100127,100,99736,100,100141,100,99729,100,100194,100,99593,100,100216,100,99573,100,100560,100,99428,100
2019-06-28 09:59:25.171801538,99988,212,99918,436,99997,236,99893,336,100059,100,99843,100,100081,100,99822,100,100116,100,99809,100,100127,100,99736,100,100141,100,99729,100,100194,100,99593,100,100216,100,99573,100,100326,100,99428,100
2019-06-28 09:59:30.000000000,99988,144,99918,368,99997,168,99893,268,100059,168,99843,168,100081,168,99822,168,100116,100,99809,100,100127,100,99736,100,100141,100,99729,100,100194,100,99593,100,100216,100,99573,100,100326,100,99428,100
2019-06-28 09:59:34.720746380,99988,44,99918,368,99997,168,99893,268,100059,168,99843,168,100081,168,99822,168,100116,100,99809,100,100127,100,99736,100,100141,100,99729,100,100194,100,99593,100,100216,100,99573,100,100326,100,99428,100
2019-06-28 09:59:39.330995192,99988,44,99918,368,99997,168,99893,268,100059,168,99843,168,100081,168,99822,168,100086,100,99809,100,100116,100,99736,100,100127,100,99729,100,100141,100,99593,100,100194,100,99573,100,100216,100,99428,100
2019-06-28 09:59:40.000000000,99997,168,99918,368,100059,168,99893,268,100081,168,99843,168,100086,168,99822,168,100116,100,99809,100,100127,100,99736,100,100141,100,99729,100,100194,100,99593,100,100216,100,99573,100,100326,100,99428,100
2019-06-28 09:59:49.362697148,99997,168,99918,368,100059,168,99893,268,100081,168,99843,68,100086,168,99822,168,100116,100,99809,100,100127,100,99736,100,100141,100,99729,100,100173,100,99593,100,100194,100,99573,100,100216,100,99428,100
2019-06-28 09:59:50.000000000,99997,372,99918,572,100059,100,99893,200,100081,100,99822,100,100086,100,99809,100,100116,100,99736,100,100127,100,99729,100,100141,100,99593,100,100173,100,99573,100,100194,100,99428,100,100216,100,99206,100
2019-06-28 09:59:57.665736282,99997,372,99918,572,100059,100,99893,200,100081,100,99822,100,100084,100,99809,100,100086,100,99736,100,100116,100,99729,100,100127,100,99593,100,100141,100,99573,100,100173,100,99428,100,100216,100,99206,100
2019-06-28 10:00:00.000000000,99997,154,99918,354,100059,154,99893,254,100081,154,99822,154,100084,154,99809,154,100086,154,99736,154,100116,100,99729,100,100127,100,99593,100,100141,100,99573,100,100173,100,99428,100,100216,100,99206,100
2019-06-28 10:00:05.117383528,99997,154,99918,354,100059,154,99893,254,100081,154,99822,154,100084,154,99809,154,100086,154,99736,154,100116,100,99729,100,100127,100,99593,100,100141,100,99573,100,100173,100,99428,100,100216,100,99206,100
2019-06-28 10:00:10.000000000,99997,372,99918,572,100059,100,99893,200,100081,100,99822,100,100084,100,99809,100,100086,100,99736,100,100116,100,99729,100,100127,100,99593,100,100141,100,99573,100,100173,100,99428,100,100216,100,99206,100
2019-06-28 10:00:18.610929878,99997,372,99988,100,100059,100,99918,472,100081,100,99893,200,100084,100,99822,100,100086,100,99809,100,100116,100,99736,100,100127,100,99729,100,100141,100,99593,100,100173,100,99573,100,100216,100,99428,100
2019-06-28 10:00:20.000000000,99997,236,99988,236,100059,236,99918,336,100081,100,99893,200,100084,100,99822,100,100086,100,99809,100,100116,100,99736,100,100127,100,99729,100,100141,100,99593,100,100173,100,99573,100,100216,100,99428,100
2019-06-28 10:00:30.000000000,99997,236,99988,236,100059,236,99918,336,100081,100,99893,200,100084,100,99822,100,100086,100,99809,100,100116,100,99736,100,100127,100,99729,100,100141,100,99593,100,100173,100,99573,100,100216,100,99428,100
2019-06-28 10:00:40.000000000,99997,168,99988,168,100059,168,99918,268,100081,168,99893,268,100084,168,99822,168,100086,100,99809,100,100116,100,99736,100,100127,100,99729,100,100141,100,99593,100,100173,100,99573,100,100216,100,99428,100
2019-06-28 10:00:50.000000000,99997,168,99988,168,100059,168,99918,268,100081,168,99893,268,100084,168,99822,168,100086,100,99809,100,100116,100,99736,100,100127,100,99729,100,100141,100,99593,100,100173,100,99573,100,100216,100,99428,100
2019-06-28 10:01:00.000000000,99997,192,99988,192,100059,190,99918,290,100081,190,99893,290,100084,100,99822,100,100086,100,99809,100,100116,100,99736,100,100127,100,99729,100,100141,100,99593,100,100173,100,99573,100,100216,100,99428,100
2019-06-28 10:01:10.000000000,99997,168,99988,168,100059,168,99918,268,100081,168,99893,268,100084,168,99822,168,100086,100,99809,100,100116,100,99736,100,100127,100,99729,100,100141,100,99593,100,100173,100,99573,100,100216,100,99428,100
2019-06-28 10:01:16.121649398,99997,68,99988,168,100059,168,99918,268,100081,168,99893,268,100084,168,99822,168,100086,100,99809,100,100116,100,99736,100,100127,100,99729,100,100141,100,99593,100,100173,100,99573,100,100216,100,99428,100
2019-06-28 10:01:20.000000000,100059,372,99988,372,100081,100,99918,200,100084,100,99893,200,100086,100,99822,100,100116,100,99809,100,100127,100,99736,100,100141,100,99729,100,100173,100,99593,100,100216,100,99573,100,100326,100,99428,100
2019-06-28 10:01:30.000000000,100059,372,99988,372,100081,100,99918,200,100084,100,99893,200,100086,100,99822,100,100116,100,99809,100,100127,100,99736,100,100141,100,99729,100,100173,100,99593,100,100216,100,99573,100,100326,100,99428,100
2019-06-28 10:01:40.000000000,100059,236,99988,236,100081,236,99918,336,100084,100,99893,200,100086,100,99822,100,100116,100,99809,100,100127,100,99736,100,100141,100,99729,100,100173,100,99593,100,100216,100,99573,100,100326,100,99428,100
2019-06-28 10:01:45.126006469,100059,236,99988,236,100081,236,99918,336,100084,100,99893,200,100086,100,99822,100,100116,100,99809,100,100127,100,99793,100,100141,100,99736,100,100173,100,99729,100,100216,100,99593,100,100326,100,99573,100
2019-06-28 10:01:50.000000000,100059,192,99988,192,100081,190,99918,290,100084,190,99893,290,100086,100,99822,100,100116,100,99809,100,100127,100,99793,100,100141,100,99736,100,100173,100,99729,100,100216,100,99593,100,100326,100,99573,100
2019-06-28 10:02:00.000000000,100059,154,99988,154,100081,154,99918,254,100084,154,99893,254,100086,154,99822,154,100116,154,99809,154,100127,100,99793,100,100141,100,99736,100,100173,100,99729,100,100216,100,99593,100,100326,100,99573,100
2019-06-28 10:02:00.223163524,99992,100,99988,154,100059,154,99918,254,100081,154,99893,254,100084,154,99822,154,100086,154,99809,154,100116,154,99793,100,100127,100,99736,100,100141,100,99729,100,100173,100,99593,100,100216,100,99573,100
2019-06-28 10:02:10.000000000,99992,372,99988,372,100059,100,99918,200,100081,100,99893,200,100084,100,99822,100,100086,100,99809,100,100116,100,99793,100,100127,100,99736,100,100141,100,99729,100,100173,100,99593,100,100216,100,99573,100
2019-06-28 10:02:20.000000000,99992,372,99988,372,100059,100,99918,200,100081,100,99893,200,100084,100,99822,100,100086,100,99809,100,100116,100,99793,100,100127,100,99736,100,100141,100,99729,100,100173,100,99593,100,100216,100,99573,100
2019-06-28 10:02:30.000000000,99992,372,99988,372,100059,100,99918,200,100081,100,99893,200,100084,100,99822,100,100086,100,99809,100,100116,100,99793,100,100127,100,99736,100,100141,100,99729,100,100173,100,99593,100,100216,100,99573,100
2019-06-28 10:02:32.734141523,99992,272,99988,372,100059,100,99918,200,100081,100,99893,200,100084,100,99822,100,100086,100,99809,100,100116,100,99793,100,100127,100,99736,100,100141,100,99729,100,100173,100,99593,100,100216,100,99573,100
2019-06-28 10:02:40.000000000,100059,168,99988,168,100081,168,99918,268,100084,168,99893,268,100086,168,99822,168,100116,100,99809,100,100127,100,99793,100,100141,100,99736,100,100173,100,99729,100,100216,100,99593,100,100326,100,99573,100
2019-06-28 10:02:47.141279847,100059,68,99988,168,100081,168,99918,268,100084,168,99893,268,100086,168,99822,168,100116,100,99809,100,100127,100,99793,100,100141,100,99736,100,100173,100,99729,100,100216,100,99593,100,100326,100,99573,100
2019-06-28 10:02:50.000000000,100081,154,99988,154,100084,154,99918,254,100086,154,99893,254,100116,154,99822,154,100127,154,99809,154,100141,100,99793,100,100173,100,99736,100,100216,100,99729,100,100326,100,99593,100,100425,100,99573,100
2019-06-28 10:02:57.634613482,100081,154,99988,154,100084,154,99918,254,100086,154,99893,254,100116,154,99822,154,100127,154,99809,154,100141,100,99793,100,100173,100,99736,100,100216,100,99729,100,100298,100,99593,100,100326,100,99573,100
2019-06-28 10:03:00.000000000,100081,168,99988,168,100084,168,99918,268,100086,168,99893,268,100116,168,99822,168,100127,100,99809,100,100141,100,99793,100,100173,100,99736,100,100216,100,99729,100,100298,100,99593,100,100326,100,99573,100
2019-06-28 10:03:10.000000000,100081,168,99988,168,100084,168,99918,268,100086,168,99893,268,100116,168,99822,168,100127,100,99809,100,100141,100,99793,100,100173,100,99736,100,100216,100,99729,100,100298,100,99593,100,100326,100,99573,100
2019-06-28 10:03:10.806652936,100081,168,99992,100,100084,168,99988,168,100086,168,99918,268,100116,168,99893,268,100127,100,99822,168,100141,100,99809,100,100173,100,99793,100,100216,100,99736,100,100298,100,99729,100,100326,100,99593,100
2019-06-28 10:03:19.878610365,100081,168,99992,100,100084,168,99988,168,100086,168,99918,268,100116,168,99893,268,100127,100,99822,168,100141,100,99809,100,100173,100,99793,100,100216,100,99736,100,100298,100,99729,100,100326,100,99593,100
2019-06-28 10:03:20.000000000,100081,236,99992,236,100084,236,99988,236,100086,100,99918,200,100116,100,99893,200,100127,100,99822,100,100141,100,99809,100,100173,100,99793,100,100216,100,99736,100,100298,100,99729,100,100326,100,99593,100
2019-06-28 10:03:25.914114911,100081,136,99992,236,100084,236,99988,236,100086,100,99918,200,100116,100,99893,200,100127,100,99822,100,100141,100,99809,100,100173,100,99793,100,100216,100,99736,100,100298,100,99729,100,100326,100,99593,100
2019-06-28 10:03:30.000000000,100084,236,99992,236,100086,236,99988,236,100116,100,99918,200,100127,100,99893,200,100141,100,99822,100,100173,100,99809,100,100216,100,99793,100,100298,100,99736,100,100326,100,99729,100,100418,100,99593,100
2019-06-28 10:03:33.429745923,100084,236,99992,236,100086,236,99988,236,100116,100,99918,200,100127,100,99893,200,100141,100,99822,100,100173,100,99809,100,100216,100,99793,100,100269,100,99736,100,100298,100,99729,100,100326,100,99593,100
2019-06-28 10:03:38.250771747,100084,236,100059,100,100086,236,99992,236,100116,100,99988,236,100127,100,99918,200,100141,100,99893,200,100173,100,99822,100,100216,100,99809,100,100269,100,99793,100,100298,100,99736,100,100326,100,99729,100
2019-06-28 10:03:40.000000000,100084,168,100059,168,100086,168,99992,168,100116,168,99988,168,100127,168,99918,268,100141,100,99893,200,100173,100,99822,100,100216,100,99809,100,100269,100,99793,100,100298,100,99736,100,100326,100,99729,100
2019-06-28 10:03:50.000000000,100084,192,100059,192,100086,190,99992,190,100116,190,99988,190,100127,100,99918,200,100141,100,99893,200,100173,100,99822,100,100216,100,99809,100,100269,100,99793,100,100298,100,99736,100,100326,100,99729,100
2019-06-28 10:03:56.202563918,100084,92,100059,192,100086,190,99992,190,100116,190,99988,190,100127,100,99918,200,100141,100,99893,200,100173,100,99822,100,100216,100,99809,100,100269,100,99793,100,100298,100,99736,100,100326,100,99729,100
2019-06-28 10:04:00.000000000,100086,236,100059,236,100116,236,99992,236,100127,100,99988,100,100141,100,99918,200,100173,100,99893,200,100216,100,99822,100,100269,100,99809,100,100298,100,99793,100,100326,100,99736,100,100418,100,99729,100
2019-06-28 10:04:10.000000000,100086,236,100059,236,100116,236,99992,236,100127,100,99988,100,100141,100,99918,200,100173,100,99893,200,100216,100,99822,100,100269,100,99809,100,100298,100,99793,100,100326,100,99736,100,100418,100,99729,100
2019-06-28 10:04:20.000000000,100086,372,100059,372,100116,100,99992,100,100127,100,99988,100,100141,100,99918,200,100173,100,99893,200,100216,100,99822,100,100269,100,99809,100,100298,100,99793,100,100326,100,99736,100,100418,100,99729,100
2019-06-28 10:04:30.000000000,100086,236,100059,236,100116,236,99992,236,100127,100,99988,100,100141,100,99918,200,100173,100,99893,200,100216,100,99822,100,100269,100,99809,100,100298,100,99793,100,100326,100,99736,100,100418,100,99729,100
2019-06-28 10:04:30.232804494,100086,136,100059,236,100116,236,99992,236,100127,100,99988,100,100141,100,99918,200,100173,100,99893,200,100216,100,99822,100,100269,100,99809,100,100298,100,99793,100,100326,100,99736,100,100418,100,99729,100
2019-06-28 10:04:36.124337618,100086,136,100059,236,100116,236,99992,236,100127,100,99988,100,100141,100,99918,200,100173,100,99893,200,100216,100,99822,100,100269,100,99809,100,100298,100,99793,100,100326,100,99736,100,100418,100,99729,100
2019-06-28 10:04:40.000000000,100116,372,100059,372,100127,100,99992,100,100141,100,99988,100,100173,100,99918,200,100216,100,99893,200,100269,100,99822,100,100298,100,99809,100,100326,100,99793,100,100418,100,99736,100,100425,100,99729,100
2019-06-28 10:04:50.000000000,100116,168,100059,168,100127,168,99992,168,100141,168,99988,168,100173,168,99918,268,100216,100,99893,200,100269,100,99822,100,100298,100,99809,100,100326,100,99793,100,100418,100,99736,100,100425,100,99729,100
2019-06-28 10:05:00.000000000,100116,168,100059,168,100127,168,99992,168,100141,168,99988,168,100173,168,99918,268,100216,100,99893,200,100269,100,99822,100,100298,100,99809,100,100326,100,99793,100,100418,100,99736,100,100425,100,99729,100
2019-06-28 10:05:10.000000000,100116,192,100059,192,100127,190,99992,190,100141,190,99988,190,100173,100,99918,200,100216,100,99893,200,100269,100,99822,100,100298,100,99809,100,100326,100,99793,100,100418,100,99736,100,100425,100,99729,100
2019-06-28 10:05:10.735232828,100116,192,100059,192,100127,190,99992,190,100141,190,99988,190,100173,100,99918,200,100216,100,99893,200,100269,100,99822,100,100290,100,99809,100,100298,100,99793,100,100326,100,99736,100,100418,100,99729,100
2019-06-28 10:05:20.000000000,100116,168,100059,168,100127,168,99992,168,100141,168,99988,168,100173,168,99918,268,100216,100,99893,200,100269,100,99822,100,100290,100,99809,100,100298,100,99793,100,100326,100,99736,100,100418,100,99729,100
2019-06-28 10:05:26.750169884,100116,68,100059,168,100127,168,99992,168,100141,168,99988,168,100173,168,99918,268,100216,100,99893,200,100269,100,99822,100,100290,100,99809,100,100298,100,99793,100,100326,100,99736,100,100418,100,99729,100
2019-06-28 10:05:30.000000000,100127,372,100059,372,100141,100,99992,100,100173,100,99988,100,100216,100,99918,200,100269,100,99893,200,100290,100,99822,100,100298,100,99809,100,100326,100,99793,100,100418,100,99736,100,100425,100,99729,100
2019-06-28 10:05:31.546070257,100127,372,100059,372,100141,100,99992,100,100173,100,99988,100,100216,100,99918,200,100269,100,99893,200,100290,100,99822,100,100298,100,99809,100,100303,100,99793,100,100326,100,99736,100,100418,100,99729,100
2019-06-28 10:05:40.000000000,100127,154,100059,154,100141,154,99992,154,100173,154,99988,154,100216,154,99918,254,100269,154,99893,254,100290,100,99822,100,100298,100,99809,100,100303,100,99793,100,100326,100,99736,100,100418,100,99729,100
2019-06-28 10:05:41.160404293,100127,154,100089,100,100141,54,100059,154,100173,154,99992,154,100216,154,99988,154,100269,154,99918,254,100290,100,99893,254,100298,100,99822,100,100303,100,99809,100,100326,100,99793,100,100418,100,99736,100
2019-06-28 10:05:46.068821968,100103,100,100089,100,100127,154,100059,154,100141,54,99992,154,100173,154,99988,154,100216,154,99918,254,100269,154,99893,254,100290,100,99822,100,100298,100,99809,100,100303,100,99793,100,100326,100,99736,100
2019-06-28 10:05:50.000000000,100103,154,100089,154,100127,154,100059,154,100173,154,99992,154,100216,154,99988,154,100269,154,99918,254,100290,100,99893,200,100298,100,99822,100,100303,100,99809,100,100326,100,99793,100,100418,100,99736,100
2019-06-28 10:06:00.000000000,100103,236,100089,236,100127,236,100059,236,100173,100,99992,100,100216,100,99988,100,100269,100,99918,200,100290,100,99893,200,100298,100,99822,100,100303,100,99809,100,100326,100,99793,100,100418,100,99736,100
2019-06-28 10:06:01.194290262,100103,236,100089,236,100127,236,100059,236,100173,100,99992,100,100213,100,99988,100,100216,100,99918,200,100269,100,99893,200,100290,100,99822,100,100298,100,99809,100,100303,100,99793,100,100326,100,99736,100
2019-06-28 10:06:04.839475978,100103,236,100089,236,100127,236,100059,236,100173,100,100012,100,100213,100,99992,100,100216,100,99988,100,100269,100,99918,200,100290,100,99893,100,100298,100,99822,100,100303,100,99809,100,100326,100,99793,100
2019-06-28 10:06:10.000000000,100103,154,100089,154,100127,154,100059,154,100173,154,100012,154,100213,154,99992,154,100216,154,99988,154,100269,100,99918,200,100290,100,99893,100,100298,100,99822,100,100303,100,99809,100,100326,100,99793,100
2019-06-28 10:06:20.000000000,100103,372,100089,372,100127,100,100059,100,100173,100,100012,100,100213,100,99992,100,100216,100,99988,100,100269,100,99918,200,100290,100,99893,100,100298,100,99822,100,100303,100,99809,100,100326,100,99793,100
2019-06-28 10:06:22.342823014,100103,372,100089,472,100127,100,100059,100,100173,100,100012,100,100213,100,99992,100,100216,100,99988,100,100269,100,99918,200,100290,100,99893,100,100298,100,99822,100,100303,100,99809,100,100326,100,99793,100
2019-06-28 10:06:30.000000000,100103,168,100089,268,100127,168,100059,168,100173,168,100012,168,100213,168,99992,168,100216,100,99988,100,100269,100,99918,200,100290,100,99893,100,100298,100,99822,100,100303,100,99809,100,100326,100,99793,100
2019-06-28 10:06:31.592101978,100103,168,100089,268,100127,168,100059,168,100173,168,100034,100,100213,168,100012,168,100216,100,99992,168,100269,100,99988,100,100290,100,99918,100,100298,100,99893,100,100303,100,99822,100,100326,100,99809,100
2019-06-28 10:06:40.000000000,100103,236,100089,336,100127,236,100059,236,100173,100,100034,100,100213,100,100012,100,100216,100,99992,100,100269,100,99988,100,100290,100,99918,100,100298,100,99893,100,100303,100,99822,100,100326,100,99809,100
2019-06-28 10:06:50.000000000,100103,168,100089,268,100127,168,100059,168,100173,168,100034,168,100213,168,100012,168,100216,100,99992,100,100269,100,99988,100,100290,100,99918,100,100298,100,99893,100,100303,100,99822,100,100326,100,99809,100
2019-06-28 10:07:00.000000000,100103,236,100089,336,100127,236,100059,236,100173,100,100034,100,100213,100,100012,100,100216,100,99992,100,100269,100,99988,100,100290,100,99918,100,100298,100,99893,100,100303,100,99822,100,100326,100,99809,100
2019-06-28 10:07:10.000000000,100103,154,100089,254,100127,154,100059,154,100173,154,100034,154,100213,154,100012,154,100216,154,99992,154,100269,100,99988,100,100290,100,99918,100,100298,100,99893,100,100303,100,99822,100,100326,100,99809,100
2019-06-28 10:07:13.139783826,100103,154,100089,154,100127,154,100059,154,100173,154,100034,154,100213,154,100012,154,100216,154,99992,154,100269,100,99988,100,100290,100,99918,100,100298,100,99893,100,100303,100,99822,100,100326,100,99809,100
2019-06-28 10:07:20.000000000,100103,168,100089,168,100127,168,100059,168,100173,168,100034,168,100213,168,100012,168,100216,100,99992,100,100269,100,99988,100,100290,100,99918,100,100298,100,99893,100,100303,100,99822,100,100326,100,99809,100
2019-06-28 10:07:30.000000000,100103,168,100089,168,100127,168,100059,168,100173,168,100034,168,100213,168,100012,168,100216,100,99992,100,100269,100,99988,100,100290,100,99918,100,100298,100,99893,100,100303,100,99822,100,100326,100,99809,100
2019-06-28 10:07:30.248435074,100103,168,100089,68,100127,168,100059,168,100173,168,100034,68,100213,168,100012,168,100216,100,99992,100,100269,100,99988,100,100290,100,99918,100,100298,100,99893,100,100303,100,99822,100,100326,100,99809,100
2019-06-28 10:07:40.000000000,100103,236,100059,236,100127,236,100012,236,100173,100,99992,100,100213,100,99988,100,100216,100,99918,100,100269,100,99893,100,100290,100,99822,100,100298,100,99809,100,100303,100,99793,100,100326,100,99736,100
2019-06-28 10:07:45.153435984,100103,236,100059,236,100127,236,100012,236,100173,100,99992,100,100213,100,99988,100,100216,100,99918,100,100269,100,99893,100,100290,100,99822,100,100298,100,99809,100,100303,100,99793,100,100326,100,99736,100
2019-06-28 10:07:50.000000000,100103,168,100059,168,100127,168,100012,168,100173,168,99992,168,100213,168,99988,168,100216,100,99918,100,100269,100,99893,100,100290,100,99822,100,100298,100,99809,100,100303,100,99793,100,100326,100,99736,100
2019-06-28 10:08:00.000000000,100103,236,100059,236,100127,236,100012,236,100173,100,99992,100,100213,100,99988,100,100216,100,99918,100,100269,100,99893,100,100290,100,99822,100,100298,100,99809,100,100303,100,99793,100,100326,100,99736,100
2019-06-28 10:08:10.000000000,100103,154,100059,154,100127,154,100012,154,100173,154,99992,154,100213,154,99988,154,100216,154,99918,154,100269,100,99893,100,100290,100,99822,100,100298,100,99809,100,100303,100,99793,100,100326,100,99736,100
2019-06-28 10:08:20.000000000,100103,372,100059,372,100127,100,100012,100,100173,100,99992,100,100213,100,99988,100,100216,100,99918,100,100269,100,99893,100,100290,100,99822,100,100298,100,99809,100,100303,100,99793,100,100326,100,99736,100
2019-06-28 10:08:27.195130102,100103,372,100059,372,100127,100,100012,100,100173,100,99992,100,100213,100,99988,100,100216,100,99918,100,100269,100,99893,100,100290,100,99822,100,100298,100,99809,100,100303,100,99736,100,100326,100,99729,100
2019-06-28 10:08:28.865977720,100103,372,100059,272,100127,100,100012,100,100173,100,99992,100,100213,100,99988,100,100216,100,99918,100,100269,100,99893,100,100290,100,99822,100,100298,100,99809,100,100303,100,99736,100,100326,100,99593,100
