,ask_price_1,ask_size_1,bid_price_1,bid_size_1,ask_price_2,ask_size_2,bid_price_2,bid_size_2,ask_price_3,ask_size_3,bid_price_3,bid_size_3,ask_price_4,ask_size_4,bid_price_4,bid_size_4,ask_price_5,ask_size_5,bid_price_5,bid_size_5,ask_price_6,ask_size_6,bid_price_6,bid_size_6,ask_price_7,ask_size_7,bid_price_7,bid_size_7,ask_price_8,ask_size_8,bid_price_8,bid_size_8,ask_price_9,ask_size_9,bid_price_9,bid_size_9,ask_price_10,ask_size_10,bid_price_10,bid_size_10
2019-06-28 09:30:00.000000002,100231,100,,,,,,,,,,,,,,,,,,,,,,,,,,,,,,,,,,,,,,
2019-06-28 09:30:00.000000003,100101,100,,,100231,100,,,,,,,,,,,,,,,,,,,,,,,,,,,,,,,,,,
2019-06-28 09:30:00.000000004,100101,100,100018,100,100231,100,,,,,,,,,,,,,,,,,,,,,,,,,,,,,,,,,,
2019-06-28 09:30:00.000000005,100101,100,100022,100,100231,100,100018,100,,,,,,,,,,,,,,,,,,,,,,,,,,,,,,,,
2019-06-28 09:30:00.000000006,100092,100,100022,100,100101,100,100018,100,100231,100,,,,,,,,,,,,,,,,,,,,,,,,,,,,,,
2019-06-28 09:30:00.000000007,100092,100,100022,100,100101,100,100018,100,100231,100,99958,100,,,,,,,,,,,,,,,,,,,,,,,,,,,,
2019-06-28 09:30:00.000000012,100092,100,100018,100,100101,100,99958,100,100231,100,,,,,,,,,,,,,,,,,,,,,,,,,,,,,,
2019-06-28 09:30:00.000000015,100092,100,99979,100,100101,100,99958,100,100231,100,,,,,,,,,,,,,,,,,,,,,,,,,,,,,,
2019-06-28 09:30:00.000000018,99997,100,99979,100,100092,100,99958,100,100101,100,,,100231,100,,,,,,,,,,,,,,,,,,,,,,,,,,
2019-06-28 09:30:00.000000020,99997,100,99979,100,100079,100,99958,100,100092,100,,,100101,100,,,100231,100,,,,,,,,,,,,,,,,,,,,,,
2019-06-28 09:30:00.000000024,99997,100,99986,100,100079,100,99979,100,100092,100,99958,100,100101,100,,,100231,100,,,,,,,,,,,,,,,,,,,,,,
2019-06-28 09:30:00.000000028,99997,100,99986,100,100079,100,99979,100,100092,100,99958,100,100101,100,99937,100,100231,100,99842,100,,,,,,,,,,,,,,,,,,,,
2019-06-28 09:30:00.000000031,99997,100,99986,100,100079,100,99979,300,100092,100,99958,100,100101,100,99937,100,100231,100,99842,100,,,,,,,,,,,,,,,,,,,,
2019-06-28 09:30:00.000000033,99997,100,99986,100,100079,100,99979,300,100092,100,99958,100,100101,100,99937,100,100231,100,99842,100,,,99834,100,,,,,,,,,,,,,,,,
2019-06-28 09:30:00.000000037,99997,100,99986,100,100028,100,99979,300,100033,100,99958,100,100079,100,99937,100,100092,100,99842,100,100094,100,99834,100,100101,100,,,100231,100,,,,,,,,,,
2019-06-28 09:30:00.000000038,99997,100,99992,100,100028,100,99986,100,100033,100,99979,300,100079,100,99958,100,100092,100,99937,100,100094,100,99842,100,100101,100,99834,100,100231,100,,,,,,,,,,
2019-06-28 09:30:00.000000039,99997,100,99992,100,100028,100,99986,100,100033,100,99979,300,100071,100,99958,100,100079,100,99937,100,100092,100,99842,100,100094,100,99834,100,100101,100,,,100231,100,,,,,,
2019-06-28 09:30:00.000000041,99997,100,99992,100,100028,100,99986,100,100033,100,99979,400,100071,100,99958,100,100079,100,99937,100,100092,100,99842,100,100094,100,99834,100,100101,100,,,100231,100,,,,,,
2019-06-28 09:30:00.000000042,99997,100,99992,100,100028,100,99986,100,100033,100,99979,500,100071,100,99958,100,100079,100,99937,100,100092,100,99842,100,100094,100,99834,100,100101,100,,,100231,100,,,,,,
2019-06-28 09:30:00.000000048,100028,100,99992,100,100033,100,99986,100,100071,100,99979,500,100079,100,99958,100,100092,100,99937,100,100094,100,99842,100,100101,100,99834,100,100231,100,,,,,,,,,,
2019-06-28 09:30:00.000000053,100028,100,99992,100,100033,100,99986,100,100071,100,99979,500,100079,100,99958,100,100092,100,99937,100,100094,100,99842,100,100101,100,99834,100,100231,100,,,,,,,,,,
2019-06-28 09:30:00.000000058,100028,100,99992,200,100033,100,99986,100,100071,100,99979,500,100079,100,99958,100,100092,100,99937,100,100094,100,99925,100,100101,100,99842,100,100231,100,99834,100,,,,,,,,
2019-06-28 09:30:00.000000059,100033,100,99992,200,100071,100,99986,100,100079,100,99979,500,100090,100,99958,100,100092,100,99937,100,100094,100,99925,100,100101,100,99842,100,100231,100,99834,100,,,,,,,,
2019-06-28 09:30:00.000000060,100033,100,99992,200,100071,100,99986,100,100079,100,99979,500,100090,100,99958,100,100092,100,99937,100,100094,100,99935,100,100101,100,99925,100,100231,100,99842,100,,,99834,100,,,,
2019-06-28 09:30:00.000000061,100071,100,99992,200,100079,100,99986,100,100090,100,99979,500,100092,100,99958,100,100094,100,99937,100,100101,100,99935,100,100231,100,99925,100,,,99842,100,,,99834,100,,,,
2019-06-28 09:30:00.000000063,100047,100,99992,200,100071,100,99986,100,100079,100,99979,500,100090,100,99958,100,100092,100,99937,100,100094,100,99935,100,100101,100,99925,100,100231,100,99842,100,,,99834,100,,,,
2019-06-28 09:30:00.000000064,100047,100,99992,100,100071,100,99986,100,100079,100,99979,500,100090,100,99958,100,100092,100,99937,100,100094,100,99935,100,100101,100,99925,100,100231,100,99842,100,,,99834,100,,,,
2019-06-28 09:30:00.000000065,100019,100,99986,100,100047,100,99979,500,100071,100,99958,100,100079,100,99937,100,100090,100,99935,100,100092,100,99925,100,100094,100,99842,100,100101,100,99834,100,100231,100,,,,,,
2019-06-28 09:30:00.000000066,100047,100,99986,100,100071,100,99979,500,100079,100,99958,100,100090,100,99937,100,100092,100,99935,100,100094,100,99925,100,100101,100,99842,100,100231,100,99834,100,,,,,,,,
2019-06-28 09:30:00.000000067,100001,100,99986,100,100047,100,99979,500,100071,100,99958,100,100079,100,99937,100,100090,100,99935,100,100092,100,99925,100,100094,100,99842,100,100101,100,99834,100,100103,100,,,100231,100,,
2019-06-28 09:30:00.000000071,100001,100,99986,100,100047,100,99979,500,100071,100,99958,100,100077,100,99937,100,100079,100,99935,100,100090,100,99925,100,100092,100,99842,100,100094,100,99834,100,100101,100,,,100103,100,,
2019-06-28 09:30:00.000000074,100000,100,99979,500,100001,100,99958,100,100023,100,99937,100,100047,100,99935,100,100071,100,99925,100,100077,100,99842,100,100079,100,99834,100,100090,100,,,100092,100,,,100094,100,,
2019-06-28 09:30:00.000000075,100000,100,99986,100,100001,100,99979,500,100023,100,99958,100,100047,100,99937,100,100050,100,99935,100,100071,100,99925,100,100077,100,99842,100,100079,100,99834,100,100090,100,,,100092,100,,
2019-06-28 09:30:00.000000076,100000,100,99986,200,100001,100,99979,500,100023,100,99958,100,100047,100,99937,100,100050,200,99935,100,100071,100,99925,100,100077,100,99842,100,100079,100,99834,100,100090,100,,,100092,100,,
2019-06-28 09:30:00.000000080,100000,100,99986,200,100001,100,99979,500,100023,100,99958,100,100047,100,99937,100,100050,200,99935,100,100071,100,99925,100,100077,100,99842,100,100079,100,99834,100,100090,100,,,100092,100,,
2019-06-28 09:30:00.000000084,100023,100,99986,200,100047,100,99979,500,100050,200,99958,100,100071,100,99937,100,100077,100,99935,100,100079,100,99925,100,100090,100,99842,100,100092,100,99834,100,100094,100,,,100096,100,,
2019-06-28 09:30:00.000000085,100001,100,99986,200,100023,100,99979,500,100047,100,99958,100,100050,200,99937,100,100071,100,99935,100,100077,100,99925,100,100079,100,99842,100,100090,100,99834,100,100092,100,,,100094,100,,
2019-06-28 09:30:00.000000086,100023,100,99986,200,100047,100,99979,500,100050,200,99958,100,100071,100,99937,100,100077,100,99935,100,100079,100,99925,100,100090,100,99842,100,100092,100,99834,100,100094,100,,,100096,100,,
2019-06-28 09:30:00.000000088,100023,100,99986,200,100047,100,99979,500,100050,200,99958,100,100071,100,99937,100,100077,100,99935,100,100079,100,99925,100,100090,100,99896,100,100092,100,99842,100,100094,100,99834,100,100096,100,,
2019-06-28 09:30:00.000000089,100023,100,99986,200,100047,100,99979,500,100050,200,99958,100,100071,100,99937,100,100077,100,99935,100,100079,100,99925,100,100090,100,99896,100,100092,100,99842,100,100094,100,99834,100,100096,100,,
2019-06-28 09:30:00.000000090,100001,100,99986,200,100023,100,99979,500,100047,100,99958,100,100050,200,99937,100,100071,100,99935,100,100077,100,99925,100,100079,100,99896,100,100090,100,99842,100,100092,100,99834,100,100094,100,,
2019-06-28 09:30:00.000000092,100023,100,99986,200,100044,100,99979,500,100047,100,99958,100,100050,200,99937,100,100071,100,99935,100,100077,100,99925,100,100079,100,99896,100,100090,100,99842,100,100092,100,99834,100,100094,100,,
2019-06-28 09:30:00.000000094,100023,100,99986,200,100044,100,99979,500,100047,100,99958,100,100050,200,99937,100,100061,100,99935,100,100071,100,99925,100,100077,100,99896,100,100079,100,99842,100,100090,100,99834,100,100092,100,,
2019-06-28 09:30:00.000000098,100023,100,99986,200,100044,100,99979,500,100047,100,99958,100,100050,200,99937,100,100057,100,99935,100,100061,100,99925,100,100071,100,99896,100,100077,100,99842,100,100079,100,99834,200,100090,100,,
2019-06-28 09:30:10.000000000,100023,152,99986,252,100044,152,99979,552,100047,152,99958,152,100050,252,99937,152,100057,152,99935,152,100061,100,99925,100,100071,100,99896,100,100077,100,99842,100,100079,100,99834,200,100090,100,,
2019-06-28 09:30:20.000000000,100023,165,99986,265,100044,165,99979,565,100047,165,99958,165,100050,265,99937,165,100057,100,99935,100,100061,100,99925,100,100071,100,99896,100,100077,100,99842,100,100079,100,99834,200,100090,100,,
2019-06-28 09:30:30.000000000,100023,165,99986,265,100044,165,99979,565,100047,165,99958,165,100050,265,99937,165,100057,100,99935,100,100061,100,99925,100,100071,100,99896,100,100077,100,99842,100,100079,100,99834,200,100090,100,,
2019-06-28 09:30:40.000000000,100023,230,99986,330,100044,230,99979,630,100047,100,99958,100,100050,200,99937,100,100057,100,99935,100,100061,100,99925,100,100071,100,99896,100,100077,100,99842,100,100079,100,99834,200,100090,100,,
2019-06-28 09:30:50.000000000,100023,230,99986,330,100044,230,99979,630,100047,100,99958,100,100050,200,99937,100,100057,100,99935,100,100061,100,99925,100,100071,100,99896,100,100077,100,99842,100,100079,100,99834,200,100090,100,,
2019-06-28 09:30:58.103066604,100023,130,99986,330,100044,230,99979,630,100047,100,99958,100,100050,200,99937,100,100057,100,99935,100,100061,100,99925,100,100071,100,99896,100,100077,100,99842,100,100079,100,99834,200,100090,100,,
2019-06-28 09:31:00.000000000,100044,165,99986,265,100047,165,99979,565,100050,265,99958,165,100057,165,99937,165,100061,100,99935,100,100071,100,99925,100,100077,100,99896,100,100079,100,99842,100,100090,100,99834,200,100092,100,,
2019-06-28 09:31:09.329384152,100044,165,99986,265,100047,165,99979,565,100050,265,99958,165,100057,165,99937,165,100061,100,99935,100,100071,100,99925,100,100077,100,99896,100,100079,100,99842,100,100090,100,99834,200,100092,100,,
2019-06-28 09:31:10.000000000,100044,188,99986,288,100047,185,99979,585,100050,285,99958,185,100057,100,99937,100,100061,100,99935,100,100071,100,99925,100,100077,100,99896,100,100079,100,99842,100,100090,100,99834,200,100092,100,,
2019-06-28 09:31:20.000000000,100044,230,99986,330,100047,230,99979,630,100050,200,99958,100,100057,100,99937,100,100061,100,99935,100,100071,100,99925,100,100077,100,99896,100,100079,100,99842,100,100090,100,99834,200,100092,100,,
2019-06-28 09:31:28.826695460,100044,230,100001,100,100047,230,99986,330,100050,200,99979,630,100057,100,99958,100,100061,100,99937,100,100071,100,99935,100,100077,100,99925,100,100079,100,99896,100,100090,100,99842,100,100092,100,99834,200
2019-06-28 09:31:30.000000000,100044,152,100001,152,100047,152,99986,252,100050,252,99979,552,100057,152,99958,152,100061,152,99937,152,100071,100,99935,100,100077,100,99925,100,100079,100,99896,100,100090,100,99842,100,100092,100,99834,200
2019-06-28 09:31:40.000000000,100044,188,100001,188,100047,185,99986,285,100050,285,99979,585,100057,100,99958,100,100061,100,99937,100,100071,100,99935,100,100077,100,99925,100,100079,100,99896,100,100090,100,99842,100,100092,100,99834,200
2019-06-28 09:31:47.887682833,100044,88,100001,188,100047,185,99986,285,100050,285,99979,585,100057,100,99958,100,100061,100,99937,100,100071,100,99935,100,100077,100,99925,100,100079,100,99896,100,100090,100,99842,100,100092,100,99834,200
2019-06-28 09:31:50.000000000,100047,188,100001,188,100050,285,99986,285,100057,185,99979,585,100061,100,99958,100,100071,100,99937,100,100077,100,99935,100,100079,100,99925,100,100090,100,99896,100,100092,100,99842,100,100094,100,99834,200
2019-06-28 09:32:00.000000000,100047,152,100001,152,100050,252,99986,252,100057,152,99979,552,100061,152,99958,152,100071,152,99937,152,100077,100,99935,100,100079,100,99925,100,100090,100,99896,100,100092,100,99842,100,100094,100,99834,200
2019-06-28 09:32:08.036682781,100047,152,100001,152,100050,252,99986,252,100057,152,99979,552,100061,152,99958,152,100071,152,99937,152,100077,100,99935,100,100079,100,99925,100,100090,100,99896,100,100094,100,99842,100,100096,100,99834,200
2019-06-28 09:32:10.000000000,100047,188,100001,188,100050,285,99986,285,100057,185,99979,585,100061,100,99958,100,100071,100,99937,100,100077,100,99935,100,100079,100,99925,100,100090,100,99896,100,100094,100,99842,100,100096,100,99834,200
2019-06-28 09:32:11.164877762,100047,188,100001,188,100050,285,99986,285,100057,185,99979,585,100061,100,99958,100,100071,100,99937,100,100077,100,99935,100,100079,100,99925,100,100090,100,99896,100,100094,100,99842,100,100096,100,99834,200
2019-06-28 09:32:19.197525103,100047,188,100001,188,100050,285,99986,285,100057,185,99979,585,100061,100,99958,100,100071,100,99937,100,100077,100,99935,100,100079,100,99925,100,100090,100,99896,100,100094,100,99842,100,100096,100,99834,200
2019-06-28 09:32:20.000000000,100047,165,100001,165,100050,265,99986,265,100057,165,99979,565,100061,165,99958,165,100071,100,99937,100,100077,100,99935,100,100079,100,99925,100,100090,100,99896,100,100094,100,99842,100,100096,100,99834,200
2019-06-28 09:32:30.000000000,100047,359,100001,359,100050,200,99986,200,100057,100,99979,500,100061,100,99958,100,100071,100,99937,100,100077,100,99935,100,100079,100,99925,100,100090,100,99896,100,100094,100,99842,100,100096,100,99834,200
2019-06-28 09:32:40.000000000,100047,230,100001,230,100050,330,99986,330,100057,100,99979,500,100061,100,99958,100,100071,100,99937,100,100077,100,99935,100,100079,100,99925,100,100090,100,99896,100,100094,100,99842,100,100096,100,99834,200
2019-06-28 09:32:42.615169939,100047,130,100001,230,100050,330,99986,330,100057,100,99979,500,100061,100,99958,100,100077,100,99937,100,100079,100,99935,100,100090,100,99925,100,100094,100,99896,100,100096,100,99842,100,100101,100,99834,200
2019-06-28 09:32:50.000000000,100050,330,100001,230,100057,230,99986,330,100061,100,99979,500,100077,100,99958,100,100079,100,99937,100,100090,100,99935,100,100094,100,99925,100,100096,100,99896,100,100101,100,99842,100,100111,100,99834,200
2019-06-28 09:32:50.163089596,100050,330,100001,230,100057,230,99986,330,100061,100,99979,500,100077,100,99958,100,100079,100,99937,100,100090,100,99935,100,100094,100,99925,100,100096,100,99896,100,100101,100,99842,100,100111,100,99834,200
2019-06-28 09:32:53.244252370,100050,330,100001,230,100057,230,99986,330,100061,100,99979,500,100077,100,99958,100,100079,100,99935,100,100090,100,99925,100,100094,100,99896,100,100096,100,99842,100,100101,100,99834,200,100111,100,,
2019-06-28 09:33:00.000000000,100050,288,100001,188,100057,185,99986,285,100061,185,99979,585,100077,100,99958,100,100079,100,99935,100,100090,100,99925,100,100094,100,99896,100,100096,100,99842,100,100101,100,99834,200,100111,100,,
2019-06-28 09:33:10.000000000,100050,288,100001,188,100057,185,99986,285,100061,185,99979,585,100077,100,99958,100,100079,100,99935,100,100090,100,99925,100,100094,100,99896,100,100096,100,99842,100,100101,100,99834,200,100111,100,,
2019-06-28 09:33:20.000000000,100050,459,100001,359,100057,100,99986,200,100061,100,99979,500,100077,100,99958,100,100079,100,99935,100,100090,100,99925,100,100094,100,99896,100,100096,100,99842,100,100101,100,99834,200,100111,100,,
2019-06-28 09:33:22.325873946,100050,459,100044,100,100057,100,100001,359,100061,100,99986,100,100077,100,99979,500,100079,100,99958,100,100090,100,99935,100,100094,100,99925,100,100096,100,99896,100,100101,100,99842,100,100111,100,99834,200
2019-06-28 09:33:30.000000000,100050,265,100044,165,100057,165,100001,165,100061,165,99986,165,100077,165,99979,565,100079,100,99958,100,100090,100,99935,100,100094,100,99925,100,100096,100,99896,100,100101,100,99842,100,100111,100,99834,200
2019-06-28 09:33:40.000000000,100050,265,100044,165,100057,165,100001,165,100061,165,99986,165,100077,165,99979,565,100079,100,99958,100,100090,100,99935,100,100094,100,99925,100,100096,100,99896,100,100101,100,99842,100,100111,100,99834,200
2019-06-28 09:33:50.000000000,100050,330,100044,230,100057,230,100001,230,100061,100,99986,100,100077,100,99979,500,100079,100,99958,100,100090,100,99935,100,100094,100,99925,100,100096,100,99896,100,100101,100,99842,100,100111,100,99834,200
2019-06-28 09:33:51.159031002,100050,330,100044,230,100057,230,100001,230,100061,100,99986,100,100077,100,99979,500,100079,100,99958,100,100090,100,99935,100,100094,100,99925,100,100096,100,99896,100,100101,100,99842,100,100111,100,99834,200
2019-06-28 09:33:53.203941521,100050,330,100044,230,100057,230,100001,230,100061,100,99986,100,100077,100,99979,500,100079,100,99958,100,100090,100,99935,100,100094,100,99925,100,100096,100,99896,100,100101,100,99842,100,100111,100,99834,200
2019-06-28 09:34:00.000000000,100050,459,100044,359,100057,100,100001,100,100061,100,99986,100,100077,100,99979,500,100079,100,99958,100,100090,100,99935,100,100094,100,99925,100,100096,100,99896,100,100101,100,99842,100,100111,100,99834,200
2019-06-28 09:34:04.590253543,100050,459,100044,359,100057,100,100001,100,100061,100,99979,500,100077,100,99958,100,100079,100,99935,100,100090,100,99925,100,100094,100,99896,100,100096,100,99842,100,100101,100,99834,200,100111,100,,
2019-06-28 09:34:10.000000000,100050,330,100044,230,100057,230,100001,230,100061,100,99979,500,100077,100,99958,100,100079,100,99935,100,100090,100,99925,100,100094,100,99896,100,100096,100,99842,100,100101,100,99834,200,100111,100,,
2019-06-28 09:34:11.920217677,100050,330,100044,330,100057,230,100001,230,100061,100,99979,500,100077,100,99958,100,100079,100,99935,100,100090,100,99925,100,100094,100,99896,100,100096,100,99842,100,100101,100,99834,200,100111,100,,
2019-06-28 09:34:20.000000000,100050,459,100044,459,100057,100,100001,100,100061,100,99979,500,100077,100,99958,100,100079,100,99935,100,100090,100,99925,100,100094,100,99896,100,100096,100,99842,100,100101,100,99834,200,100111,100,,
2019-06-28 09:34:30.000000000,100050,288,100044,288,100057,185,100001,185,100061,185,99979,585,100077,100,99958,100,100079,100,99935,100,100090,100,99925,100,100094,100,99896,100,100096,100,99842,100,100101,100,99834,200,100111,100,,
2019-06-28 09:34:40.000000000,100050,265,100044,265,100057,165,100001,165,100061,165,99979,565,100077,165,99958,165,100079,100,99935,100,100090,100,99925,100,100094,100,99896,100,100096,100,99842,100,100101,100,99834,200,100111,100,,
2019-06-28 09:34:50.000000000,100050,459,100044,459,100057,100,100001,100,100061,100,99979,500,100077,100,99958,100,100079,100,99935,100,100090,100,99925,100,100094,100,99896,100,100096,100,99842,100,100101,100,99834,200,100111,100,,
2019-06-28 09:35:00.000000000,100050,252,100044,252,100057,152,100001,152,100061,152,99979,552,100077,152,99958,152,100079,152,99935,152,100090,100,99925,100,100094,100,99896,100,100096,100,99842,100,100101,100,99834,200,100111,100,,
2019-06-28 09:35:10.000000000,100050,288,100044,288,100057,185,100001,185,100061,185,99979,585,100077,100,99958,100,100079,100,99935,100,100090,100,99925,100,100094,100,99896,100,100096,100,99842,100,100101,100,99834,200,100111,100,,
2019-06-28 09:35:13.548499465,100050,188,100044,288,100057,185,100001,185,100061,185,99979,585,100077,100,99958,100,100079,100,99935,100,100090,100,99925,100,100094,100,99896,100,100096,100,99842,100,100101,100,99834,200,100111,100,,
2019-06-28 09:35:13.927377683,100050,188,100044,288,100057,185,100001,185,100061,185,99979,585,100077,100,99958,100,100079,100,99935,100,100090,100,99925,100,100094,100,99896,100,100096,100,99842,100,100101,100,99834,100,100111,100,,
2019-06-28 09:35:20.000000000,100050,230,100044,330,100057,230,100001,230,100061,100,99979,500,100077,100,99958,100,100079,100,99935,100,100090,100,99925,100,100094,100,99896,100,100096,100,99842,100,100101,100,99834,100,100111,100,,
2019-06-28 09:35:25.733140018,100050,130,100044,330,100057,230,100001,230,100061,100,99979,500,100077,100,99958,100,100079,100,99935,100,100090,100,99925,100,100094,100,99896,100,100096,100,99842,100,100101,100,99834,100,100111,100,,
2019-06-28 09:35:26.743071414,100050,30,100044,330,100057,230,100001,230,100061,100,99979,500,100077,100,99958,100,100079,100,99935,100,100090,100,99925,100,100094,100,99896,100,100096,100,99842,100,100101,100,99834,100,100111,100,,
2019-06-28 09:35:27.552151596,100050,30,100044,330,100057,230,100001,230,100061,100,99979,500,100077,100,99958,100,100079,100,99935,100,100090,100,99925,100,100096,100,99896,100,100101,100,99842,100,100111,100,99834,100,100204,100,,
2019-06-28 09:35:30.000000000,100057,165,100044,265,100061,165,100001,165,100077,165,99979,565,100079,165,99958,165,100090,100,99935,100,100096,100,99925,100,100101,100,99896,100,100111,100,99842,100,100204,100,99834,100,100231,100,,
2019-06-28 09:35:31.410151874,100057,65,100044,265,100061,165,100001,165,100077,165,99979,565,100079,165,99958,165,100090,100,99935,100,100096,100,99925,100,100101,100,99896,100,100111,100,99842,100,100204,100,99834,100,100231,100,,
2019-06-28 09:35:40.000000000,100061,165,100044,265,100077,165,100001,165,100079,165,99979,565,100090,165,99958,165,100096,100,99935,100,100101,100,99925,100,100111,100,99896,100,100204,100,99842,100,100231,100,99834,100,100403,100,,
2019-06-28 09:35:50.000000000,100061,188,100044,288,100077,185,100001,185,100079,185,99979,585,100090,100,99958,100,100096,100,99935,100,100101,100,99925,100,100111,100,99896,100,100204,100,99842,100,100231,100,99834,100,100403,100,,
2019-06-28 09:36:00.000000000,100061,188,100044,288,100077,185,100001,185,100079,185,99979,585,100090,100,99958,100,100096,100,99935,100,100101,100,99925,100,100111,100,99896,100,100204,100,99842,100,100231,100,99834,100,100403,100,,
2019-06-28 09:36:10.000000000,100061,188,100044,288,100077,185,100001,185,100079,185,99979,585,100090,100,99958,100,100096,100,99935,100,100101,100,99925,100,100111,100,99896,100,100204,100,99842,100,100231,100,99834,100,100403,100,,
2019-06-28 09:36:11.973355457,100061,188,100044,288,100077,185,100001,185,100079,185,99979,585,100090,100,99958,100,100096,100,99935,100,100101,100,99925,100,100111,100,99896,100,100204,100,99842,100,100403,100,99834,100,100721,100,,
2019-06-28 09:36:16.198696894,100061,88,100044,288,100077,185,100001,185,100079,185,99979,585,100090,100,99958,100,100096,100,99935,100,100111,100,99925,100,100204,100,99896,100,100403,100,99842,100,100721,100,99834,100,100774,100,,
2019-06-28 09:36:19.371162248,100061,88,100057,100,100077,185,100044,288,100079,185,100001,185,100090,100,99979,485,100096,100,99958,100,100111,100,99935,100,100204,100,99925,100,100403,100,99896,100,100721,100,99842,100,100774,100,99834,100
2019-06-28 09:36:20.000000000,100077,165,100057,165,100079,165,100044,265,100090,165,100001,165,100096,165,99979,465,100111,100,99958,100,100204,100,99935,100,100403,100,99925,100,100721,100,99896,100,100774,100,99842,100,101018,100,99834,100
2019-06-28 09:36:27.385206611,100077,165,100057,165,100079,165,100044,265,100090,165,100001,165,100096,165,99979,465,100111,100,99958,100,100366,100,99935,100,100403,100,99925,100,100721,100,99896,100,100774,100,99842,100,101018,100,99834,100
2019-06-28 09:36:30.000000000,100077,188,100057,188,100079,185,100044,285,100090,185,100001,185,100096,100,99979,400,100111,100,99958,100,100366,100,99935,100,100403,100,99925,100,100721,100,99896,100,100774,100,99842,100,101018,100,99834,100
2019-06-28 09:36:37.761916042,100077,88,100057,188,100079,185,100044,285,100090,185,100001,185,100096,100,99979,400,100111,100,99958,100,100366,100,99935,100,100403,100,99925,100,100721,100,99896,100,100774,100,99842,100,101018,100,99834,100
2019-06-28 09:36:40.000000000,100079,359,100057,359,100090,100,100044,200,100096,100,100001,100,100111,100,99979,400,100366,100,99958,100,100403,100,99935,100,100721,100,99925,100,100774,100,99896,100,101018,100,99842,100,101429,100,99834,100
2019-06-28 09:36:50.000000000,100079,359,100057,359,100090,100,100044,200,100096,100,100001,100,100111,100,99979,400,100366,100,99958,100,100403,100,99935,100,100721,100,99925,100,100774,100,99896,100,101018,100,99842,100,101429,100,99834,100
2019-06-28 09:36:53.721399028,100079,259,100057,359,100090,100,100044,200,100096,100,100001,100,100111,100,99979,400,100366,100,99958,100,100403,100,99935,100,100721,100,99925,100,100774,100,99896,100,101018,100,99842,100,101429,100,99834,100
2019-06-28 09:37:00.000000000,100090,152,100057,152,100096,152,100044,252,100111,152,100001,152,100366,152,99979,452,100403,152,99958,152,100721,100,99935,100,100774,100,99925,100,101018,100,99896,100,101429,100,99842,100,101506,100,99834,100
2019-06-28 09:37:02.317346478,100090,152,100057,152,100096,152,100044,252,100111,152,100001,152,100366,152,99979,452,100403,152,99958,152,100431,100,99935,100,100721,100,99925,100,100774,100,99896,100,101018,100,99842,100,101429,100,99834,100
2019-06-28 09:37:10.000000000,100090,188,100057,188,100096,185,100044,285,100111,185,100001,185,100366,100,99979,400,100403,100,99958,100,100431,100,99935,100,100721,100,99925,100,100774,100,99896,100,101018,100,99842,100,101429,100,99834,100
2019-06-28 09:37:20.000000000,100090,230,100057,230,100096,230,100044,330,100111,100,100001,100,100366,100,99979,400,100403,100,99958,100,100431,100,99935,100,100721,100,99925,100,100774,100,99896,100,101018,100,99842,100,101429,100,99834,100
2019-06-28 09:37:21.249741226,100090,230,100057,230,100096,230,100044,330,100111,100,100001,100,100366,100,99979,400,100403,100,99958,100,100431,100,99935,100,100456,100,99925,100,100721,100,99896,100,100774,100,99842,100,101018,100,99834,100
2019-06-28 09:37:25.334166782,100090,130,100057,230,100096,230,100044,330,100111,100,100001,100,100366,100,99979,400,100403,100,99958,100,100431,100,99935,100,100456,100,99925,100,100721,100,99896,100,100774,100,99842,100,101018,100,99834,100
2019-06-28 09:37:29.051908953,100090,30,100057,230,100096,230,100044,330,100111,100,100001,100,100366,100,99979,400,100403,100,99958,100,100431,100,99935,100,100456,100,99925,100,100721,100,99896,100,100774,100,99842,100,101018,100,99834,100
2019-06-28 09:37:29.295873403,100089,100,100057,230,100090,30,100044,330,100096,230,99979,400,100111,100,99958,100,100366,100,99935,100,100403,100,99925,100,100431,100,99896,100,100456,100,99842,100,100721,100,99834,100,100774,100,,
2019-06-28 09:37:30.000000000,100089,152,100057,152,100096,152,100044,252,100111,152,99979,452,100366,152,99958,152,100403,152,99935,152,100431,100,99925,100,100456,100,99896,100,100721,100,99842,100,100774,100,99834,100,101018,100,,
2019-06-28 09:37:40.000000000,100089,152,100057,152,100096,152,100044,252,100111,152,99979,452,100366,152,99958,152,100403,152,99935,152,100431,100,99925,100,100456,100,99896,100,100721,100,99842,100,100774,100,99834,100,101018,100,,
2019-06-28 09:37:45.226415588,100089,52,100057,152,100096,152,100044,252,100111,152,99979,452,100366,152,99958,152,100403,152,99935,152,100431,100,99925,100,100456,100,99896,100,100721,100,99842,100,100774,100,99834,100,101018,100,,
2019-06-28 09:37:49.882100400,100096,152,100089,48,100111,152,100057,152,100366,152,100044,252,100403,152,99979,452,100431,100,99958,152,100456,100,99935,152,100721,100,99925,100,100774,100,99896,100,101018,100,99842,100,101429,100,99834,100
2019-06-28 09:37:50.000000000,100096,359,100089,307,100111,100,100057,100,100366,100,100044,200,100403,100,99979,400,100431,100,99958,100,100456,100,99935,100,100721,100,99925,100,100774,100,99896,100,101018,100,99842,100,101429,100,99834,100
2019-06-28 09:37:56.366865349,100096,359,100089,307,100111,100,100057,100,100278,100,100044,200,100366,100,99979,400,100403,100,99958,100,100431,100,99935,100,100456,100,99925,100,100721,100,99896,100,100774,100,99842,100,101018,100,99834,100
2019-06-28 09:38:00.000000000,100096,230,100089,178,100111,230,100057,230,100278,100,100044,200,100366,100,99979,400,100403,100,99958,100,100431,100,99935,100,100456,100,99925,100,100721,100,99896,100,100774,100,99842,100,101018,100,99834,100
2019-06-28 09:38:10.000000000,100096,152,100089,100,100111,152,100057,152,100278,152,100044,252,100366,152,99979,452,100403,152,99958,152,100431,100,99935,100,100456,100,99925,100,100721,100,99896,100,100774,100,99842,100,101018,100,99834,100
2019-06-28 09:38:11.437813607,100096,152,100089,200,100111,152,100057,152,100278,152,100044,252,100366,152,99979,452,100403,152,99958,152,100431,100,99935,100,100456,100,99925,100,100721,100,99896,100,100774,100,99842,100,101018,100,99834,100
2019-06-28 09:38:20.000000000,100096,359,100089,407,100111,100,100057,100,100278,100,100044,200,100366,100,99979,400,100403,100,99958,100,100431,100,99935,100,100456,100,99925,100,100721,100,99896,100,100774,100,99842,100,101018,100,99834,100
2019-06-28 09:38:27.609913334,100096,359,100089,407,100111,100,100057,100,100278,100,100044,200,100366,100,99979,400,100403,100,99958,100,100431,100,99935,100,100456,100,99925,100,100647,100,99896,100,100721,100,99842,100,100774,100,99834,100
2019-06-28 09:38:30.000000000,100096,230,100089,278,100111,230,100057,230,100278,100,100044,200,100366,100,99979,400,100403,100,99958,100,100431,100,99935,100,100456,100,99925,100,100647,100,99896,100,100721,100,99842,100,100774,100,99834,100
2019-06-28 09:38:40.000000000,100096,230,100089,278,100111,230,100057,230,100278,100,100044,200,100366,100,99979,400,100403,100,99958,100,100431,100,99935,100,100456,100,99925,100,100647,100,99896,100,100721,100,99842,100,100774,100,99834,100
2019-06-28 09:38:50.000000000,100096,152,100089,200,100111,152,100057,152,100278,152,100044,252,100366,152,99979,452,100403,152,99958,152,100431,100,99935,100,100456,100,99925,100,100647,100,99896,100,100721,100,99842,100,100774,100,99834,100
2019-06-28 09:38:57.795139854,100096,52,100089,200,100111,152,100057,152,100278,152,100044,252,100366,152,99979,452,100403,152,99958,152,100431,100,99935,100,100456,100,99925,100,100647,100,99896,100,100721,100,99842,100,100774,100,99834,100
2019-06-28 09:39:00.000000000,100111,359,100089,407,100278,100,100057,100,100366,100,100044,200,100403,100,99979,400,100431,100,99958,100,100456,100,99935,100,100647,100,99925,100,100721,100,99896,100,100774,100,99842,100,101018,100,99834,100
2019-06-28 09:39:03.551145274,100111,259,100089,407,100278,100,100057,100,100366,100,100044,200,100403,100,99979,400,100431,100,99958,100,100456,100,99935,100,100647,100,99925,100,100721,100,99896,100,100774,100,99842,100,101018,100,99834,100
2019-06-28 09:39:10.000000000,100278,188,100089,236,100366,185,100057,185,100403,185,100044,285,100431,100,99979,400,100456,100,99958,100,100647,100,99935,100,100721,100,99925,100,100774,100,99896,100,101018,100,99842,100,101429,100,99834,100
2019-06-28 09:39:14.239665609,100278,188,100096,100,100366,185,100089,236,100403,185,100057,185,100431,100,100044,285,100456,100,99979,400,100647,100,99958,100,100721,100,99935,100,100774,100,99925,100,101018,100,99896,100,101429,100,99842,100
2019-06-28 09:39:20.000000000,100278,230,100096,230,100366,230,100089,278,100403,100,100057,100,100431,100,100044,200,100456,100,99979,400,100647,100,99958,100,100721,100,99935,100,100774,100,99925,100,101018,100,99896,100,101429,100,99842,100
2019-06-28 09:39:30.000000000,100278,230,100096,230,100366,230,100089,278,100403,100,100057,100,100431,100,100044,200,100456,100,99979,400,100647,100,99958,100,100721,100,99935,100,100774,100,99925,100,101018,100,99896,100,101429,100,99842,100
2019-06-28 09:39:40.000000000,100278,152,100096,152,100366,152,100089,200,100403,152,100057,152,100431,152,100044,252,100456,152,99979,452,100647,100,99958,100,100721,100,99935,100,100774,100,99925,100,101018,100,99896,100,101429,100,99842,100
2019-06-28 09:39:50.000000000,100278,165,100096,165,100366,165,100089,213,100403,165,100057,165,100431,165,100044,265,100456,100,99979,400,100647,100,99958,100,100721,100,99935,100,100774,100,99925,100,101018,100,99896,100,101429,100,99842,100
2019-06-28 09:39:59.494385692,100278,165,100096,165,100366,165,100089,213,100403,165,100057,165,100431,165,100044,265,100456,100,99979,400,100647,100,99958,100,100721,100,99935,100,100751,100,99925,100,100774,100,99896,100,101018,100,99842,100
2019-06-28 09:40:00.000000000,100278,230,100096,230,100366,230,100089,278,100403,100,100057,100,100431,100,100044,200,100456,100,99979,400,100647,100,99958,100,100721,100,99935,100,100751,100,99925,100,100774,100,99896,100,101018,100,99842,100
2019-06-28 09:40:10.000000000,100278,188,100096,188,100366,185,100089,233,100403,185,100057,185,100431,100,100044,200,100456,100,99979,400,100647,100,99958,100,100721,100,99935,100,100751,100,99925,100,100774,100,99896,100,101018,100,99842,100
2019-06-28 09:40:11.621059344,100278,88,100096,188,100366,185,100089,233,100403,185,100057,185,100431,100,100044,200,100456,100,99979,400,100647,100,99958,100,100721,100,99935,100,100751,100,99925,100,100774,100,99896,100,101018,100,99842,100
2019-06-28 09:40:20.000000000,100366,165,100096,165,100403,165,100089,213,100431,165,100057,165,100456,165,100044,265,100647,100,99979,400,100721,100,99958,100,100751,100,99935,100,100774,100,99925,100,101018,100,99896,100,101429,100,99842,100
2019-06-28 09:40:23.881616146,100366,165,100111,100,100403,165,100096,165,100431,165,100089,213,100456,165,100057,165,100647,100,100044,265,100721,100,99979,400,100751,100,99958,100,100774,100,99935,100,101018,100,99925,100,101429,100,99896,100
2019-06-28 09:40:25.116394139,100366,65,100111,100,100403,165,100096,165,100431,165,100089,213,100456,165,100057,165,100647,100,100044,265,100721,100,99979,400,100751,100,99958,100,100774,100,99935,100,101018,100,99925,100,101429,100,99842,100
2019-06-28 09:40:30.000000000,100403,230,100111,230,100431,230,100096,230,100456,100,100089,148,100647,100,100057,100,100721,100,100044,200,100751,100,99979,400,100774,100,99958,100,101018,100,99935,100,101429,100,99925,100,101506,100,99842,100
2019-06-28 09:40:40.000000000,100403,152,100111,152,100431,152,100096,152,100456,152,100089,200,100647,152,100057,152,100721,152,100044,252,100751,100,99979,400,100774,100,99958,100,101018,100,99935,100,101429,100,99925,100,101506,100,99842,100
2019-06-28 09:40:50.000000000,100403,165,100111,165,100431,165,100096,165,100456,165,100089,213,100647,165,100057,165,100721,100,100044,200,100751,100,99979,400,100774,100,99958,100,101018,100,99935,100,101429,100,99925,100,101506,100,99842,100
2019-06-28 09:40:51.657203054,100403,165,100222,100,100431,165,100111,165,100456,165,100096,165,100647,165,100089,213,100721,100,100057,165,100751,100,100044,200,100774,100,99979,400,101018,100,99958,100,101429,100,99935,100,101506,100,99925,100
2019-06-28 09:40:53.024870734,100403,165,100222,100,100431,165,100111,165,100456,165,100096,165,100487,100,100089,213,100647,165,100057,165,100721,100,100044,200,100751,100,99979,400,100774,100,99958,100,101018,100,99925,100,101429,100,99842,100
2019-06-28 09:41:00.000000000,100403,359,100222,359,100431,100,100111,100,100456,100,100096,100,100487,100,100089,148,100647,100,100057,100,100721,100,100044,200,100751,100,99979,400,100774,100,99958,100,101018,100,99925,100,101429,100,99842,100
2019-06-28 09:41:10.000000000,100403,188,100222,188,100431,185,100111,185,100456,185,100096,185,100487,100,100089,148,100647,100,100057,100,100721,100,100044,200,100751,100,99979,400,100774,100,99958,100,101018,100,99925,100,101429,100,99842,100
2019-06-28 09:41:16.632700321,100403,188,100239,100,100431,185,100222,188,100456,185,100111,185,100487,100,100096,185,100647,100,100089,148,100721,100,100057,100,100751,100,100044,200,100774,100,99979,400,101018,100,99958,100,101429,100,99925,100
2019-06-28 09:41:20.000000000,100403,230,100239,230,100431,230,100222,230,100456,100,100111,100,100487,100,100096,100,100647,100,100089,148,100721,100,100057,100,100751,100,100044,200,100774,100,99979,400,101018,100,99958,100,101429,100,99925,100
2019-06-28 09:41:30.000000000,100403,165,100239,165,100431,165,100222,165,100456,165,100111,165,100487,165,100096,165,100647,100,100089,148,100721,100,100057,100,100751,100,100044,200,100774,100,99979,400,101018,100,99958,100,101429,100,99925,100
2019-06-28 09:41:40.000000000,100403,152,100239,152,100431,152,100222,152,100456,152,100111,152,100487,152,100096,152,100647,152,100089,200,100721,100,100057,100,100751,100,100044,200,100774,100,99979,400,101018,100,99958,100,101429,100,99925,100
2019-06-28 09:41:44.412744960,100403,152,100239,52,100431,152,100222,152,100456,152,100111,152,100487,152,100096,152,100647,152,100089,200,100721,100,100057,100,100751,100,100044,200,100774,100,99979,400,101018,100,99958,100,101429,100,99925,100
2019-06-28 09:41:50.000000000,100403,152,100222,152,100431,152,100111,152,100456,152,100096,152,100487,152,100089,200,100647,152,100057,152,100721,100,100044,200,100751,100,99979,400,100774,100,99958,100,101018,100,99925,100,101429,100,99842,100
2019-06-28 09:41:55.059053709,100305,100,100222,152,100403,152,100111,152,100431,152,100096,152,100456,152,100089,200,100487,152,100057,152,100647,152,100044,200,100721,100,99979,400,100751,100,99958,100,100774,100,99925,100,101018,100,99842,100
2019-06-28 09:42:00.000000000,100305,359,100222,359,100403,100,100111,100,100431,100,100096,100,100456,100,100089,148,100487,100,100057,100,100647,100,100044,200,100721,100,99979,400,100751,100,99958,100,100774,100,99925,100,101018,100,99842,100
2019-06-28 09:42:04.443312092,100305,359,100240,100,100403,100,100222,359,100431,100,100111,100,100456,100,100096,100,100487,100,100089,148,100647,100,100057,100,100721,100,100044,200,100751,100,99979,400,100774,100,99958,100,101018,100,99925,100
2019-06-28 09:42:10.000000000,100305,152,100240,152,100403,152,100222,152,100431,152,100111,152,100456,152,100096,152,100487,152,100089,200,100647,100,100057,100,100721,100,100044,200,100751,100,99979,400,100774,100,99958,100,101018,100,99925,100
2019-06-28 09:42:20.000000000,100305,359,100240,359,100403,100,100222,100,100431,100,100111,100,100456,100,100096,100,100487,100,100089,148,100647,100,100057,100,100721,100,100044,200,100751,100,99979,400,100774,100,99958,100,101018,100,99925,100
2019-06-28 09:42:22.139314057,100305,359,100240,359,100403,100,100232,100,100431,100,100222,100,100456,100,100111,100,100487,100,100096,100,100647,100,100089,148,100721,100,100057,100,100751,100,100044,200,100774,100,99979,400,101018,100,99958,100
2019-06-28 09:42:30.000000000,100305,165,100240,165,100403,165,100232,165,100431,165,100222,165,100456,165,100111,165,100487,100,100096,100,100647,100,100089,148,100721,100,100057,100,100751,100,100044,200,100774,100,99979,400,101018,100,99958,100
2019-06-28 09:42:36.648761133,100268,100,100240,165,100305,165,100232,165,100403,165,100222,165,100431,165,100111,165,100456,165,100096,100,100487,100,100089,148,100647,100,100057,100,100721,100,100044,200,100751,100,99979,400,100774,100,99958,100
2019-06-28 09:42:40.000000000,100268,359,100240,359,100305,100,100232,100,100403,100,100222,100,100431,100,100111,100,100456,100,100096,100,100487,100,100089,148,100647,100,100057,100,100721,100,100044,200,100751,100,99979,400,100774,100,99958,100
2019-06-28 09:42:45.995059906,100268,359,100240,359,100305,100,100232,100,100403,100,100222,100,100431,100,100111,100,100456,100,100096,100,100487,100,100089,48,100647,100,100057,100,100721,100,100044,200,100751,100,99979,400,100774,100,99958,100
2019-06-28 09:42:46.879413537,100268,359,100240,459,100305,100,100232,100,100403,100,100222,100,100431,100,100111,100,100456,100,100096,100,100487,100,100089,48,100647,100,100057,100,100721,100,100044,100,100751,100,99979,400,100774,100,99958,100
2019-06-28 09:42:50.000000000,100268,152,100240,252,100305,152,100232,152,100403,152,100222,152,100431,152,100111,152,100456,152,100096,152,100487,100,100089,48,100647,100,100057,100,100721,100,100044,100,100751,100,99979,400,100774,100,99958,100
2019-06-28 09:42:58.166626856,100268,152,100240,252,100305,152,100232,152,100327,100,100222,152,100403,152,100111,152,100431,152,100096,152,100456,152,100089,48,100487,100,100057,100,100647,100,100044,100,100721,100,99979,400,100751,100,99958,100
2019-06-28 09:43:00.000000000,100268,152,100240,252,100305,152,100232,152,100327,152,100222,152,100403,152,100111,152,100431,152,100096,152,100456,100,100089,48,100487,100,100057,100,100647,100,100044,100,100721,100,99979,400,100751,100,99958,100
2019-06-28 09:43:10.000000000,100268,359,100240,459,100305,100,100232,100,100327,100,100222,100,100403,100,100111,100,100431,100,100096,100,100456,100,100089,48,100487,100,100057,100,100647,100,100044,100,100721,100,99979,400,100751,100,99958,100
2019-06-28 09:43:15.911514682,100268,359,100240,459,100305,100,100232,100,100307,100,100222,100,100327,100,100111,100,100403,100,100096,100,100431,100,100089,48,100456,100,100057,100,100487,100,100044,100,100647,100,99979,400,100721,100,99958,100
2019-06-28 09:43:19.742030470,100268,359,100240,359,100305,100,100232,100,100307,100,100222,100,100327,100,100111,100,100403,100,100096,100,100431,100,100089,48,100456,100,100057,100,100647,100,100044,100,100721,100,99979,400,100751,100,99958,100
2019-06-28 09:43:20.000000000,100268,359,100240,359,100305,100,100232,100,100307,100,100222,100,100327,100,100111,100,100403,100,100096,100,100431,100,100089,48,100456,100,100057,100,100647,100,100044,100,100721,100,99979,400,100751,100,99958,100
2019-06-28 09:43:30.000000000,100268,152,100240,152,100305,152,100232,152,100307,152,100222,152,100327,152,100111,152,100403,152,100096,152,100431,100,100089,48,100456,100,100057,100,100647,100,100044,100,100721,100,99979,400,100751,100,99958,100
2019-06-28 09:43:39.001444971,100268,152,100240,52,100305,152,100232,152,100307,152,100222,152,100327,152,100111,152,100403,152,100096,152,100456,100,100089,48,100647,100,100057,100,100721,100,100044,100,100751,100,99979,400,100774,100,99958,100
2019-06-28 09:43:39.126364540,100240,48,100232,152,100268,152,100222,152,100305,152,100111,152,100307,152,100096,152,100327,152,100089,48,100403,152,100057,100,100456,100,100044,100,100647,100,99979,400,100721,100,99958,100,100751,100,99925,100
2019-06-28 09:43:40.000000000,100240,100,100232,152,100268,152,100222,152,100305,152,100111,152,100307,152,100096,152,100327,152,100089,100,100403,100,100057,100,100456,100,100044,100,100647,100,99979,400,100721,100,99958,100,100751,100,99925,100
2019-06-28 09:43:41.683579884,100268,152,100232,152,100305,152,100222,152,100307,152,100111,152,100327,152,100096,152,100403,100,100089,100,100456,100,100057,100,100647,100,100044,100,100751,100,99979,400,100774,100,99958,100,101018,100,99925,100
2019-06-28 09:43:50.000000000,100268,152,100232,152,100305,152,100222,152,100307,152,100111,152,100327,152,100096,152,100403,152,100089,100,100456,100,100057,100,100647,100,100044,100,100751,100,99979,400,100774,100,99958,100,101018,100,99925,100
2019-06-28 09:44:00.000000000,100268,188,100232,188,100305,185,100222,185,100307,185,100111,185,100327,100,100096,100,100403,100,100089,48,100456,100,100057,100,100647,100,100044,100,100751,100,99979,400,100774,100,99958,100,101018,100,99925,100
2019-06-28 09:44:05.904875007,100268,188,100232,188,100305,185,100222,185,100307,185,100111,185,100327,100,100096,100,100403,100,100089,48,100456,100,100057,100,100647,100,100044,100,100751,100,99979,400,100774,100,99958,100,101018,100,99925,100
2019-06-28 09:44:10.000000000,100268,152,100232,152,100305,152,100222,152,100307,152,100111,152,100327,152,100096,152,100403,152,100089,100,100456,100,100057,100,100647,100,100044,100,100751,100,99979,400,100774,100,99958,100,101018,100,99925,100
2019-06-28 09:44:20.000000000,100268,188,100232,188,100305,185,100222,185,100307,185,100111,185,100327,100,100096,100,100403,100,100089,48,100456,100,100057,100,100647,100,100044,100,100751,100,99979,400,100774,100,99958,100,101018,100,99925,100
2019-06-28 09:44:30.000000000,100268,165,100232,165,100305,165,100222,165,100307,165,100111,165,100327,165,100096,165,100403,100,100089,48,100456,100,100057,100,100647,100,100044,100,100751,100,99979,400,100774,100,99958,100,101018,100,99925,100
2019-06-28 09:44:33.437561449,100268,165,100232,165,100305,165,100222,165,100307,165,100111,165,100327,165,100096,165,100403,100,100089,48,100456,100,100044,100,100647,100,99979,400,100751,100,99958,100,100774,100,99925,100,101018,100,99842,100
2019-06-28 09:44:34.069563020,100268,165,100232,165,100305,165,100222,165,100307,165,100111,165,100327,165,100096,165,100403,100,100089,48,100456,100,100044,100,100647,100,99979,400,100751,100,99958,100,100774,100,99925,100,101018,100,99842,100
2019-06-28 09:44:37.406932212,100268,165,100232,65,100305,165,100222,165,100307,165,100111,165,100327,165,100096,165,100403,100,100089,48,100456,100,100044,100,100647,100,99979,400,100751,100,99958,100,100774,100,99925,100,101018,100,99842,100
2019-06-28 09:44:40.000000000,100268,165,100222,165,100305,165,100111,165,100307,165,100096,165,100327,165,100089,113,100403,100,100044,100,100456,100,99979,400,100647,100,99958,100,100751,100,99925,100,100774,100,99842,100,101018,100,99834,100
2019-06-28 09:44:45.164887992,100268,165,100222,165,100305,165,100111,165,100307,165,100096,165,100327,165,100089,113,100403,100,100044,100,100456,100,99979,400,100647,100,99958,100,100751,100,99925,100,100774,100,99842,100,101018,100,99834,100
2019-06-28 09:44:50.000000000,100268,165,100222,165,100305,165,100111,165,100307,165,100096,165,100327,165,100089,113,100403,100,100044,100,100456,100,99979,400,100647,100,99958,100,100751,100,99925,100,100774,100,99842,100,101018,100,99834,100
2019-06-28 09:45:00.000000000,100268,188,100222,188,100305,185,100111,185,100307,185,100096,185,100327,100,100089,48,100403,100,100044,100,100456,100,99979,400,100647,100,99958,100,100751,100,99925,100,100774,100,99842,100,101018,100,99834,100
2019-06-28 09:45:10.000000000,100268,152,100222,152,100305,152,100111,152,100307,152,100096,152,100327,152,100089,100,100403,152,100044,152,100456,100,99979,400,100647,100,99958,100,100751,100,99925,100,100774,100,99842,100,101018,100,99834,100
2019-06-28 09:45:13.368609668,100240,100,100222,152,100268,152,100111,152,100305,152,100096,152,100307,152,100089,100,100327,152,100044,152,100403,152,99979,400,100456,100,99958,100,100647,100,99925,100,100751,100,99842,100,100774,100,99834,100
2019-06-28 09:45:20.000000000,100240,359,100222,359,100268,100,100111,100,100305,100,100096,100,100307,100,100089,48,100327,100,100044,100,100403,100,99979,400,100456,100,99958,100,100647,100,99925,100,100751,100,99842,100,100774,100,99834,100
2019-06-28 09:45:30.000000000,100240,230,100222,230,100268,230,100111,230,100305,100,100096,100,100307,100,100089,48,100327,100,100044,100,100403,100,99979,400,100456,100,99958,100,100647,100,99925,100,100751,100,99842,100,100774,100,99834,100
2019-06-28 09:45:36.477584271,100240,230,100222,230,100268,230,100111,230,100305,100,100096,100,100307,100,100089,48,100327,100,100044,100,100403,100,99979,400,100456,100,99958,100,100647,100,99925,100,100751,100,99842,100,100774,100,99834,100
2019-06-28 09:45:38.412895652,100240,330,100222,230,100268,230,100111,130,100305,100,100096,100,100307,100,100089,48,100327,100,100044,100,100403,100,99979,400,100456,100,99958,100,100647,100,99925,100,100751,100,99842,100,100774,100,99834,100
2019-06-28 09:45:40.000000000,100240,330,100222,230,100268,230,100096,230,100305,100,100089,48,100307,100,100044,100,100327,100,99979,400,100403,100,99958,100,100456,100,99925,100,100647,100,99842,100,100751,100,99834,100,100774,100,99774,100
2019-06-28 09:45:50.000000000,100240,252,100222,152,100268,152,100096,152,100305,152,100089,100,100307,152,100044,152,100327,152,99979,452,100403,100,99958,100,100456,100,99925,100,100647,100,99842,100,100751,100,99834,100,100774,100,99774,100
2019-06-28 09:46:00.000000000,100240,265,100222,165,100268,165,100096,165,100305,165,100089,113,100307,165,100044,165,100327,100,99979,400,100403,100,99958,100,100456,100,99925,100,100647,100,99842,100,100751,100,99834,100,100774,100,99774,100
2019-06-28 09:46:10.000000000,100240,459,100222,359,100268,100,100096,100,100305,100,100089,48,100307,100,100044,100,100327,100,99979,400,100403,100,99958,100,100456,100,99925,100,100647,100,99842,100,100751,100,99834,100,100774,100,99774,100
2019-06-28 09:46:10.382980597,100240,559,100222,359,100268,100,100096,100,100305,100,100089,48,100307,100,100044,100,100327,100,99979,400,100403,100,99958,100,100456,100,99925,100,100647,100,99842,100,100751,100,99834,100,100774,100,99774,100
2019-06-28 09:46:20.000000000,100240,559,100222,359,100268,100,100096,100,100305,100,100089,48,100307,100,100044,100,100327,100,99979,400,100403,100,99958,100,100456,100,99925,100,100647,100,99842,100,100751,100,99834,100,100774,100,99774,100
2019-06-28 09:46:27.839716359,100240,559,100222,259,100268,100,100096,100,100305,100,100089,48,100307,100,100044,100,100327,100,99979,400,100403,100,99958,100,100456,100,99925,100,100647,100,99842,100,100751,100,99834,100,100774,100,99774,100
2019-06-28 09:46:30.000000000,100240,559,100096,359,100268,100,100089,48,100305,100,100044,100,100307,100,99979,400,100327,100,99958,100,100403,100,99925,100,100456,100,99842,100,100647,100,99834,100,100751,100,99774,100,100774,100,99667,100
2019-06-28 09:46:31.406824302,100232,100,100096,359,100240,559,100089,48,100268,100,100044,100,100305,100,99979,400,100307,100,99958,100,100327,100,99925,100,100403,100,99842,100,100456,100,99834,100,100647,100,99774,100,100751,100,99667,100
2019-06-28 09:46:40.000000000,100232,152,100096,152,100240,352,100089,100,100268,152,100044,152,100305,152,99979,452,100307,152,99958,152,100327,100,99925,100,100403,100,99842,100,100456,100,99834,100,100647,100,99774,100,100751,100,99667,100
2019-06-28 09:46:50.000000000,100232,359,100096,359,100240,300,100089,48,100268,100,100044,100,100305,100,99979,400,100307,100,99958,100,100327,100,99925,100,100403,100,99842,100,100456,100,99834,100,100647,100,99774,100,100751,100,99667,100
2019-06-28 09:46:50.952247599,100232,359,100096,359,100240,300,100089,48,100268,100,100044,100,100284,100,99979,400,100305,100,99958,100,100307,100,99925,100,100327,100,99842,100,100403,100,99834,100,100456,100,99774,100,100647,100,99667,100
2019-06-28 09:46:52.458058485,100232,259,100096,359,100240,300,100089,48,100268,100,100044,100,100284,100,99979,400,100305,100,99958,100,100307,100,99842,100,100327,100,99834,100,100403,100,99774,100,100456,100,99667,100,100647,100,99519,100
2019-06-28 09:46:56.555659243,100126,100,100096,359,100232,259,100089,48,100240,300,100044,100,100268,100,99979,400,100284,100,99958,100,100305,100,99842,100,100307,100,99834,100,100327,100,99667,100,100403,100,99519,100,100456,100,99373,100
2019-06-28 09:47:00.000000000,100126,359,100096,359,100240,300,100089,48,100268,100,100044,100,100284,100,99979,400,100305,100,99958,100,100307,100,99842,100,100327,100,99834,100,100403,100,99667,100,100456,100,99519,100,100647,100,99373,100
2019-06-28 09:47:10.000000000,100126,359,100096,359,100240,300,100089,48,100268,100,100044,100,100284,100,99979,400,100305,100,99958,100,100307,100,99842,100,100327,100,99834,100,100403,100,99667,100,100456,100,99519,100,100647,100,99373,100
2019-06-28 09:47:20.000000000,100126,230,100096,230,100240,430,100089,178,100268,100,100044,100,100284,100,99979,400,100305,100,99958,100,100307,100,99842,100,100327,100,99834,100,100403,100,99667,100,100456,100,99519,100,100647,100,99373,100
2019-06-28 09:47:29.111152139,100126,230,100096,130,100240,430,100089,178,100268,100,100044,100,100305,100,99979,400,100307,100,99958,100,100327,100,99842,100,100403,100,99834,100,100456,100,99667,100,100647,100,99519,100,100751,100,99373,100
2019-06-28 09:47:30.000000000,100126,165,100089,113,100240,365,100044,165,100268,165,99979,465,100305,165,99958,165,100307,100,99842,100,100327,100,99834,100,100403,100,99667,100,100456,100,99519,100,100647,100,99373,100,100751,100,,
2019-06-28 09:47:40.000000000,100126,188,100089,136,100240,385,100044,185,100268,185,99979,485,100305,100,99958,100,100307,100,99842,100,100327,100,99834,100,100403,100,99667,100,100456,100,99519,100,100647,100,99373,100,100751,100,,
2019-06-28 09:47:40.236896213,100126,188,100089,136,100240,385,100044,185,100268,185,99979,485,100305,100,99958,100,100307,100,99842,100,100327,100,99834,100,100403,100,99685,100,100456,100,99667,100,100751,100,99519,100,100774,100,99373,100
2019-06-28 09:47:48.986364279,100126,188,100089,36,100240,385,100044,185,100268,185,99979,485,100305,100,99958,100,100307,100,99842,100,100327,100,99834,100,100403,100,99685,100,100456,100,99667,100,100751,100,99519,100,100774,100,99373,100
2019-06-28 09:47:50.000000000,100126,165,100044,165,100240,365,99979,465,100268,165,99958,165,100305,165,99842,165,100307,100,99834,100,100327,100,99685,100,100403,100,99667,100,100456,100,99519,100,100751,100,99373,100,100774,100,,
2019-06-28 09:48:00.000000000,100126,152,100044,152,100240,352,99979,452,100268,152,99958,152,100305,152,99842,152,100307,152,99834,152,100327,100,99685,100,100403,100,99667,100,100456,100,99519,100,100751,100,99373,100,100774,100,,
2019-06-28 09:48:06.877499774,100126,152,100044,152,100240,352,99979,452,100268,152,99958,152,100305,152,99843,100,100307,152,99842,152,100327,100,99834,152,100403,100,99685,100,100456,100,99667,100,100751,100,99519,100,100774,100,99373,100
2019-06-28 09:48:08.804786653,100126,152,100044,152,100240,352,99979,452,100268,152,99958,152,100305,152,99843,100,100307,152,99842,152,100327,100,99834,152,100456,100,99685,100,100751,100,99679,100,100774,100,99667,100,101018,100,99519,100
2019-06-28 09:48:10.000000000,100126,152,100044,152,100240,352,99979,452,100268,152,99958,152,100305,152,99843,152,100307,152,99842,152,100327,100,99834,100,100456,100,99685,100,100751,100,99679,100,100774,100,99667,100,101018,100,99519,100
2019-06-28 09:48:20.000000000,100126,165,100044,165,100240,365,99979,465,100268,165,99958,165,100305,165,99843,165,100307,100,99842,100,100327,100,99834,100,100456,100,99685,100,100751,100,99679,100,100774,100,99667,100,101018,100,99519,100
2019-06-28 09:48:30.000000000,100126,359,100044,359,100240,300,99979,400,100268,100,99958,100,100305,100,99843,100,100307,100,99842,100,100327,100,99834,100,100456,100,99685,100,100751,100,99679,100,100774,100,99667,100,101018,100,99519,100
2019-06-28 09:48:40.000000000,100126,230,100044,230,100240,430,99979,530,100268,100,99958,100,100305,100,99843,100,100307,100,99842,100,100327,100,99834,100,100456,100,99685,100,100751,100,99679,100,100774,100,99667,100,101018,100,99519,100
2019-06-28 09:48:50.000000000,100126,165,100044,165,100240,365,99979,465,100268,165,99958,165,100305,165,99843,165,100307,100,99842,100,100327,100,99834,100,100456,100,99685,100,100751,100,99679,100,100774,100,99667,100,101018,100,99519,100
2019-06-28 09:48:52.489745082,100126,165,100044,165,100240,365,99979,465,100268,165,99958,165,100305,165,99887,100,100307,100,99843,165,100327,100,99842,100,100456,100,99834,100,100751,100,99685,100,100774,100,99679,100,101018,100,99667,100
2019-06-28 09:48:53.769424459,100096,100,100044,165,100126,165,99979,465,100240,265,99958,165,100268,165,99887,100,100305,165,99843,165,100307,100,99842,100,100327,100,99834,100,100456,100,99685,100,100751,100,99679,100,100774,100,99667,100
2019-06-28 09:48:55.298509398,100096,100,100044,165,100126,165,99979,465,100240,265,99958,165,100268,165,99887,100,100305,165,99843,165,100307,100,99842,100,100327,100,99834,100,100456,100,99800,100,100751,100,99685,100,100774,100,99679,100
2019-06-28 09:49:00.000000000,100096,152,100044,152,100126,152,99979,452,100240,252,99958,152,100268,152,99887,152,100305,152,99843,152,100307,100,99842,100,100327,100,99834,100,100456,100,99800,100,100751,100,99685,100,100774,100,99679,100
2019-06-28 09:49:01.904271220,100096,152,100044,152,100126,152,99979,452,100240,252,99958,152,100268,152,99887,152,100305,152,99843,152,100307,100,99842,100,100327,100,99834,100,100456,100,99800,100,100751,100,99782,100,100774,100,99685,100
2019-06-28 09:49:06.042467769,100096,152,100044,152,100126,152,99979,452,100240,252,99958,152,100268,152,99887,152,100305,152,99865,100,100307,100,99843,152,100327,100,99842,100,100456,100,99834,100,100751,100,99800,100,100774,100,99782,100
2019-06-28 09:49:10.000000000,100096,165,100044,165,100126,165,99979,465,100240,265,99958,165,100268,165,99887,165,100305,100,99865,100,100307,100,99843,100,100327,100,99842,100,100456,100,99834,100,100751,100,99800,100,100774,100,99782,100
2019-06-28 09:49:20.000000000,100096,359,100044,359,100126,100,99979,400,100240,200,99958,100,100268,100,99887,100,100305,100,99865,100,100307,100,99843,100,100327,100,99842,100,100456,100,99834,100,100751,100,99800,100,100774,100,99782,100
2019-06-28 09:49:30.000000000,100096,165,100044,165,100126,165,99979,465,100240,265,99958,165,100268,165,99887,165,100305,100,99865,100,100307,100,99843,100,100327,100,99842,100,100456,100,99834,100,100751,100,99800,100,100774,100,99782,100
2019-06-28 09:49:34.397480154,100096,165,100044,165,100126,165,99979,465,100240,265,99958,165,100268,165,99887,165,100305,100,99865,100,100307,100,99843,100,100327,100,99842,100,100456,100,99834,100,100751,100,99800,100,100774,100,99782,100
2019-06-28 09:49:40.000000000,100096,230,100044,230,100126,230,99979,530,100240,200,99958,100,100268,100,99887,100,100305,100,99865,100,100307,100,99843,100,100327,100,99842,100,100456,100,99834,100,100751,100,99800,100,100774,100,99782,100
2019-06-28 09:49:50.000000000,100096,165,100044,165,100126,165,99979,465,100240,265,99958,165,100268,165,99887,165,100305,100,99865,100,100307,100,99843,100,100327,100,99842,100,100456,100,99834,100,100751,100,99800,100,100774,100,99782,100
2019-06-28 09:50:00.000000000,100096,188,100044,188,100126,185,99979,485,100240,285,99958,185,100268,100,99887,100,100305,100,99865,100,100307,100,99843,100,100327,100,99842,100,100456,100,99834,100,100751,100,99800,100,100774,100,99782,100
2019-06-28 09:50:10.000000000,100096,188,100044,188,100126,185,99979,485,100240,285,99958,185,100268,100,99887,100,100305,100,99865,100,100307,100,99843,100,100327,100,99842,100,100456,100,99834,100,100751,100,99800,100,100774,100,99782,100
2019-06-28 09:50:13.559122082,100096,88,100044,188,100126,185,99979,485,100240,285,99958,185,100268,100,99887,100,100305,100,99865,100,100307,100,99843,100,100327,100,99842,100,100456,100,99834,100,100751,100,99800,100,100774,100,99782,100
2019-06-28 09:50:20.000000000,100126,152,100044,152,100240,252,99979,452,100268,152,99958,152,100305,152,99887,152,100307,152,99865,152,100327,100,99843,100,100456,100,99842,100,100751,100,99834,100,100774,100,99800,100,101018,100,99782,100
2019-06-28 09:50:30.000000000,100126,152,100044,152,100240,252,99979,452,100268,152,99958,152,100305,152,99887,152,100307,152,99865,152,100327,100,99843,100,100456,100,99842,100,100751,100,99834,100,100774,100,99800,100,101018,100,99782,100
2019-06-28 09:50:40.000000000,100126,188,100044,188,100240,285,99979,485,100268,185,99958,185,100305,100,99887,100,100307,100,99865,100,100327,100,99843,100,100456,100,99842,100,100751,100,99834,100,100774,100,99800,100,101018,100,99782,100
2019-06-28 09:50:40.590866503,100126,188,100044,188,100240,285,99979,485,100268,185,99958,185,100305,100,99887,100,100307,100,99865,100,100327,100,99843,100,100456,100,99842,100,100751,100,99834,100,100774,100,99800,100,101018,100,99685,100
2019-06-28 09:50:49.260582546,100126,88,100044,188,100240,285,99979,485,100268,185,99958,185,100305,100,99887,100,100307,100,99865,100,100327,100,99842,100,100456,100,99834,100,100751,100,99800,100,100774,100,99685,100,101018,100,99679,100
2019-06-28 09:50:50.000000000,100240,288,100044,188,100268,185,99979,485,100305,185,99958,185,100307,100,99887,100,100327,100,99865,100,100456,100,99842,100,100751,100,99834,100,100774,100,99800,100,101018,100,99685,100,101188,100,99679,100
2019-06-28 09:50:53.549560704,100240,288,100044,188,100268,185,99979,485,100305,185,99958,185,100307,100,99887,100,100327,100,99865,100,100456,100,99842,100,100751,100,99800,100,100774,100,99685,100,101018,100,99679,100,101106,100,99519,100
2019-06-28 09:51:00.000000000,100240,252,100044,152,100268,152,99979,452,100305,152,99958,152,100307,152,99887,152,100327,152,99865,152,100456,100,99842,100,100751,100,99800,100,100774,100,99685,100,101018,100,99679,100,101106,100,99519,100
2019-06-28 09:51:10.000000000,100240,265,100044,165,100268,165,99979,465,100305,165,99958,165,100307,165,99887,165,100327,100,99865,100,100456,100,99842,100,100751,100,99800,100,100774,100,99685,100,101018,100,99679,100,101106,100,99519,100
2019-06-28 09:51:20.000000000,100240,265,100044,165,100268,165,99979,465,100305,165,99958,165,100307,165,99887,165,100327,100,99865,100,100456,100,99842,100,100751,100,99800,100,100774,100,99685,100,101018,100,99679,100,101106,100,99519,100
2019-06-28 09:51:20.117119473,100240,265,100044,165,100268,165,99979,465,100305,165,99958,165,100307,165,99887,165,100327,100,99865,100,100456,100,99842,100,100751,100,99800,100,100774,100,99685,100,101018,100,99519,100,101102,100,99373,100
2019-06-28 09:51:30.000000000,100240,330,100044,230,100268,230,99979,530,100305,100,99958,100,100307,100,99887,100,100327,100,99865,100,100456,100,99842,100,100751,100,99800,100,100774,100,99685,100,101018,100,99519,100,101102,100,99373,100
2019-06-28 09:51:34.221718926,100240,330,100096,100,100268,230,100044,230,100305,100,99979,530,100307,100,99958,100,100327,100,99887,100,100456,100,99865,100,100751,100,99842,100,100774,100,99800,100,101018,100,99685,100,101102,100,99519,100
2019-06-28 09:51:40.000000000,100240,330,100096,230,100268,230,100044,230,100305,100,99979,400,100307,100,99958,100,100327,100,99887,100,100456,100,99865,100,100751,100,99842,100,100774,100,99800,100,101018,100,99685,100,101102,100,99519,100
2019-06-28 09:51:50.000000000,100240,330,100096,230,100268,230,100044,230,100305,100,99979,400,100307,100,99958,100,100327,100,99887,100,100456,100,99865,100,100751,100,99842,100,100774,100,99800,100,101018,100,99685,100,101102,100,99519,100
2019-06-28 09:52:00.000000000,100240,288,100096,188,100268,185,100044,185,100305,185,99979,485,100307,100,99958,100,100327,100,99887,100,100456,100,99865,100,100751,100,99842,100,100774,100,99800,100,101018,100,99685,100,101102,100,99519,100
2019-06-28 09:52:03.742628074,100240,288,100096,288,100268,185,100044,185,100305,185,99979,485,100307,100,99958,100,100327,100,99887,100,100456,100,99865,100,100751,100,99842,100,100774,100,99800,100,101018,100,99685,100,101102,100,99519,100
2019-06-28 09:52:10.000000000,100240,265,100096,265,100268,165,100044,165,100305,165,99979,465,100307,165,99958,165,100327,100,99887,100,100456,100,99865,100,100751,100,99842,100,100774,100,99800,100,101018,100,99685,100,101102,100,99519,100
2019-06-28 09:52:16.193114102,100240,165,100096,265,100268,165,100044,165,100305,165,99979,465,100307,65,99958,165,100327,100,99887,100,100456,100,99865,100,100751,100,99842,100,100774,100,99800,100,101018,100,99685,100,101102,100,99519,100
2019-06-28 09:52:20.000000000,100240,188,100096,288,100268,185,100044,185,100305,185,99979,485,100327,100,99958,100,100456,100,99887,100,100751,100,99865,100,100774,100,99842,100,101018,100,99800,100,101102,100,99685,100,101106,100,99519,100
2019-06-28 09:52:30.000000000,100240,152,100096,252,100268,152,100044,152,100305,152,99979,452,100327,152,99958,152,100456,152,99887,152,100751,100,99865,100,100774,100,99842,100,101018,100,99800,100,101102,100,99685,100,101106,100,99519,100
2019-06-28 09:52:33.749462818,100240,152,100096,252,100268,152,100044,152,100305,152,99979,452,100327,152,99958,152,100456,152,99887,152,100751,100,99865,100,100774,100,99842,100,100804,100,99800,100,101018,100,99685,100,101102,100,99519,100
2019-06-28 09:52:33.752134245,100240,152,100126,100,100268,152,100096,152,100305,152,100044,152,100327,152,99979,452,100456,152,99958,152,100751,100,99887,152,100774,100,99865,100,100804,100,99842,100,101018,100,99800,100,101102,100,99685,100
2019-06-28 09:52:40.000000000,100240,165,100126,165,100268,165,100096,165,100305,165,100044,165,100327,165,99979,465,100456,100,99958,100,100751,100,99887,100,100774,100,99865,100,100804,100,99842,100,101018,100,99800,100,101102,100,99685,100
2019-06-28 09:52:40.572982287,100240,65,100126,165,100268,165,100096,165,100305,165,100044,165,100327,165,99979,465,100456,100,99958,100,100751,100,99887,100,100774,100,99865,100,100804,100,99842,100,101018,100,99800,100,101102,100,99685,100
2019-06-28 09:52:43.496836564,100240,65,100126,65,100268,165,100096,165,100305,165,100044,165,100327,165,99979,465,100456,100,99958,100,100751,100,99887,100,100774,100,99865,100,100804,100,99842,100,101018,100,99800,100,101102,100,99685,100
2019-06-28 09:52:50.000000000,100268,152,100096,152,100305,152,100044,152,100327,152,99979,452,100456,152,99958,152,100751,152,99887,152,100774,100,99865,100,100804,100,99842,100,101018,100,99800,100,101102,100,99685,100,101106,100,99519,100
2019-06-28 09:53:00.000000000,100268,359,100096,359,100305,100,100044,100,100327,100,99979,400,100456,100,99958,100,100751,100,99887,100,100774,100,99865,100,100804,100,99842,100,101018,100,99800,100,101102,100,99685,100,101106,100,99519,100
2019-06-28 09:53:02.855053927,100268,359,100096,359,100305,100,100044,100,100327,100,99979,400,100456,100,99958,100,100751,100,99865,100,100774,100,99842,100,100804,100,99800,100,101018,100,99685,100,101029,100,99519,100,101102,100,99373,100
2019-06-28 09:53:10.000000000,100268,359,100096,359,100305,100,100044,100,100327,100,99979,400,100456,100,99958,100,100751,100,99865,100,100774,100,99842,100,100804,100,99800,100,101018,100,99685,100,101029,100,99519,100,101102,100,99373,100
2019-06-28 09:53:11.586178070,100268,259,100096,359,100305,100,100044,100,100327,100,99979,400,100456,100,99958,100,100751,100,99865,100,100774,100,99842,100,100804,100,99800,100,101018,100,99685,100,101029,100,99519,100,101102,100,99373,100
2019-06-28 09:53:14.863876977,100268,259,100096,359,100305,100,100044,100,100327,100,99979,400,100456,100,99958,100,100751,100,99865,100,100804,100,99842,100,100961,100,99800,100,101018,100,99685,100,101029,100,99519,100,101102,100,99373,100
2019-06-28 09:53:20.000000000,100305,188,100096,188,100327,185,100044,185,100456,185,99979,485,100751,100,99958,100,100804,100,99865,100,100961,100,99842,100,101018,100,99800,100,101029,100,99685,100,101102,100,99519,100,101106,100,99373,100
2019-06-28 09:53:25.007079710,100305,88,100096,188,100327,85,100044,185,100456,185,99979,485,100751,100,99958,100,100804,100,99865,100,100961,100,99842,100,101018,100,99800,100,101029,100,99685,100,101102,100,99519,100,101106,100,99373,100
2019-06-28 09:53:30.000000000,100456,152,100096,152,100751,152,100044,152,100804,152,99979,452,100961,152,99958,152,101018,152,99865,152,101029,100,99842,100,101102,100,99800,100,101106,100,99685,100,101188,100,99519,100,101366,100,99373,100
2019-06-28 09:53:31.934717933,100456,152,100403,100,100751,152,100096,152,100804,152,100044,152,100961,152,99979,452,101018,152,99958,152,101029,100,99865,152,101102,100,99842,100,101106,100,99800,100,101188,100,99685,100,101366,100,99519,100
2019-06-28 09:53:40.000000000,100456,188,100403,188,100751,185,100096,185,100804,185,100044,185,100961,100,99979,400,101018,100,99958,100,101029,100,99865,100,101102,100,99842,100,101106,100,99800,100,101188,100,99685,100,101366,100,99519,100
2019-06-28 09:53:48.208426649,100456,188,100403,188,100751,185,100268,100,100804,185,100096,185,100961,100,100044,185,101018,100,99979,400,101029,100,99958,100,101102,100,99865,100,101106,100,99842,100,101188,100,99800,100,101366,100,99685,100
2019-06-28 09:53:50.000000000,100456,165,100403,165,100751,165,100268,165,100804,165,100096,165,100961,165,100044,165,101018,100,99979,400,101029,100,99958,100,101102,100,99865,100,101106,100,99842,100,101188,100,99800,100,101366,100,99685,100
2019-06-28 09:53:50.896134901,100456,65,100403,165,100751,165,100268,165,100804,165,100096,165,100961,165,100044,165,101018,100,99979,400,101102,100,99958,100,101106,100,99865,100,101188,100,99842,100,101366,100,99800,100,101429,100,99685,100
2019-06-28 09:53:56.235166320,100456,65,100403,165,100591,100,100268,165,100751,165,100096,165,100804,165,100044,165,100961,165,99979,400,101018,100,99958,100,101102,100,99865,100,101106,100,99800,100,101188,100,99685,100,101366,100,99519,100
2019-06-28 09:53:56.423179174,100456,65,100403,165,100565,100,100268,165,100591,100,100096,165,100751,165,100044,165,100804,165,99979,400,100961,165,99958,100,101018,100,99865,100,101102,100,99800,100,101106,100,99685,100,101188,100,99519,100
2019-06-28 09:54:00.000000000,100565,152,100403,152,100591,152,100268,152,100751,152,100096,152,100804,152,100044,152,100961,152,99979,452,101018,100,99958,100,101102,100,99865,100,101106,100,99800,100,101188,100,99685,100,101429,100,99519,100
2019-06-28 09:54:03.169074696,100565,152,100449,100,100591,152,100403,152,100751,152,100268,152,100804,152,100096,152,100961,152,100044,152,101018,100,99979,452,101106,100,99958,100,101188,100,99865,100,101429,100,99800,100,101506,100,99685,100
2019-06-28 09:54:10.000000000,100565,165,100449,165,100591,165,100403,165,100751,165,100268,165,100804,165,100096,165,100961,100,100044,100,101018,100,99979,400,101106,100,99958,100,101188,100,99865,100,101429,100,99800,100,101506,100,99685,100
2019-06-28 09:54:14.765002558,100565,165,100540,100,100591,165,100449,165,100751,165,100403,165,100804,165,100268,165,100961,100,100096,165,101018,100,100044,100,101106,100,99979,400,101188,100,99958,100,101429,100,99865,100,101506,100,99800,100
2019-06-28 09:54:18.395040586,100565,165,100449,165,100591,165,100403,165,100751,165,100268,165,100804,165,100096,165,100961,100,100044,100,101018,100,99979,400,101106,100,99958,100,101188,100,99865,100,101429,100,99800,100,101506,100,99685,100
2019-06-28 09:54:20.000000000,100565,230,100449,230,100591,230,100403,230,100751,100,100268,100,100804,100,100096,100,100961,100,100044,100,101018,100,99979,400,101106,100,99958,100,101188,100,99865,100,101429,100,99800,100,101506,100,99685,100
2019-06-28 09:54:24.232025818,100565,230,100449,230,100578,100,100403,230,100591,230,100268,100,100751,100,100096,100,100961,100,100044,100,101018,100,99979,400,101106,100,99958,100,101188,100,99865,100,101429,100,99800,100,101506,100,99685,100
2019-06-28 09:54:30.000000000,100565,230,100449,230,100578,230,100403,230,100591,100,100268,100,100751,100,100096,100,100961,100,100044,100,101018,100,99979,400,101106,100,99958,100,101188,100,99865,100,101429,100,99800,100,101506,100,99685,100
2019-06-28 09:54:37.295579288,100565,230,100449,130,100578,230,100403,230,100591,100,100268,100,100601,100,100096,100,100751,100,100044,100,100961,100,99979,400,101018,100,99958,100,101106,100,99865,100,101188,100,99800,100,101429,100,99685,100
2019-06-28 09:54:39.485721458,100565,230,100449,130,100578,230,100403,230,100591,100,100268,100,100601,100,100096,100,100751,100,100044,100,100752,100,99979,400,101018,100,99958,100,101106,100,99865,100,101188,100,99800,100,101429,100,99685,100
2019-06-28 09:54:40.000000000,100565,230,100403,230,100578,230,100268,230,100591,100,100096,100,100601,100,100044,100,100751,100,99979,400,100752,100,99958,100,101018,100,99865,100,101106,100,99800,100,101188,100,99685,100,101429,100,99519,100
2019-06-28 09:54:42.914746612,100565,230,100403,230,100578,230,100268,230,100591,100,100096,100,100601,100,100044,100,100751,100,99979,300,100752,100,99958,100,101018,100,99865,100,101106,100,99800,100,101188,100,99685,100,101429,100,99519,100
2019-06-28 09:54:50.000000000,100565,359,100403,359,100578,100,100268,100,100591,100,100096,100,100601,100,100044,100,100751,100,99979,300,100752,100,99958,100,101018,100,99865,100,101106,100,99800,100,101188,100,99685,100,101429,100,99519,100
2019-06-28 09:54:52.744335169,100565,359,100403,359,100578,100,100268,100,100591,100,100096,100,100601,100,100044,100,100612,100,99979,300,100751,100,99958,100,100752,100,99865,100,101018,100,99800,100,101106,100,99685,100,101188,100,99519,100
2019-06-28 09:54:56.237842396,100565,359,100403,359,100578,100,100268,100,100591,100,100096,100,100601,100,100044,100,100612,100,99979,300,100629,100,99958,100,100751,100,99865,100,100752,100,99800,100,101106,100,99685,100,101188,100,99519,100
2019-06-28 09:55:00.000000000,100565,188,100403,188,100578,185,100268,185,100591,185,100096,185,100601,100,100044,100,100612,100,99979,300,100629,100,99958,100,100751,100,99865,100,100752,100,99800,100,101106,100,99685,100,101188,100,99519,100
2019-06-28 09:55:10.000000000,100565,230,100403,230,100578,230,100268,230,100591,100,100096,100,100601,100,100044,100,100612,100,99979,300,100629,100,99958,100,100751,100,99865,100,100752,100,99800,100,101106,100,99685,100,101188,100,99519,100
2019-06-28 09:55:20.000000000,100565,152,100403,152,100578,152,100268,152,100591,152,100096,152,100601,152,100044,152,100612,152,99979,352,100629,100,99958,100,100751,100,99865,100,100752,100,99800,100,101106,100,99685,100,101188,100,99519,100
2019-06-28 09:55:30.000000000,100565,165,100403,165,100578,165,100268,165,100591,165,100096,165,100601,165,100044,165,100612,100,99979,300,100629,100,99958,100,100751,100,99865,100,100752,100,99800,100,101106,100,99685,100,101188,100,99519,100
2019-06-28 09:55:40.000000000,100565,152,100403,152,100578,152,100268,152,100591,152,100096,152,100601,152,100044,152,100612,152,99979,352,100629,100,99958,100,100751,100,99865,100,100752,100,99800,100,101106,100,99685,100,101188,100,99519,100
2019-06-28 09:55:50.000000000,100565,165,100403,165,100578,165,100268,165,100591,165,100096,165,100601,165,100044,165,100612,100,99979,300,100629,100,99958,100,100751,100,99865,100,100752,100,99800,100,101106,100,99685,100,101188,100,99519,100
2019-06-28 09:56:00.000000000,100565,152,100403,152,100578,152,100268,152,100591,152,100096,152,100601,152,100044,152,100612,152,99979,352,100629,100,99958,100,100751,100,99865,100,100752,100,99800,100,101106,100,99685,100,101188,100,99519,100
2019-06-28 09:56:04.568807656,100565,152,100403,152,100578,152,100268,152,100591,152,100096,152,100601,152,100044,152,100612,152,99979,352,100629,100,99958,100,100694,100,99865,100,100751,100,99800,100,100752,100,99685,100,101106,100,99519,100
2019-06-28 09:56:10.000000000,100565,359,100403,359,100578,100,100268,100,100591,100,100096,100,100601,100,100044,100,100612,100,99979,300,100629,100,99958,100,100694,100,99865,100,100751,100,99800,100,100752,100,99685,100,101106,100,99519,100
2019-06-28 09:56:20.000000000,100565,188,100403,188,100578,185,100268,185,100591,185,100096,185,100601,100,100044,100,100612,100,99979,300,100629,100,99958,100,100694,100,99865,100,100751,100,99800,100,100752,100,99685,100,101106,100,99519,100
2019-06-28 09:56:22.549500412,100565,88,100403,188,100578,185,100268,185,100591,185,100096,185,100601,100,100044,100,100612,100,99979,300,100629,100,99958,100,100694,100,99865,100,100751,100,99800,100,100752,100,99685,100,101106,100,99519,100
2019-06-28 09:56:30.000000000,100578,230,100403,230,100591,230,100268,230,100601,100,100096,100,100612,100,100044,100,100629,100,99979,300,100694,100,99958,100,100751,100,99865,100,100752,100,99800,100,101106,100,99685,100,101188,100,99519,100
2019-06-28 09:56:34.461609015,100448,100,100403,230,100578,230,100268,230,100591,230,100096,100,100601,100,100044,100,100612,100,99979,300,100629,100,99958,100,100694,100,99865,100,100751,100,99800,100,100752,100,99685,100,101106,100,99519,100
2019-06-28 09:56:38.209662692,100448,100,100403,230,100578,230,100271,100,100591,230,100268,230,100601,100,100096,100,100612,100,100044,100,100629,100,99979,300,100694,100,99958,100,100751,100,99865,100,100752,100,99800,100,101106,100,99685,100
2019-06-28 09:56:40.000000000,100448,188,100403,188,100578,185,100271,185,100591,185,100268,185,100601,100,100096,100,100612,100,100044,100,100629,100,99979,300,100694,100,99958,100,100751,100,99865,100,100752,100,99800,100,101106,100,99685,100
2019-06-28 09:56:49.627604951,100448,188,100403,188,100578,185,100271,185,100591,185,100268,185,100601,100,100096,100,100612,100,100044,100,100629,100,99979,300,100694,100,99958,100,100721,100,99865,100,100751,100,99800,100,100752,100,99685,100
2019-06-28 09:56:50.000000000,100448,152,100403,152,100578,152,100271,152,100591,152,100268,152,100601,152,100096,152,100612,152,100044,152,100629,100,99979,300,100694,100,99958,100,100721,100,99865,100,100751,100,99800,100,100752,100,99685,100
2019-06-28 09:56:51.487258261,100448,52,100403,152,100578,152,100271,152,100591,152,100268,152,100601,152,100096,152,100612,152,100044,152,100629,100,99979,300,100694,100,99958,100,100721,100,99865,100,100751,100,99800,100,100752,100,99685,100
2019-06-28 09:56:55.302148071,100578,152,100448,48,100591,152,100403,152,100601,152,100271,152,100612,152,100268,152,100629,100,100096,152,100694,100,100044,152,100721,100,99979,300,100751,100,99958,100,100752,100,99865,100,101106,100,99800,100
2019-06-28 09:57:00.000000000,100578,359,100448,307,100591,100,100403,100,100601,100,100271,100,100612,100,100268,100,100629,100,100096,100,100694,100,100044,100,100721,100,99979,300,100751,100,99958,100,100752,100,99865,100,101106,100,99800,100
2019-06-28 09:57:02.805681424,100578,359,100448,307,100580,100,100403,100,100591,100,100271,100,100601,100,100268,100,100612,100,100096,100,100629,100,100044,100,100694,100,99979,300,100721,100,99958,100,100751,100,99865,100,100752,100,99800,100
2019-06-28 09:57:09.437619931,100578,259,100448,307,100580,100,100403,100,100591,100,100271,100,100601,100,100268,100,100612,100,100096,100,100629,100,100044,100,100694,100,99979,300,100721,100,99958,100,100751,100,99865,100,100752,100,99800,100
2019-06-28 09:57:10.000000000,100580,165,100448,113,100591,165,100403,165,100601,165,100271,165,100612,165,100268,165,100629,100,100096,100,100694,100,100044,100,100721,100,99979,300,100751,100,99958,100,100752,100,99865,100,100853,100,99800,100
2019-06-28 09:57:20.000000000,100580,165,100448,113,100591,165,100403,165,100601,165,100271,165,100612,165,100268,165,100629,100,100096,100,100694,100,100044,100,100721,100,99979,300,100751,100,99958,100,100752,100,99865,100,100853,100,99800,100
2019-06-28 09:57:30.000000000,100580,188,100448,136,100591,185,100403,185,100601,185,100271,185,100612,100,100268,100,100629,100,100096,100,100694,100,100044,100,100721,100,99979,300,100751,100,99958,100,100752,100,99865,100,100853,100,99800,100
2019-06-28 09:57:31.092018780,100580,188,100448,36,100591,185,100403,185,100601,185,100271,185,100612,100,100268,100,100629,100,100096,100,100694,100,99979,300,100721,100,99958,100,100751,100,99865,100,100752,100,99800,100,100853,100,99685,100
2019-06-28 09:57:35.877836980,100448,64,100403,185,100580,188,100271,85,100591,185,100268,100,100601,185,100096,100,100612,100,99979,300,100629,100,99958,100,100694,100,99865,100,100721,100,99800,100,100751,100,99685,100,100752,100,99519,100
2019-06-28 09:57:37.147672826,100580,188,100448,36,100591,185,100403,185,100601,185,100271,85,100612,100,100268,100,100629,100,100096,100,100694,100,99979,300,100721,100,99958,100,100751,100,99865,100,100752,100,99800,100,100853,100,99685,100
2019-06-28 09:57:40.000000000,100580,230,100448,166,100591,230,100403,230,100601,100,100268,100,100612,100,100096,100,100629,100,99979,300,100694,100,99958,100,100721,100,99865,100,100751,100,99800,100,100752,100,99685,100,100853,100,99519,100
2019-06-28 09:57:41.227252110,100580,230,100448,166,100591,330,100403,230,100601,100,100268,100,100612,100,100096,100,100629,100,99979,300,100694,100,99958,100,100721,100,99865,100,100751,100,99800,100,100752,100,99685,100,100853,100,99519,100
2019-06-28 09:57:50.000000000,100580,230,100448,166,100591,330,100403,230,100601,100,100268,100,100612,100,100096,100,100629,100,99979,300,100694,100,99958,100,100721,100,99865,100,100751,100,99800,100,100752,100,99685,100,100853,100,99519,100
2019-06-28 09:58:00.000000000,100580,359,100448,295,100591,200,100403,100,100601,100,100268,100,100612,100,100096,100,100629,100,99979,300,100694,100,99958,100,100721,100,99865,100,100751,100,99800,100,100752,100,99685,100,100853,100,99519,100
2019-06-28 09:58:09.201368167,100580,259,100448,295,100591,200,100403,100,100601,100,100268,100,100612,100,100096,100,100629,100,99979,300,100694,100,99958,100,100721,100,99865,100,100751,100,99800,100,100752,100,99778,100,100853,100,99685,100
2019-06-28 09:58:10.000000000,100591,252,100448,88,100601,152,100403,152,100612,152,100268,152,100629,152,100096,152,100694,152,99979,352,100721,100,99958,100,100751,100,99865,100,100752,100,99800,100,100853,100,99778,100,101106,100,99685,100
2019-06-28 09:58:13.213102152,100591,252,100448,88,100601,152,100403,152,100612,152,100268,152,100629,152,100096,52,100694,152,99979,352,100721,100,99958,100,100751,100,99865,100,100752,100,99800,100,100853,100,99778,100,101106,100,99685,100
2019-06-28 09:58:20.000000000,100591,459,100448,295,100601,100,100403,100,100612,100,100268,100,100629,100,99979,300,100694,100,99958,100,100721,100,99865,100,100751,100,99800,100,100752,100,99778,100,100853,100,99685,100,101106,100,99519,100
2019-06-28 09:58:30.000000000,100591,330,100448,166,100601,230,100403,230,100612,100,100268,100,100629,100,99979,300,100694,100,99958,100,100721,100,99865,100,100751,100,99800,100,100752,100,99778,100,100853,100,99685,100,101106,100,99519,100
2019-06-28 09:58:40.000000000,100591,330,100448,166,100601,230,100403,230,100612,100,100268,100,100629,100,99979,300,100694,100,99958,100,100721,100,99865,100,100751,100,99800,100,100752,100,99778,100,100853,100,99685,100,101106,100,99519,100
2019-06-28 09:58:50.000000000,100591,288,100448,124,100601,185,100403,185,100612,185,100268,185,100629,100,99979,300,100694,100,99958,100,100721,100,99865,100,100751,100,99800,100,100752,100,99778,100,100853,100,99685,100,101106,100,99519,100
2019-06-28 09:59:00.000000000,100591,265,100448,101,100601,165,100403,165,100612,165,100268,165,100629,165,99979,365,100694,100,99958,100,100721,100,99865,100,100751,100,99800,100,100752,100,99778,100,100853,100,99685,100,101106,100,99519,100
2019-06-28 09:59:10.000000000,100591,330,100448,166,100601,230,100403,230,100612,100,100268,100,100629,100,99979,300,100694,100,99958,100,100721,100,99865,100,100751,100,99800,100,100752,100,99778,100,100853,100,99685,100,101106,100,99519,100
2019-06-28 09:59:14.191779944,100591,330,100448,66,100601,230,100403,230,100612,100,100268,100,100629,100,99979,300,100694,100,99958,100,100721,100,99865,100,100751,100,99800,100,100752,100,99778,100,100853,100,99685,100,101106,100,99519,100
2019-06-28 09:59:20.000000000,100591,330,100403,230,100601,230,100268,230,100612,100,99979,300,100629,100,99958,100,100694,100,99865,100,100721,100,99800,100,100751,100,99778,100,100752,100,99685,100,100853,100,99519,100,101106,100,,
2019-06-28 09:59:28.031097876,100591,330,100403,230,100601,230,100268,230,100612,100,100021,100,100629,100,99979,300,100694,100,99958,100,100721,100,99865,100,100751,100,99800,100,100752,100,99778,100,100853,100,99685,100,101106,100,99519,100
2019-06-28 09:59:30.000000000,100591,265,100403,165,100601,165,100268,165,100612,165,100021,165,100629,165,99979,365,100694,100,99958,100,100721,100,99865,100,100751,100,99800,100,100752,100,99778,100,100853,100,99685,100,101106,100,99519,100
2019-06-28 09:59:33.109956879,100591,165,100403,165,100601,165,100268,165,100612,165,100021,165,100629,165,99979,365,100694,100,99958,100,100721,100,99913,100,100751,100,99865,100,100752,100,99800,100,100853,100,99778,100,101106,100,99685,100
2019-06-28 09:59:40.000000000,100591,359,100403,359,100601,100,100268,100,100612,100,100021,100,100629,100,99979,300,100694,100,99958,100,100721,100,99913,100,100751,100,99865,100,100752,100,99800,100,100853,100,99778,100,101106,100,99685,100
2019-06-28 09:59:50.000000000,100591,359,100403,359,100601,100,100268,100,100612,100,100021,100,100629,100,99979,300,100694,100,99958,100,100721,100,99913,100,100751,100,99865,100,100752,100,99800,100,100853,100,99778,100,101106,100,99685,100
2019-06-28 10:00:00.000000000,100591,165,100403,165,100601,165,100268,165,100612,165,100021,165,100629,165,99979,365,100694,100,99958,100,100721,100,99913,100,100751,100,99865,100,100752,100,99800,100,100853,100,99778,100,101106,100,99685,100
2019-06-28 10:00:10.000000000,100591,152,100403,152,100601,152,100268,152,100612,152,100021,152,100629,152,99979,352,100694,152,99958,152,100721,100,99913,100,100751,100,99865,100,100752,100,99800,100,100853,100,99778,100,101106,100,99685,100
2019-06-28 10:00:20.000000000,100591,165,100403,165,100601,165,100268,165,100612,165,100021,165,100629,165,99979,365,100694,100,99958,100,100721,100,99913,100,100751,100,99865,100,100752,100,99800,100,100853,100,99778,100,101106,100,99685,100
2019-06-28 10:00:30.000000000,100591,188,100403,188,100601,185,100268,185,100612,185,100021,185,100629,100,99979,300,100694,100,99958,100,100721,100,99913,100,100751,100,99865,100,100752,100,99800,100,100853,100,99778,100,101106,100,99685,100
2019-06-28 10:00:40.000000000,100591,152,100403,152,100601,152,100268,152,100612,152,100021,152,100629,152,99979,352,100694,152,99958,152,100721,100,99913,100,100751,100,99865,100,100752,100,99800,100,100853,100,99778,100,101106,100,99685,100
2019-06-28 10:00:49.556672313,100448,100,100403,152,100591,152,100268,152,100601,152,100021,152,100612,152,99979,252,100629,152,99958,152,100694,152,99913,100,100721,100,99865,100,100751,100,99800,100,100752,100,99778,100,100853,100,99685,100
2019-06-28 10:00:50.000000000,100448,188,100403,188,100591,185,100268,185,100601,185,100021,185,100612,100,99979,200,100629,100,99958,100,100694,100,99913,100,100721,100,99865,100,100751,100,99800,100,100752,100,99778,100,100853,100,99685,100
2019-06-28 10:01:00.000000000,100448,359,100403,359,100591,100,100268,100,100601,100,100021,100,100612,100,99979,200,100629,100,99958,100,100694,100,99913,100,100721,100,99865,100,100751,100,99800,100,100752,100,99778,100,100853,100,99685,100
2019-06-28 10:01:08.453719015,100448,359,100403,359,100591,100,100268,100,100601,100,100021,100,100612,100,99979,200,100629,100,99958,100,100694,100,99913,100,100721,100,99865,100,100751,100,99800,100,100752,100,99778,100,100853,100,99685,100
2019-06-28 10:01:10.000000000,100448,230,100403,230,100591,230,100268,230,100601,100,100021,100,100612,100,99979,200,100629,100,99958,100,100694,100,99913,100,100721,100,99865,100,100751,100,99800,100,100752,100,99778,100,100853,100,99685,100
2019-06-28 10:01:20.000000000,100448,152,100403,152,100591,152,100268,152,100601,152,100021,152,100612,152,99979,252,100629,152,99958,152,100694,100,99913,100,100721,100,99865,100,100751,100,99800,100,100752,100,99778,100,100853,100,99685,100
2019-06-28 10:01:27.290343914,100448,152,100403,52,100591,152,100268,152,100601,152,100021,152,100612,152,99979,252,100629,152,99958,152,100694,100,99913,100,100721,100,99865,100,100751,100,99800,100,100752,100,99778,100,100853,100,99685,100
2019-06-28 10:01:30.000000000,100448,152,100268,152,100591,152,100021,152,100601,152,99979,252,100612,152,99958,152,100629,152,99913,152,100694,100,99865,100,100721,100,99800,100,100751,100,99778,100,100752,100,99685,100,100853,100,99519,100
2019-06-28 10:01:40.000000000,100448,230,100268,230,100591,230,100021,230,100601,100,99979,200,100612,100,99958,100,100629,100,99913,100,100694,100,99865,100,100721,100,99800,100,100751,100,99778,100,100752,100,99685,100,100853,100,99519,100
2019-06-28 10:01:50.000000000,100448,188,100268,188,100591,185,100021,185,100601,185,99979,285,100612,100,99958,100,100629,100,99913,100,100694,100,99865,100,100721,100,99800,100,100751,100,99778,100,100752,100,99685,100,100853,100,99519,100
2019-06-28 10:01:57.281566207,100447,100,100268,188,100448,188,100021,185,100591,185,99979,285,100601,185,99958,100,100612,100,99913,100,100629,100,99865,100,100694,100,99800,100,100721,100,99778,100,100751,100,99685,100,100752,100,99519,100
2019-06-28 10:02:00.000000000,100447,152,100268,152,100448,152,100021,152,100591,152,99979,252,100601,152,99958,152,100612,152,99913,152,100629,100,99865,100,100694,100,99800,100,100721,100,99778,100,100751,100,99685,100,100752,100,99519,100
2019-06-28 10:02:04.491629331,100447,152,100268,152,100448,152,100021,152,100591,152,99979,252,100601,152,99958,152,100612,152,99913,152,100629,100,99865,100,100694,100,99800,100,100721,100,99778,100,100751,100,99685,100,100752,100,99519,100
2019-06-28 10:02:09.078466243,100447,152,100268,152,100448,152,100021,152,100591,152,99979,252,100601,152,99958,152,100612,152,99913,152,100629,100,99865,100,100694,100,99800,100,100721,100,99778,100,100751,100,99685,100,100752,100,99519,100
2019-06-28 10:02:10.000000000,100447,152,100268,152,100448,152,100021,152,100591,152,99979,252,100601,152,99958,152,100612,152,99913,152,100629,100,99865,100,100694,100,99800,100,100721,100,99778,100,100751,100,99685,100,100752,100,99519,100
2019-06-28 10:02:10.809182456,100447,152,100268,152,100448,152,100021,152,100591,152,99979,252,100601,152,99958,152,100612,152,99913,152,100629,100,99865,100,100694,100,99800,100,100721,100,99778,100,100751,100,99685,100,100752,100,99519,100
2019-06-28 10:02:11.965778718,100447,152,100268,152,100448,152,100021,152,100591,152,99979,252,100601,152,99958,152,100612,152,99913,152,100629,100,99865,100,100694,100,99800,100,100721,100,99778,100,100751,100,99685,100,100752,100,99519,100
2019-06-28 10:02:20.000000000,100447,152,100268,152,100448,152,100021,152,100591,152,99979,252,100601,152,99958,152,100612,152,99913,152,100629,100,99865,100,100694,100,99800,100,100721,100,99778,100,100751,100,99685,100,100752,100,99519,100
2019-06-28 10:02:20.640185537,100447,152,100268,152,100448,152,100021,152,100591,152,99979,252,100601,152,99958,152,100612,152,99913,152,100629,100,99865,100,100694,100,99800,100,100721,100,99778,100,100751,100,99685,100,100752,100,99519,100
2019-06-28 10:02:24.670233750,100447,152,100268,152,100448,152,100021,152,100591,152,99979,252,100601,152,99958,152,100612,152,99913,152,100629,100,99865,100,100694,100,99800,100,100721,100,99778,100,100751,100,99685,100,100752,100,99632,100
2019-06-28 10:02:30.000000000,100447,230,100268,230,100448,230,100021,230,100591,100,99979,200,100601,100,99958,100,100612,100,99913,100,100629,100,99865,100,100694,100,99800,100,100721,100,99778,100,100751,100,99685,100,100752,100,99632,100
2019-06-28 10:02:32.667777931,100447,230,100268,130,100448,230,100021,230,100591,100,99979,200,100601,100,99958,100,100629,100,99913,100,100694,100,99865,100,100721,100,99800,100,100751,100,99778,100,100752,100,99685,100,101106,100,99632,100
2019-06-28 10:02:36.586625562,100403,100,100268,130,100447,230,100021,230,100448,230,99979,200,100591,100,99958,100,100601,100,99913,100,100629,100,99865,100,100694,100,99800,100,100721,100,99778,100,100751,100,99685,100,100752,100,99632,100
2019-06-28 10:02:40.000000000,100403,188,100021,188,100447,185,99979,285,100448,185,99958,185,100591,100,99913,100,100601,100,99865,100,100629,100,99800,100,100694,100,99778,100,100721,100,99685,100,100751,100,99632,100,100752,100,99519,100
2019-06-28 10:02:50.000000000,100403,165,100021,165,100447,165,99979,265,100448,165,99958,165,100591,165,99913,165,100601,100,99865,100,100629,100,99800,100,100694,100,99778,100,100721,100,99685,100,100751,100,99632,100,100752,100,99519,100
2019-06-28 10:03:00.000000000,100403,152,100021,152,100447,152,99979,252,100448,152,99958,152,100591,152,99913,152,100601,152,99865,152,100629,100,99800,100,100694,100,99778,100,100721,100,99685,100,100751,100,99632,100,100752,100,99519,100
2019-06-28 10:03:10.000000000,100403,165,100021,165,100447,165,99979,265,100448,165,99958,165,100591,165,99913,165,100601,100,99865,100,100629,100,99800,100,100694,100,99778,100,100721,100,99685,100,100751,100,99632,100,100752,100,99519,100
2019-06-28 10:03:19.189583365,100403,165,100021,65,100447,165,99979,265,100448,165,99958,165,100591,165,99913,165,100629,100,99865,100,100694,100,99800,100,100721,100,99778,100,100751,100,99685,100,100752,100,99632,100,101106,100,99519,100
2019-06-28 10:03:20.000000000,100403,152,99979,252,100447,152,99958,152,100448,152,99913,152,100591,152,99865,152,100629,152,99800,152,100694,100,99778,100,100721,100,99685,100,100751,100,99632,100,100752,100,99519,100,101106,100,99457,100
2019-06-28 10:03:24.972506018,100403,152,99979,152,100447,152,99958,152,100448,152,99913,152,100591,152,99865,152,100629,152,99800,152,100694,100,99778,100,100721,100,99685,100,100751,100,99632,100,100752,100,99519,100,101106,100,99457,100
2019-06-28 10:03:30.000000000,100403,230,99979,230,100447,230,99958,230,100448,100,99913,100,100591,100,99865,100,100629,100,99800,100,100694,100,99778,100,100721,100,99685,100,100751,100,99632,100,100752,100,99519,100,101106,100,99457,100
2019-06-28 10:03:40.000000000,100403,152,99979,152,100447,152,99958,152,100448,152,99913,152,100591,152,99865,152,100629,152,99800,152,100694,100,99778,100,100721,100,99685,100,100751,100,99632,100,100752,100,99519,100,101106,100,99457,100
2019-06-28 10:03:49.000208022,100021,100,99979,152,100403,152,99958,152,100447,152,99913,152,100448,152,99865,152,100591,152,99800,152,100629,152,99778,100,100694,100,99685,100,100721,100,99632,100,100751,100,99519,100,100752,100,99457,100
2019-06-28 10:03:50.000000000,100021,165,99979,165,100403,165,99958,165,100447,165,99913,165,100448,165,99865,165,100591,100,99800,100,100629,100,99778,100,100694,100,99685,100,100721,100,99632,100,100751,100,99519,100,100752,100,99457,100
2019-06-28 10:03:52.837600183,100021,165,99979,65,100403,165,99958,165,100447,165,99913,165,100448,165,99865,165,100591,100,99800,100,100629,100,99778,100,100694,100,99685,100,100721,100,99632,100,100751,100,99519,100,100752,100,99457,100
2019-06-28 10:04:00.000000000,100021,152,99958,152,100403,152,99913,152,100447,152,99865,152,100448,152,99800,152,100591,152,99778,152,100629,100,99685,100,100694,100,99632,100,100721,100,99519,100,100751,100,99457,100,100752,100,99419,100
2019-06-28 10:04:10.000000000,100021,359,99958,359,100403,100,99913,100,100447,100,99865,100,100448,100,99800,100,100591,100,99778,100,100629,100,99685,100,100694,100,99632,100,100721,100,99519,100,100751,100,99457,100,100752,100,99419,100
2019-06-28 10:04:20.000000000,100021,165,99958,165,100403,165,99913,165,100447,165,99865,165,100448,165,99800,165,100591,100,99778,100,100629,100,99685,100,100694,100,99632,100,100721,100,99519,100,100751,100,99457,100,100752,100,99419,100
2019-06-28 10:04:27.926426905,100021,165,99958,65,100403,165,99913,165,100447,165,99865,165,100448,165,99800,165,100591,100,99778,100,100629,100,99685,100,100694,100,99632,100,100721,100,99519,100,100751,100,99457,100,100752,100,99419,100
2019-06-28 10:04:30.000000000,100021,188,99913,188,100403,185,99865,185,100447,185,99800,185,100448,100,99778,100,100591,100,99685,100,100629,100,99632,100,100694,100,99519,100,100721,100,99457,100,100751,100,99419,100,100752,100,99417,100
2019-06-28 10:04:38.037137001,99979,100,99913,188,100021,188,99865,185,100403,85,99800,185,100447,185,99778,100,100448,100,99685,100,100591,100,99632,100,100629,100,99519,100,100694,100,99457,100,100721,100,99419,100,100751,100,99417,100
2019-06-28 10:04:40.000000000,99979,152,99913,152,100021,152,99865,152,100447,152,99800,152,100448,152,99778,152,100591,152,99685,152,100629,100,99632,100,100694,100,99519,100,100721,100,99457,100,100751,100,99419,100,100752,100,99417,100
2019-06-28 10:04:43.529800435,99979,252,99913,152,100021,152,99865,152,100447,152,99800,152,100448,152,99778,152,100591,152,99685,152,100629,100,99632,100,100694,100,99519,100,100721,100,99457,100,100751,100,99419,100,100752,100,99417,100
2019-06-28 10:04:50.000000000,99979,265,99913,165,100021,165,99865,165,100447,165,99800,165,100448,165,99778,165,100591,100,99685,100,100629,100,99632,100,100694,100,99519,100,100721,100,99457,100,100751,100,99419,100,100752,100,99417,100
2019-06-28 10:04:58.315393758,99979,365,99913,165,100021,165,99865,165,100447,165,99800,165,100448,165,99778,165,100591,100,99685,100,100629,100,99632,100,100694,100,99519,100,100721,100,99457,100,100751,100,99419,100,100752,100,99417,100
2019-06-28 10:05:00.000000000,99979,352,99913,152,100021,152,99865,152,100447,152,99800,152,100448,152,99778,152,100591,152,99685,152,100629,100,99632,100,100694,100,99519,100,100721,100,99457,100,100751,100,99419,100,100752,100,99417,100
2019-06-28 10:05:00.185472675,99979,352,99913,152,100021,152,99865,152,100447,152,99800,152,100448,152,99778,152,100591,152,99685,152,100629,100,99632,100,100694,100,99519,100,100721,100,99457,100,100751,100,99419,100,100752,100,99417,100
2019-06-28 10:05:10.000000000,99979,365,99913,165,100021,165,99865,165,100447,165,99800,165,100448,165,99778,165,100591,100,99685,100,100629,100,99632,100,100694,100,99519,100,100721,100,99457,100,100751,100,99419,100,100752,100,99417,100
2019-06-28 10:05:18.205142649,99979,365,99913,65,100021,165,99865,165,100447,165,99800,165,100448,165,99778,165,100591,100,99685,100,100629,100,99632,100,100694,100,99519,100,100721,100,99457,100,100751,100,99419,100,100752,100,99417,100
2019-06-28 10:05:20.000000000,99979,430,99865,230,100021,230,99800,230,100447,100,99778,100,100448,100,99685,100,100591,100,99632,100,100629,100,99519,100,100694,100,99457,100,100721,100,99419,100,100751,100,99417,100,100752,100,99383,100
2019-06-28 10:05:30.000000000,99979,430,99865,230,100021,230,99800,230,100447,100,99778,100,100448,100,99685,100,100591,100,99632,100,100629,100,99519,100,100694,100,99457,100,100721,100,99419,100,100751,100,99417,100,100752,100,99383,100
2019-06-28 10:05:40.000000000,99979,352,99865,152,100021,152,99800,152,100447,152,99778,152,100448,152,99685,152,100591,152,99632,152,100629,100,99519,100,100694,100,99457,100,100721,100,99419,100,100751,100,99417,100,100752,100,99383,100
2019-06-28 10:05:42.984051080,99979,352,99865,152,100021,152,99800,152,100447,152,99778,152,100448,52,99685,152,100591,152,99632,152,100629,100,99519,100,100694,100,99457,100,100721,100,99419,100,100751,100,99417,100,100752,100,99383,100
2019-06-28 10:05:44.980659787,99979,352,99865,152,100021,152,99800,152,100447,152,99778,152,100448,52,99685,152,100591,152,99632,152,100629,100,99519,100,100694,100,99457,100,100721,100,99419,100,100751,100,99417,100,100752,100,99383,100
2019-06-28 10:05:50.000000000,99979,365,99865,165,100021,165,99800,165,100447,165,99778,165,100591,165,99685,165,100629,100,99632,100,100694,100,99519,100,100721,100,99457,100,100751,100,99419,100,100752,100,99417,100,101106,100,99383,100
2019-06-28 10:06:00.000000000,99979,388,99865,188,100021,185,99800,185,100447,185,99778,185,100591,100,99685,100,100629,100,99632,100,100694,100,99519,100,100721,100,99457,100,100751,100,99419,100,100752,100,99417,100,101106,100,99383,100
2019-06-28 10:06:10.000000000,99979,365,99865,165,100021,165,99800,165,100447,165,99778,165,100591,165,99685,165,100629,100,99632,100,100694,100,99519,100,100721,100,99457,100,100751,100,99419,100,100752,100,99417,100,101106,100,99383,100
2019-06-28 10:06:20.000000000,99979,365,99865,165,100021,165,99800,165,100447,165,99778,165,100591,165,99685,165,100629,100,99632,100,100694,100,99519,100,100721,100,99457,100,100751,100,99419,100,100752,100,99417,100,101106,100,99383,100
2019-06-28 10:06:21.259626804,99979,365,99865,65,100021,165,99800,165,100447,165,99778,165,100591,165,99685,165,100629,100,99632,100,100694,100,99519,100,100721,100,99457,100,100751,100,99419,100,100752,100,99417,100,101106,100,99383,100
2019-06-28 10:06:30.000000000,99979,352,99800,152,100021,152,99778,152,100447,152,99685,152,100591,152,99632,152,100629,152,99519,152,100694,100,99457,100,100721,100,99419,100,100751,100,99417,100,100752,100,99383,100,101106,100,99327,100
2019-06-28 10:06:40.000000000,99979,430,99800,230,100021,230,99778,230,100447,100,99685,100,100591,100,99632,100,100629,100,99519,100,100694,100,99457,100,100721,100,99419,100,100751,100,99417,100,100752,100,99383,100,101106,100,99327,100
