,ask_price_1,ask_size_1,bid_price_1,bid_size_1,ask_price_2,ask_size_2,bid_price_2,bid_size_2,ask_price_3,ask_size_3,bid_price_3,bid_size_3,ask_price_4,ask_size_4,bid_price_4,bid_size_4,ask_price_5,ask_size_5,bid_price_5,bid_size_5,ask_price_6,ask_size_6,bid_price_6,bid_size_6,ask_price_7,ask_size_7,bid_price_7,bid_size_7,ask_price_8,ask_size_8,bid_price_8,bid_size_8,ask_price_9,ask_size_9,bid_price_9,bid_size_9,ask_price_10,ask_size_10,bid_price_10,bid_size_10
2019-06-28 09:30:00.000000002,,,99922,100,,,,,,,,,,,,,,,,,,,,,,,,,,,,,,,,,,,,
2019-06-28 09:30:00.000000003,,,99940,100,,,99922,100,,,99887,100,,,,,,,,,,,,,,,,,,,,,,,,,,,,
2019-06-28 09:30:00.000000004,,,99940,100,,,99922,100,,,99887,100,,,99870,100,,,,,,,,,,,,,,,,,,,,,,,,
2019-06-28 09:30:00.000000008,,,100038,100,,,99940,100,,,99922,100,,,99887,100,,,99870,100,,,,,,,,,,,,,,,,,,,,
2019-06-28 09:30:00.000000011,,,100038,100,,,100008,100,,,99940,100,,,99922,100,,,99887,100,,,99870,100,,,,,,,,,,,,,,,,
2019-06-28 09:30:00.000000012,,,100135,100,,,100038,100,,,100008,100,,,99940,100,,,99922,100,,,99887,100,,,99870,100,,,,,,,,,,,,
2019-06-28 09:30:00.000000014,,,100135,100,,,100056,100,,,100038,100,,,100008,100,,,99940,100,,,99922,100,,,99887,100,,,99870,100,,,,,,,,
2019-06-28 09:30:00.000000017,,,100056,100,,,100038,100,,,100008,100,,,99940,100,,,99922,100,,,99887,100,,,99870,100,,,,,,,,,,,,
2019-06-28 09:30:00.000000018,100086,100,100056,100,100187,100,100038,100,,,100008,100,,,99940,100,,,99922,100,,,99887,100,,,99870,100,,,,,,,,,,,,
2019-06-28 09:30:00.000000019,100086,100,100056,100,100187,100,100038,100,,,100008,100,,,99940,100,,,99922,100,,,99887,100,,,99870,100,,,99842,100,,,,,,,,
2019-06-28 09:30:00.000000022,100086,100,100038,100,100187,100,100008,100,,,99940,100,,,99922,100,,,99887,100,,,99870,100,,,99842,100,,,,,,,,,,,,
2019-06-28 09:30:00.000000023,100086,100,100038,100,100187,100,100008,100,,,99963,100,,,99940,100,,,99922,100,,,99887,100,,,99870,100,,,99842,100,,,,,,,,
2019-06-28 09:30:00.000000024,100086,100,100038,100,100187,100,100008,100,,,99963,100,,,99949,100,,,99940,100,,,99922,100,,,99887,100,,,99870,100,,,99842,100,,,,
2019-06-28 09:30:00.000000027,100086,100,100038,100,100187,100,100008,100,,,100002,100,,,99977,100,,,99963,100,,,99949,100,,,99940,100,,,99922,100,,,99887,100,,,99870,100
2019-06-28 09:30:00.000000028,100084,100,100038,100,100086,100,100008,100,100187,100,100002,100,,,99977,100,,,99963,100,,,99949,100,,,99940,100,,,99922,100,,,99887,100,,,99870,100
2019-06-28 09:30:00.000000029,100084,100,100038,100,100086,100,100008,100,100135,100,100002,100,100187,100,99977,100,,,99963,100,,,99949,100,,,99940,100,,,99922,100,,,99887,100,,,99870,100
2019-06-28 09:30:00.000000030,100084,100,100038,100,100086,100,100008,100,100134,100,100002,100,100135,100,99977,100,100187,100,99963,100,,,99949,100,,,99940,100,,,99922,100,,,99887,100,,,99870,100
2019-06-28 09:30:00.000000032,100084,100,100038,100,100086,100,100008,100,100134,100,100002,100,100135,100,99977,100,100187,100,99971,100,,,99963,100,,,99949,100,,,99940,100,,,99922,100,,,99887,100
2019-06-28 09:30:00.000000036,100084,100,100008,100,100086,100,100002,100,100087,100,99977,100,100134,100,99971,100,100135,100,99963,100,100187,100,99949,100,,,99940,100,,,99922,100,,,99887,100,,,99870,100
2019-06-28 09:30:00.000000041,100084,100,100008,100,100086,100,100002,100,100087,100,99999,100,100134,100,99977,100,100135,100,99971,100,100187,100,99963,100,,,99949,100,,,99940,100,,,99922,100,,,99887,100
2019-06-28 09:30:00.000000043,100041,100,100008,100,100053,100,100002,100,100084,100,99999,100,100086,100,99977,100,100087,100,99971,100,100134,100,99963,100,100135,100,99957,100,100187,100,99949,100,,,99940,100,,,99922,100
2019-06-28 09:30:00.000000046,100041,100,100008,100,100053,100,100002,100,100084,100,99999,100,100086,100,99977,100,100087,100,99971,100,100123,100,99963,100,100134,100,99957,100,100135,100,99949,100,100187,100,99940,100,,,99922,100
2019-06-28 09:30:00.000000047,100041,100,100008,100,100053,100,100002,100,100084,100,99999,100,100086,100,99977,100,100087,100,99971,100,100123,100,99963,100,100134,100,99957,100,100135,100,99949,100,100187,100,99940,100,,,99922,100
2019-06-28 09:30:00.000000048,100041,100,100008,100,100053,100,100002,100,100070,100,99999,100,100084,100,99977,100,100086,100,99971,100,100087,100,99963,100,100123,100,99957,100,100134,100,99949,100,100135,100,99940,100,100187,100,99922,100
2019-06-28 09:30:00.000000049,100041,100,100038,100,100053,100,100008,100,100070,100,100002,100,100084,100,99999,100,100086,100,99977,100,100087,100,99971,100,100123,100,99963,100,100134,100,99957,100,100135,100,99949,100,100187,100,99940,100
2019-06-28 09:30:00.000000050,100041,100,100038,100,100053,100,100008,100,100070,100,100002,100,100084,100,99999,100,100085,100,99977,100,100086,100,99971,100,100087,100,99963,100,100123,100,99957,100,100134,100,99949,100,100135,100,99940,100
2019-06-28 09:30:00.000000051,100041,100,100038,100,100053,100,100008,100,100070,100,100002,100,100084,100,99999,100,100085,100,99977,100,100086,100,99971,100,100087,100,99963,100,100123,100,99957,100,100134,100,99949,100,100135,100,99940,100
2019-06-28 09:30:00.000000052,100041,100,100038,100,100053,100,100008,100,100056,100,100002,100,100070,100,99999,100,100084,100,99977,100,100085,100,99971,100,100086,100,99963,100,100087,100,99957,100,100123,100,99949,100,100134,100,99940,100
2019-06-28 09:30:00.000000056,100041,100,100038,100,100053,100,100008,100,100056,100,100002,100,100070,100,99999,100,100084,100,99977,100,100085,100,99971,100,100086,100,99963,100,100087,100,99957,100,100123,200,99949,100,100134,100,99940,100
2019-06-28 09:30:00.000000061,100041,100,100038,100,100053,100,100008,100,100056,100,100002,100,100070,100,99999,100,100084,100,99977,100,100085,100,99971,100,100086,100,99963,100,100087,100,99957,100,100123,200,99949,100,100131,100,99940,100
2019-06-28 09:30:00.000000064,100041,100,100008,100,100053,100,100002,100,100056,100,99999,100,100070,100,99977,100,100084,100,99971,100,100085,100,99963,100,100086,100,99957,100,100087,100,99949,100,100123,200,99940,100,100131,100,99922,100
2019-06-28 09:30:00.000000066,100041,100,100008,100,100053,100,100002,100,100056,100,99999,100,100070,100,99977,100,100084,100,99971,100,100085,100,99963,100,100086,100,99957,100,100087,100,99949,100,100123,200,99940,100,100131,100,99922,100
2019-06-28 09:30:00.000000068,100038,100,100008,100,100041,100,100002,100,100053,100,99999,100,100056,100,99977,100,100070,100,99971,100,100084,100,99963,100,100085,100,99957,100,100086,100,99949,100,100087,100,99940,100,100123,200,99922,100
2019-06-28 09:30:00.000000076,100038,100,100008,100,100041,100,100002,100,100053,100,99999,100,100056,100,99977,100,100070,100,99971,100,100084,100,99963,100,100085,100,99957,100,100086,100,99949,100,100087,100,99940,100,100123,200,99922,100
2019-06-28 09:30:00.000000077,100038,100,100008,100,100041,100,100002,100,100046,100,99999,100,100053,100,99977,100,100056,100,99971,100,100070,100,99963,100,100084,100,99957,100,100085,100,99949,100,100086,100,99940,100,100087,100,99922,100
2019-06-28 09:30:00.000000079,100041,100,100038,100,100046,100,100008,100,100053,100,100002,100,100056,100,99999,100,100070,100,99977,100,100084,100,99971,100,100085,100,99963,100,100086,100,99957,100,100087,100,99949,100,100123,200,99940,100
2019-06-28 09:30:00.000000080,100041,100,100008,100,100046,100,100002,100,100053,100,99999,100,100056,100,99977,100,100070,100,99971,100,100084,100,99963,100,100085,100,99957,100,100086,100,99949,100,100087,100,99940,100,100123,200,99922,100
2019-06-28 09:30:00.000000081,100038,100,100008,100,100041,100,100002,100,100046,100,99999,100,100053,100,99977,100,100056,100,99971,100,100070,100,99963,100,100084,100,99957,100,100085,100,99949,100,100086,100,99940,100,100087,100,99922,100
2019-06-28 09:30:00.000000084,100038,100,100002,100,100041,100,99999,100,100046,100,99977,100,100053,100,99971,100,100056,100,99963,100,100069,100,99957,100,100070,100,99949,100,100084,100,99940,100,100085,100,99922,100,100086,100,99917,100
2019-06-28 09:30:00.000000085,100038,100,100002,100,100041,100,99999,100,100046,100,99977,100,100053,100,99971,100,100056,100,99963,100,100069,100,99957,100,100070,100,99949,100,100084,100,99940,100,100085,100,99922,100,100086,100,99917,100
2019-06-28 09:30:00.000000090,100038,100,99999,100,100041,100,99977,100,100046,100,99971,100,100053,100,99963,100,100056,100,99957,100,100069,100,99949,100,100070,100,99940,100,100084,100,99922,100,100085,100,99917,100,100086,100,99907,100
2019-06-28 09:30:00.000000092,100038,100,99999,100,100041,100,99977,100,100046,100,99971,100,100053,100,99963,100,100056,100,99957,100,100069,100,99949,100,100070,100,99940,200,100084,100,99922,100,100085,100,99917,100,100086,100,99907,100
2019-06-28 09:30:00.000000094,100038,100,99999,100,100041,100,99977,100,100046,100,99971,100,100053,100,99963,100,100056,100,99957,100,100069,100,99949,100,100070,100,99940,200,100074,100,99922,100,100084,100,99917,100,100085,100,99907,100
2019-06-28 09:30:00.000000095,100038,100,99999,100,100041,100,99977,100,100046,100,99971,100,100053,100,99963,100,100056,100,99957,100,100069,100,99949,100,100070,100,99940,200,100074,100,99922,100,100084,100,99917,100,100085,100,99907,100
2019-06-28 09:30:00.000000098,100041,100,99999,100,100046,100,99977,100,100053,100,99971,100,100056,100,99963,100,100069,100,99957,100,100070,100,99949,100,100074,100,99940,200,100084,100,99922,100,100085,100,99917,100,100086,100,99907,100
2019-06-28 09:30:00.000000099,100005,100,99999,100,100041,100,99977,100,100046,100,99971,100,100053,100,99963,100,100056,100,99957,100,100069,100,99949,100,100070,100,99940,200,100074,100,99922,100,100084,100,99917,100,100085,100,99907,100
2019-06-28 09:30:00.316978740,100005,100,99999,100,100041,100,99977,100,100046,100,99971,100,100053,100,99963,100,100056,100,99957,100,100069,100,99949,100,100070,100,99940,200,100074,100,99922,100,100084,100,99917,100,100085,100,99907,100
2019-06-28 09:30:00.650583788,100005,100,100002,100,100041,100,99999,100,100046,100,99977,100,100053,100,99971,100,100056,100,99963,100,100069,100,99957,100,100070,100,99949,100,100074,100,99940,200,100084,100,99922,100,100085,100,99917,100
2019-06-28 09:30:05.172247058,100005,100,100002,100,100041,100,99999,100,100046,100,99977,100,100053,100,99971,100,100056,100,99963,100,100069,100,99957,100,100070,100,99949,100,100074,100,99940,200,100084,100,99922,100,100085,100,99917,100
2019-06-28 09:30:10.000000000,100005,352,100002,352,100041,100,99999,100,100046,100,99977,100,100053,100,99971,100,100056,100,99963,100,100069,100,99957,100,100070,100,99949,100,100074,100,99940,200,100084,100,99922,100,100085,100,99917,100
2019-06-28 09:30:20.000000000,100005,163,100002,163,100041,163,99999,163,100046,163,99977,163,100053,163,99971,163,100056,100,99963,100,100069,100,99957,100,100070,100,99949,100,100074,100,99940,200,100084,100,99922,100,100085,100,99917,100
2019-06-28 09:30:29.390018374,100005,163,100002,163,100041,63,99999,163,100046,163,99977,163,100053,163,99971,163,100056,100,99963,100,100069,100,99957,100,100070,100,99949,100,100074,100,99940,200,100084,100,99922,100,100085,100,99917,100
2019-06-28 09:30:30.000000000,100005,163,100002,163,100046,163,99999,163,100053,163,99977,163,100056,163,99971,163,100069,100,99963,100,100070,100,99957,100,100074,100,99949,100,100084,100,99940,200,100085,100,99922,100,100086,100,99917,100
2019-06-28 09:30:40.000000000,100005,352,100002,352,100046,100,99999,100,100053,100,99977,100,100056,100,99971,100,100069,100,99963,100,100070,100,99957,100,100074,100,99949,100,100084,100,99940,200,100085,100,99922,100,100086,100,99917,100
2019-06-28 09:30:45.749450207,100005,352,100002,252,100046,100,99999,100,100053,100,99977,100,100056,100,99971,100,100069,100,99963,100,100070,100,99957,100,100074,100,99949,100,100084,100,99940,200,100085,100,99922,100,100086,100,99917,100
2019-06-28 09:30:50.000000000,100005,226,99999,226,100046,226,99977,226,100053,100,99971,100,100056,100,99963,100,100069,100,99957,100,100070,100,99949,100,100074,100,99940,200,100084,100,99922,100,100085,100,99917,100,100086,100,99907,100
2019-06-28 09:31:00.000000000,100005,163,99999,163,100046,163,99977,163,100053,163,99971,163,100056,163,99963,163,100069,100,99957,100,100070,100,99949,100,100074,100,99940,200,100084,100,99922,100,100085,100,99917,100,100086,100,99907,100
2019-06-28 09:31:01.354712050,100005,163,99999,63,100046,63,99977,163,100053,163,99971,163,100056,163,99963,163,100069,100,99957,100,100070,100,99949,100,100074,100,99940,200,100084,100,99922,100,100085,100,99917,100,100086,100,99907,100
2019-06-28 09:31:02.335203118,100005,163,99999,63,100046,63,99977,163,100053,163,99971,163,100056,163,99963,163,100069,100,99957,100,100070,100,99949,100,100074,100,99940,200,100084,100,99922,100,100085,100,99917,100,100086,100,99907,100
2019-06-28 09:31:10.000000000,100005,186,99977,186,100053,183,99971,183,100056,183,99963,183,100069,100,99957,100,100070,100,99949,100,100074,100,99940,200,100084,100,99922,100,100085,100,99917,100,100086,100,99907,100,100123,100,99893,100
2019-06-28 09:31:20.000000000,100005,163,99977,163,100053,163,99971,163,100056,163,99963,163,100069,163,99957,163,100070,100,99949,100,100074,100,99940,200,100084,100,99922,100,100085,100,99917,100,100086,100,99907,100,100123,100,99893,100
2019-06-28 09:31:23.348034175,100005,163,99977,163,100053,163,99971,163,100056,163,99963,163,100069,163,99957,163,100070,100,99949,100,100074,100,99940,200,100084,100,99922,100,100085,100,99917,100,100086,100,99907,100,100123,100,99893,100
2019-06-28 09:31:30.000000000,100005,186,99977,186,100053,183,99971,183,100056,183,99963,183,100069,100,99957,100,100070,100,99949,100,100074,100,99940,200,100084,100,99922,100,100085,100,99917,100,100086,100,99907,100,100123,100,99893,100
2019-06-28 09:31:33.862690235,100005,186,99977,186,100053,183,99971,183,100056,183,99963,83,100069,100,99957,100,100070,100,99949,100,100074,100,99940,200,100084,100,99922,100,100085,100,99917,100,100086,100,99907,100,100123,100,99893,100
2019-06-28 09:31:40.000000000,100005,186,99977,186,100053,183,99971,183,100056,183,99957,183,100069,100,99949,100,100070,100,99940,200,100074,100,99922,100,100084,100,99917,100,100085,100,99907,100,100086,100,99893,100,100123,100,99890,100
2019-06-28 09:31:41.838041928,100005,186,99977,186,100053,183,99971,183,100056,183,99957,183,100069,100,99949,100,100070,100,99940,200,100084,100,99922,100,100085,100,99917,100,100086,100,99907,100,100123,100,99893,100,100127,100,99890,100
2019-06-28 09:31:50.000000000,100005,352,99977,352,100053,100,99971,100,100056,100,99957,100,100069,100,99949,100,100070,100,99940,200,100084,100,99922,100,100085,100,99917,100,100086,100,99907,100,100123,100,99893,100,100127,100,99890,100
2019-06-28 09:32:00.000000000,100005,150,99977,150,100053,150,99971,150,100056,150,99957,150,100069,150,99949,150,100070,150,99940,250,100084,100,99922,100,100085,100,99917,100,100086,100,99907,100,100123,100,99893,100,100127,100,99890,100
2019-06-28 09:32:10.000000000,100005,186,99977,186,100053,183,99971,183,100056,183,99957,183,100069,100,99949,100,100070,100,99940,200,100084,100,99922,100,100085,100,99917,100,100086,100,99907,100,100123,100,99893,100,100127,100,99890,100
2019-06-28 09:32:13.433306779,100005,86,99977,186,100053,183,99971,183,100056,183,99957,183,100069,100,99949,100,100070,100,99940,200,100084,100,99922,100,100085,100,99917,100,100123,100,99907,100,100127,100,99893,100,100131,100,99890,100
2019-06-28 09:32:20.000000000,100053,186,99977,186,100056,183,99971,183,100069,183,99957,183,100070,100,99949,100,100084,100,99940,200,100085,100,99922,100,100123,100,99917,100,100127,100,99907,100,100131,100,99893,100,100134,100,99890,100
2019-06-28 09:32:30.000000000,100053,163,99977,163,100056,163,99971,163,100069,163,99957,163,100070,163,99949,163,100084,100,99940,200,100085,100,99922,100,100123,100,99917,100,100127,100,99907,100,100131,100,99893,100,100134,100,99890,100
2019-06-28 09:32:40.000000000,100053,186,99977,186,100056,183,99971,183,100069,183,99957,183,100070,100,99949,100,100084,100,99940,200,100085,100,99922,100,100123,100,99917,100,100127,100,99907,100,100131,100,99893,100,100134,100,99890,100
2019-06-28 09:32:40.515289832,100053,186,99977,186,100056,183,99971,183,100069,183,99957,183,100070,100,99949,100,100084,100,99940,200,100085,100,99922,100,100096,100,99917,100,100123,100,99907,100,100127,100,99893,100,100131,100,99890,100
2019-06-28 09:32:50.000000000,100053,150,99977,150,100056,150,99971,150,100069,150,99957,150,100070,150,99949,150,100084,150,99940,250,100085,100,99922,100,100096,100,99917,100,100123,100,99907,100,100127,100,99893,100,100131,100,99890,100
2019-06-28 09:33:00.000000000,100053,163,99977,163,100056,163,99971,163,100069,163,99957,163,100070,163,99949,163,100084,100,99940,200,100085,100,99922,100,100096,100,99917,100,100123,100,99907,100,100127,100,99893,100,100131,100,99890,100
2019-06-28 09:33:10.000000000,100053,226,99977,226,100056,226,99971,226,100069,100,99957,100,100070,100,99949,100,100084,100,99940,200,100085,100,99922,100,100096,100,99917,100,100123,100,99907,100,100127,100,99893,100,100131,100,99890,100
2019-06-28 09:33:20.000000000,100053,226,99977,226,100056,226,99971,226,100069,100,99957,100,100070,100,99949,100,100084,100,99940,200,100085,100,99922,100,100096,100,99917,100,100123,100,99907,100,100127,100,99893,100,100131,100,99890,100
2019-06-28 09:33:21.986960498,100004,100,99977,226,100053,226,99971,226,100056,226,99957,100,100069,100,99949,100,100070,100,99940,200,100084,100,99922,100,100085,100,99917,100,100096,100,99907,100,100123,100,99893,100,100127,100,99890,100
2019-06-28 09:33:30.000000000,100004,352,99977,352,100053,100,99971,100,100056,100,99957,100,100069,100,99949,100,100070,100,99940,200,100084,100,99922,100,100085,100,99917,100,100096,100,99907,100,100123,100,99893,100,100127,100,99890,100
2019-06-28 09:33:35.503358683,100004,452,99977,352,100053,100,99971,100,100056,100,99957,100,100069,100,99949,100,100070,100,99940,200,100084,100,99922,100,100085,100,99917,100,100096,100,99907,100,100123,100,99893,100,100127,100,99890,100
2019-06-28 09:33:40.000000000,100004,250,99977,150,100053,150,99971,150,100056,150,99957,150,100069,150,99949,150,100070,150,99940,250,100084,100,99922,100,100085,100,99917,100,100096,100,99907,100,100123,100,99893,100,100127,100,99890,100
2019-06-28 09:33:41.954001308,100004,250,99977,50,100053,150,99971,150,100056,150,99957,150,100069,150,99949,150,100070,150,99940,150,100084,100,99922,100,100085,100,99917,100,100096,100,99907,100,100123,100,99893,100,100127,100,99890,100
2019-06-28 09:33:50.000000000,100004,326,99971,226,100053,226,99957,226,100056,100,99949,100,100069,100,99940,100,100070,100,99922,100,100084,100,99917,100,100085,100,99907,100,100096,100,99893,100,100123,100,99890,100,100127,100,99889,100
2019-06-28 09:33:52.368834978,100004,326,99971,126,100053,226,99957,226,100056,100,99949,100,100069,100,99940,100,100070,100,99922,100,100084,100,99917,100,100085,100,99907,100,100096,100,99890,100,100123,100,99889,100,100127,100,99887,100
2019-06-28 09:33:57.578394798,100004,326,99971,126,100053,226,99957,226,100056,100,99949,100,100069,100,99940,100,100070,100,99922,100,100084,100,99917,100,100085,100,99907,100,100096,100,99890,100,100123,100,99889,100,100127,100,99887,100
2019-06-28 09:34:00.000000000,100004,263,99957,163,100053,163,99949,163,100056,163,99940,163,100069,163,99922,163,100070,100,99917,100,100084,100,99907,100,100085,100,99890,100,100096,100,99889,100,100123,100,99887,100,100127,100,99870,100
2019-06-28 09:34:10.000000000,100004,452,99957,352,100053,100,99949,100,100056,100,99940,100,100069,100,99922,100,100070,100,99917,100,100084,100,99907,100,100085,100,99890,100,100096,100,99889,100,100123,100,99887,100,100127,100,99870,100
2019-06-28 09:34:20.000000000,100004,452,99957,352,100053,100,99949,100,100056,100,99940,100,100069,100,99922,100,100070,100,99917,100,100084,100,99907,100,100085,100,99890,100,100096,100,99889,100,100123,100,99887,100,100127,100,99870,100
2019-06-28 09:34:30.000000000,100004,326,99957,226,100053,226,99949,226,100056,100,99940,100,100069,100,99922,100,100070,100,99917,100,100084,100,99907,100,100085,100,99890,100,100096,100,99889,100,100123,100,99887,100,100127,100,99870,100
2019-06-28 09:34:40.000000000,100004,263,99957,163,100053,163,99949,163,100056,163,99940,163,100069,163,99922,163,100070,100,99917,100,100084,100,99907,100,100085,100,99890,100,100096,100,99889,100,100123,100,99887,100,100127,100,99870,100
2019-06-28 09:34:41.728276837,99977,100,99957,163,100004,263,99949,163,100053,163,99940,163,100056,163,99922,163,100069,163,99917,100,100070,100,99907,100,100084,100,99890,100,100085,100,99889,100,100096,100,99887,100,100123,100,99870,100
2019-06-28 09:34:45.976589824,99977,100,99957,63,100004,263,99949,163,100053,163,99940,163,100056,163,99922,163,100069,163,99917,100,100070,100,99907,100,100084,100,99890,100,100085,100,99889,100,100096,100,99870,100,100123,100,99844,200
2019-06-28 09:34:49.402014464,99957,37,99949,163,99977,100,99940,163,100004,263,99922,163,100053,163,99907,100,100056,163,99890,100,100069,163,99889,100,100070,100,99870,100,100084,100,99844,200,100085,100,99842,100,100096,100,99841,100
2019-06-28 09:34:50.000000000,99957,123,99949,186,99977,183,99940,183,100004,283,99922,183,100053,100,99907,100,100056,100,99890,100,100069,100,99889,100,100070,100,99870,100,100084,100,99844,200,100085,100,99842,100,100096,100,99841,100
2019-06-28 09:34:53.172852216,99957,123,99949,86,99977,183,99940,183,100004,283,99922,183,100053,100,99907,100,100056,100,99890,100,100069,100,99889,100,100070,100,99870,100,100084,100,99844,200,100085,100,99842,100,100096,100,99841,100
2019-06-28 09:34:54.028957978,99949,14,99940,183,99957,123,99922,183,99977,183,99907,100,100004,283,99890,100,100053,100,99889,100,100056,100,99870,100,100069,100,99844,200,100070,100,99842,100,100084,100,99841,100,100085,100,99829,100
2019-06-28 09:34:59.402439715,99949,14,99940,183,99957,86,99922,183,99977,183,99907,100,100004,283,99890,100,100053,100,99889,100,100056,100,99870,100,100069,100,99844,200,100070,100,99842,100,100084,100,99841,100,100085,100,99829,100
2019-06-28 09:35:00.000000000,99949,77,99940,163,99977,163,99922,163,100004,263,99907,163,100053,163,99890,163,100056,100,99889,100,100069,100,99870,100,100070,100,99844,200,100084,100,99842,100,100085,100,99841,100,100096,100,99829,100
2019-06-28 09:35:10.000000000,99949,77,99940,163,99977,163,99922,163,100004,263,99907,163,100053,163,99890,163,100056,100,99889,100,100069,100,99870,100,100070,100,99844,200,100084,100,99842,100,100085,100,99841,100,100096,100,99829,100
2019-06-28 09:35:20.000000000,99949,100,99940,186,99977,183,99922,183,100004,283,99907,183,100053,100,99890,100,100056,100,99889,100,100069,100,99870,100,100070,100,99844,200,100084,100,99842,100,100085,100,99841,100,100096,100,99829,100
2019-06-28 09:35:24.843592935,99949,100,99940,86,99977,183,99922,183,100004,283,99907,183,100053,100,99890,100,100056,100,99889,100,100069,100,99870,100,100070,100,99844,200,100084,100,99842,100,100085,100,99841,100,100096,100,99829,100
2019-06-28 09:35:30.000000000,99949,100,99922,186,99977,183,99907,183,100004,283,99890,183,100053,100,99889,100,100056,100,99870,100,100069,100,99844,200,100070,100,99842,100,100084,100,99841,100,100085,100,99829,100,100096,100,99776,100
2019-06-28 09:35:40.000000000,99949,140,99922,226,99977,226,99907,226,100004,200,99890,100,100053,100,99889,100,100056,100,99870,100,100069,100,99844,200,100070,100,99842,100,100084,100,99841,100,100085,100,99829,100,100096,100,99776,100
2019-06-28 09:35:50.000000000,99949,140,99922,226,99977,226,99907,226,100004,200,99890,100,100053,100,99889,100,100056,100,99870,100,100069,100,99844,200,100070,100,99842,100,100084,100,99841,100,100085,100,99829,100,100096,100,99776,100
2019-06-28 09:35:59.217448049,99948,100,99922,226,99949,140,99907,226,99977,226,99890,100,100004,200,99889,100,100053,100,99870,100,100056,100,99844,200,100069,100,99842,100,100070,100,99841,100,100084,100,99829,100,100085,100,99776,100
2019-06-28 09:36:00.000000000,99948,163,99922,163,99949,77,99907,163,99977,163,99890,163,100004,263,99889,163,100053,100,99870,100,100056,100,99844,200,100069,100,99842,100,100070,100,99841,100,100084,100,99829,100,100085,100,99776,100
2019-06-28 09:36:07.670736523,99948,163,99922,63,99949,77,99907,163,99977,163,99890,163,100004,263,99889,163,100053,100,99870,100,100056,100,99844,200,100069,100,99842,100,100070,100,99841,100,100084,100,99829,100,100085,100,99776,100
2019-06-28 09:36:10.000000000,99948,186,99907,186,99949,97,99890,183,99977,183,99889,183,100004,200,99870,100,100053,100,99844,200,100056,100,99842,100,100069,100,99841,100,100070,100,99829,100,100084,100,99776,100,100085,100,99726,100
2019-06-28 09:36:20.000000000,99948,226,99907,226,99949,140,99890,226,99977,100,99889,100,100004,200,99870,100,100053,100,99844,200,100056,100,99842,100,100069,100,99841,100,100070,100,99829,100,100084,100,99776,100,100085,100,99726,100
2019-06-28 09:36:30.000000000,99948,186,99907,186,99949,97,99890,183,99977,183,99889,183,100004,200,99870,100,100053,100,99844,200,100056,100,99842,100,100069,100,99841,100,100070,100,99829,100,100084,100,99776,100,100085,100,99726,100
2019-06-28 09:36:30.718667870,99948,186,99907,186,99949,97,99890,183,99977,183,99889,183,100004,200,99870,100,100053,100,99844,200,100056,100,99842,100,100069,100,99841,100,100084,100,99829,100,100085,100,99776,100,100096,100,99726,100
2019-06-28 09:36:39.818529680,99948,186,99907,186,99949,97,99890,183,99977,183,99889,183,100004,200,99870,100,100053,100,99844,200,100056,100,99842,100,100069,100,99841,100,100084,100,99829,100,100085,100,99776,100,100096,100,99726,100
2019-06-28 09:36:40.000000000,99948,226,99907,226,99949,140,99890,226,99977,100,99889,100,100004,200,99870,100,100053,100,99844,200,100056,100,99842,100,100069,100,99841,100,100084,100,99829,100,100085,100,99776,100,100096,100,99726,100
2019-06-28 09:36:44.015588355,99948,226,99907,226,99949,126,99890,226,99977,100,99889,100,100004,200,99870,100,100053,100,99844,200,100056,100,99842,100,100069,100,99841,100,100084,100,99829,100,100085,100,99776,100,100096,100,99726,100
2019-06-28 09:36:50.000000000,99948,352,99907,352,99977,100,99890,100,100004,200,99889,100,100053,100,99870,100,100056,100,99844,200,100069,100,99842,100,100084,100,99841,100,100085,100,99829,100,100096,100,99776,100,100123,100,99726,100
2019-06-28 09:36:56.001994905,99948,352,99907,252,99977,100,99890,100,100004,200,99889,100,100053,100,99870,100,100056,100,99844,200,100069,100,99842,100,100084,100,99841,100,100085,100,99829,100,100096,100,99776,100,100123,100,99726,100
2019-06-28 09:36:56.390731558,99948,352,99907,252,99977,100,99890,100,100004,200,99889,100,100053,100,99870,100,100056,100,99844,100,100069,100,99842,100,100084,100,99841,100,100085,100,99829,100,100096,100,99776,100,100123,100,99726,100
2019-06-28 09:36:59.541805650,99948,352,99907,152,99977,100,99890,100,100004,200,99889,100,100053,100,99870,100,100056,100,99844,100,100069,100,99842,100,100084,100,99841,100,100085,100,99829,100,100096,100,99726,100,100123,100,99058,100
2019-06-28 09:37:00.000000000,99948,352,99890,352,99977,100,99889,100,100004,200,99870,100,100053,100,99844,100,100056,100,99842,100,100069,100,99841,100,100084,100,99829,100,100085,100,99726,100,100096,100,99058,100,100123,100,98901,100
2019-06-28 09:37:10.000000000,99948,163,99890,163,99977,163,99889,163,100004,263,99870,163,100053,163,99844,163,100056,100,99842,100,100069,100,99841,100,100084,100,99829,100,100085,100,99726,100,100096,100,99058,100,100123,100,98901,100
2019-06-28 09:37:10.473547312,99948,163,99890,163,99977,163,99889,163,100004,263,99870,163,100053,163,99844,163,100056,100,99842,100,100069,100,99841,100,100084,100,99829,100,100085,100,99726,100,100096,100,99058,100,100123,100,98901,100
2019-06-28 09:37:20.000000000,99948,352,99890,352,99977,100,99889,100,100004,200,99870,100,100053,100,99844,100,100056,100,99842,100,100069,100,99841,100,100084,100,99829,100,100085,100,99726,100,100096,100,99058,100,100123,100,98901,100
2019-06-28 09:37:24.605705107,99948,352,99890,352,99977,100,99889,100,100004,200,99870,100,100053,100,99844,100,100056,100,99842,100,100069,100,99841,100,100084,100,99726,100,100085,100,99058,100,100096,100,98901,100,100123,100,98726,100
2019-06-28 09:37:30.000000000,99948,186,99890,186,99977,183,99889,183,100004,283,99870,183,100053,100,99844,100,100056,100,99842,100,100069,100,99841,100,100084,100,99726,100,100085,100,99058,100,100096,100,98901,100,100123,100,98726,100
2019-06-28 09:37:40.000000000,99948,150,99890,150,99977,150,99889,150,100004,250,99870,150,100053,150,99844,150,100056,150,99842,150,100069,100,99841,100,100084,100,99726,100,100085,100,99058,100,100096,100,98901,100,100123,100,98726,100
2019-06-28 09:37:44.311240499,99948,150,99890,150,99977,150,99889,150,100004,250,99870,150,100053,150,99844,150,100056,150,99842,150,100069,100,99841,100,100084,100,99726,100,100085,100,99058,100,100096,100,98998,100,100123,100,98901,100
2019-06-28 09:37:50.000000000,99948,150,99890,150,99977,150,99889,150,100004,250,99870,150,100053,150,99844,150,100056,150,99842,150,100069,100,99841,100,100084,100,99726,100,100085,100,99058,100,100096,100,98998,100,100123,100,98901,100
2019-06-28 09:38:00.000000000,99948,163,99890,163,99977,163,99889,163,100004,263,99870,163,100053,163,99844,163,100056,100,99842,100,100069,100,99841,100,100084,100,99726,100,100085,100,99058,100,100096,100,98998,100,100123,100,98901,100
2019-06-28 09:38:10.000000000,99948,150,99890,150,99977,150,99889,150,100004,250,99870,150,100053,150,99844,150,100056,150,99842,150,100069,100,99841,100,100084,100,99726,100,100085,100,99058,100,100096,100,98998,100,100123,100,98901,100
2019-06-28 09:38:12.819885951,99907,100,99890,150,99948,150,99889,150,99977,150,99870,150,100004,250,99844,150,100053,150,99842,150,100056,50,99841,100,100069,100,99726,100,100084,100,99058,100,100085,100,98998,100,100096,100,98901,100
2019-06-28 09:38:19.400559002,99907,100,99890,50,99948,150,99889,150,99977,150,99870,150,100004,250,99844,150,100053,150,99842,150,100056,50,99726,100,100069,100,99058,100,100084,100,98998,100,100085,100,98901,100,100096,100,98726,100
2019-06-28 09:38:20.000000000,99907,163,99889,163,99948,163,99870,163,99977,163,99844,163,100004,263,99842,163,100053,100,99726,100,100069,100,99058,100,100084,100,98998,100,100085,100,98901,100,100096,100,98726,100,100123,100,98703,100
2019-06-28 09:38:20.417321360,99907,163,99889,163,99948,163,99870,163,99977,163,99844,163,100004,263,99842,163,100053,100,99726,100,100069,100,99058,100,100084,100,98998,100,100085,100,98901,100,100096,100,98852,100,100123,100,98726,100
2019-06-28 09:38:30.000000000,99907,226,99889,226,99948,226,99870,226,99977,100,99844,100,100004,200,99842,100,100053,100,99726,100,100069,100,99058,100,100084,100,98998,100,100085,100,98901,100,100096,100,98852,100,100123,100,98726,100
2019-06-28 09:38:40.000000000,99907,226,99889,226,99948,226,99870,226,99977,100,99844,100,100004,200,99842,100,100053,100,99726,100,100069,100,99058,100,100084,100,98998,100,100085,100,98901,100,100096,100,98852,100,100123,100,98726,100
2019-06-28 09:38:48.189935109,99907,226,99889,226,99948,226,99870,226,99977,100,99844,100,100004,200,99842,100,100053,100,99726,100,100069,100,99058,100,100084,100,98999,100,100085,100,98998,100,100096,100,98901,100,100123,100,98852,100
2019-06-28 09:38:50.000000000,99907,163,99889,163,99948,163,99870,163,99977,163,99844,163,100004,263,99842,163,100053,100,99726,100,100069,100,99058,100,100084,100,98999,100,100085,100,98998,100,100096,100,98901,100,100123,100,98852,100
2019-06-28 09:39:00.000000000,99907,186,99889,186,99948,183,99870,183,99977,183,99844,183,100004,200,99842,100,100053,100,99726,100,100069,100,99058,100,100084,100,98999,100,100085,100,98998,100,100096,100,98901,100,100123,100,98852,100
2019-06-28 09:39:02.101697295,99907,186,99889,186,99948,183,99870,183,99977,183,99844,183,100004,200,99842,100,100053,100,99726,100,100069,100,99058,100,100084,100,98999,100,100096,100,98998,100,100123,100,98901,100,100131,100,98852,100
2019-06-28 09:39:03.987494785,99907,186,99889,86,99948,183,99870,183,99977,183,99844,183,100004,200,99842,100,100053,100,99726,100,100069,100,99058,100,100084,100,98999,100,100096,100,98998,100,100123,100,98901,100,100131,100,98852,100
2019-06-28 09:39:04.365011169,99907,186,99889,86,99948,183,99870,183,99977,183,99844,183,100004,200,99842,100,100053,100,99726,100,100069,100,98999,100,100084,100,98998,100,100096,100,98901,100,100123,100,98874,100,100131,100,98852,100
2019-06-28 09:39:10.000000000,99907,150,99870,150,99948,150,99844,150,99977,150,99842,150,100004,250,99726,150,100053,150,98999,150,100069,100,98998,100,100084,100,98901,100,100096,100,98874,100,100123,100,98852,100,100131,100,98726,100
2019-06-28 09:39:20.000000000,99907,163,99870,163,99948,163,99844,163,99977,163,99842,163,100004,263,99726,163,100053,100,98999,100,100069,100,98998,100,100084,100,98901,100,100096,100,98874,100,100123,100,98852,100,100131,100,98726,100
2019-06-28 09:39:30.000000000,99907,186,99870,186,99948,183,99844,183,99977,183,99842,183,100004,200,99726,100,100053,100,98999,100,100069,100,98998,100,100084,100,98901,100,100096,100,98874,100,100123,100,98852,100,100131,100,98726,100
2019-06-28 09:39:32.213638412,99907,186,99870,86,99948,183,99844,183,99977,183,99842,183,100004,200,99726,100,100053,100,98999,100,100069,100,98998,100,100084,100,98901,100,100096,100,98874,100,100131,100,98852,100,100162,100,98726,100
2019-06-28 09:39:40.000000000,99907,226,99844,226,99948,226,99842,226,99977,100,99726,100,100004,200,98999,100,100053,100,98998,100,100069,100,98901,100,100084,100,98874,100,100096,100,98852,100,100131,100,98726,100,100162,100,98703,100
2019-06-28 09:39:50.000000000,99907,163,99844,163,99948,163,99842,163,99977,163,99726,163,100004,263,98999,163,100053,100,98998,100,100069,100,98901,100,100084,100,98874,100,100096,100,98852,100,100131,100,98726,100,100162,100,98703,100
2019-06-28 09:39:50.552166625,99889,100,99844,163,99907,163,99842,163,99948,163,99726,163,99977,163,98999,163,100004,263,98998,100,100053,100,98901,100,100069,100,98874,100,100084,100,98852,100,100096,100,98726,100,100131,100,98703,100
2019-06-28 09:39:55.732949533,99889,100,99844,63,99907,163,99842,163,99948,163,99726,163,99977,163,98999,163,100004,263,98998,100,100053,100,98901,100,100069,100,98874,100,100084,100,98852,100,100096,100,98726,100,100131,100,98703,100
2019-06-28 09:40:00.000000000,99889,163,99842,163,99907,163,99726,163,99948,163,98999,163,99977,163,98998,163,100004,200,98901,100,100053,100,98874,100,100069,100,98852,100,100084,100,98726,100,100096,100,98703,100,100131,100,98690,100
2019-06-28 09:40:08.775218901,99889,163,99842,63,99907,163,99726,163,99948,163,98999,163,99977,163,98998,163,100004,200,98901,100,100053,100,98874,100,100069,100,98852,100,100084,100,98726,100,100096,100,98703,100,100131,100,98690,100
2019-06-28 09:40:10.000000000,99889,226,99726,226,99907,226,98999,226,99948,100,98998,100,99977,100,98901,100,100004,200,98874,100,100053,100,98852,100,100069,100,98726,100,100084,100,98703,100,100096,100,98690,100,100131,100,98680,100
2019-06-28 09:40:20.000000000,99889,352,99726,352,99907,100,98999,100,99948,100,98998,100,99977,100,98901,100,100004,200,98874,100,100053,100,98852,100,100069,100,98726,100,100084,100,98703,100,100096,100,98690,100,100131,100,98680,100
2019-06-28 09:40:30.000000000,99889,163,99726,163,99907,163,98999,163,99948,163,98998,163,99977,163,98901,163,100004,200,98874,100,100053,100,98852,100,100069,100,98726,100,100084,100,98703,100,100096,100,98690,100,100131,100,98680,100
2019-06-28 09:40:40.000000000,99889,186,99726,186,99907,183,98999,183,99948,183,98998,183,99977,100,98901,100,100004,200,98874,100,100053,100,98852,100,100069,100,98726,100,100084,100,98703,100,100096,100,98690,100,100131,100,98680,100
2019-06-28 09:40:50.000000000,99889,150,99726,150,99907,150,98999,150,99948,150,98998,150,99977,150,98901,150,100004,250,98874,150,100053,100,98852,100,100069,100,98726,100,100084,100,98703,100,100096,100,98690,100,100131,100,98680,100
2019-06-28 09:41:00.000000000,99889,163,99726,163,99907,163,98999,163,99948,163,98998,163,99977,163,98901,163,100004,200,98874,100,100053,100,98852,100,100069,100,98726,100,100084,100,98703,100,100096,100,98690,100,100131,100,98680,100
2019-06-28 09:41:10.000000000,99889,352,99726,352,99907,100,98999,100,99948,100,98998,100,99977,100,98901,100,100004,200,98874,100,100053,100,98852,100,100069,100,98726,100,100084,100,98703,100,100096,100,98690,100,100131,100,98680,100
2019-06-28 09:41:19.322092623,99889,252,99726,352,99907,100,98999,100,99948,100,98998,100,99977,100,98901,100,100004,200,98874,100,100053,100,98852,100,100069,100,98726,100,100084,100,98703,100,100096,100,98690,100,100131,100,98680,100
2019-06-28 09:41:19.896677656,99889,252,99855,100,99907,100,99726,352,99948,100,98999,100,99977,100,98998,100,100004,200,98901,100,100053,100,98874,100,100069,100,98852,100,100084,100,98726,100,100096,100,98703,100,100131,100,98690,100
2019-06-28 09:41:20.000000000,99907,186,99855,186,99948,183,99726,183,99977,183,98999,183,100004,200,98998,100,100053,100,98901,100,100069,100,98874,100,100084,100,98852,100,100096,100,98726,100,100131,100,98703,100,100162,100,98690,100
2019-06-28 09:41:30.000000000,99907,226,99855,226,99948,226,99726,226,99977,100,98999,100,100004,200,98998,100,100053,100,98901,100,100069,100,98874,100,100084,100,98852,100,100096,100,98726,100,100131,100,98703,100,100162,100,98690,100
2019-06-28 09:41:31.473755186,99907,126,99855,226,99948,226,99726,226,99977,100,98999,100,100004,200,98998,100,100053,100,98901,100,100069,100,98874,100,100084,100,98852,100,100096,100,98726,100,100131,100,98703,100,100162,100,98690,100
2019-06-28 09:41:40.000000000,99948,226,99855,226,99977,226,99726,226,100004,200,98999,100,100053,100,98998,100,100069,100,98901,100,100084,100,98874,100,100096,100,98852,100,100131,100,98726,100,100162,100,98703,100,100187,100,98690,100
2019-06-28 09:41:50.000000000,99948,186,99855,186,99977,183,99726,183,100004,283,98999,183,100053,100,98998,100,100069,100,98901,100,100084,100,98874,100,100096,100,98852,100,100131,100,98726,100,100162,100,98703,100,100187,100,98690,100
2019-06-28 09:41:55.545418277,99948,186,99855,186,99977,183,99726,183,100004,283,98999,183,100048,100,98998,100,100053,100,98901,100,100069,100,98874,100,100084,100,98852,100,100096,100,98726,100,100131,100,98703,100,100162,100,98690,100
2019-06-28 09:42:00.000000000,99948,150,99855,150,99977,150,99726,150,100004,250,98999,150,100048,150,98998,150,100053,150,98901,150,100069,100,98874,100,100084,100,98852,100,100096,100,98726,100,100131,100,98703,100,100162,100,98690,100
2019-06-28 09:42:10.000000000,99948,163,99855,163,99977,163,99726,163,100004,263,98999,163,100048,163,98998,163,100053,100,98901,100,100069,100,98874,100,100084,100,98852,100,100096,100,98726,100,100131,100,98703,100,100162,100,98690,100
2019-06-28 09:42:20.000000000,99948,352,99855,352,99977,100,99726,100,100004,200,98999,100,100048,100,98998,100,100053,100,98901,100,100069,100,98874,100,100084,100,98852,100,100096,100,98726,100,100131,100,98703,100,100162,100,98690,100
2019-06-28 09:42:30.000000000,99948,150,99855,150,99977,150,99726,150,100004,250,98999,150,100048,150,98998,150,100053,150,98901,150,100069,100,98874,100,100084,100,98852,100,100096,100,98726,100,100131,100,98703,100,100162,100,98690,100
2019-06-28 09:42:40.000000000,99948,150,99855,150,99977,150,99726,150,100004,250,98999,150,100048,150,98998,150,100053,150,98901,150,100069,100,98874,100,100084,100,98852,100,100096,100,98726,100,100131,100,98703,100,100162,100,98690,100
2019-06-28 09:42:47.948120100,99948,150,99889,100,99977,150,99855,150,100004,150,99726,150,100048,150,98999,150,100053,150,98998,150,100069,100,98901,150,100084,100,98874,100,100096,100,98852,100,100131,100,98726,100,100162,100,98703,100
2019-06-28 09:42:50.000000000,99948,186,99889,186,99977,183,99855,183,100004,183,99726,183,100048,100,98999,100,100053,100,98998,100,100069,100,98901,100,100084,100,98874,100,100096,100,98852,100,100131,100,98726,100,100162,100,98703,100
2019-06-28 09:43:00.000000000,99948,226,99889,226,99977,226,99855,226,100004,100,99726,100,100048,100,98999,100,100053,100,98998,100,100069,100,98901,100,100084,100,98874,100,100096,100,98852,100,100131,100,98726,100,100162,100,98703,100
2019-06-28 09:43:10.000000000,99948,352,99889,352,99977,100,99855,100,100004,100,99726,100,100048,100,98999,100,100053,100,98998,100,100069,100,98901,100,100084,100,98874,100,100096,100,98852,100,100131,100,98726,100,100162,100,98703,100
2019-06-28 09:43:14.166750268,99948,252,99889,352,99977,100,99855,100,100004,100,99726,100,100048,100,98999,100,100053,100,98998,100,100084,100,98901,100,100096,100,98874,100,100131,100,98852,100,100162,100,98726,100,100187,100,98703,100
2019-06-28 09:43:20.000000000,99977,352,99889,352,100004,100,99855,100,100048,100,99726,100,100053,100,98999,100,100084,100,98998,100,100096,100,98901,100,100131,100,98874,100,100162,100,98852,100,100187,100,98726,100,100349,100,98703,100
2019-06-28 09:43:20.533486614,99977,352,99889,352,100004,100,99855,100,100048,100,98999,100,100053,100,98998,100,100084,100,98901,100,100096,100,98874,100,100131,100,98852,100,100162,100,98726,100,100187,100,98703,100,100312,100,98690,100
2019-06-28 09:43:29.171732767,99977,252,99889,352,100004,100,99855,100,100048,100,98999,100,100053,100,98998,100,100084,100,98901,100,100096,100,98874,100,100131,100,98852,100,100162,100,98726,100,100187,100,98703,100,100312,100,98690,100
2019-06-28 09:43:30.000000000,100004,226,99889,226,100048,226,99855,226,100053,100,98999,100,100084,100,98998,100,100096,100,98901,100,100131,100,98874,100,100162,100,98852,100,100187,100,98726,100,100312,100,98703,100,100349,100,98690,100
2019-06-28 09:43:34.111056476,100004,226,99889,226,100048,226,99855,226,100053,100,98999,100,100084,100,98998,100,100096,100,98901,100,100131,100,98874,100,100162,100,98852,100,100187,100,98726,100,100312,100,98703,100,100349,100,98690,100
2019-06-28 09:43:40.000000000,100004,226,99889,226,100048,226,99855,226,100053,100,98999,100,100084,100,98998,100,100096,100,98901,100,100131,100,98874,100,100162,100,98852,100,100187,100,98726,100,100312,100,98703,100,100349,100,98690,100
2019-06-28 09:43:49.774847379,100004,126,99889,226,100048,226,99855,226,100053,100,98999,100,100084,100,98998,100,100096,100,98901,100,100131,100,98874,100,100162,100,98852,100,100187,100,98726,100,100312,100,98703,100,100349,100,98690,100
2019-06-28 09:43:50.000000000,100048,352,99889,352,100053,100,99855,100,100084,100,98999,100,100096,100,98998,100,100131,100,98901,100,100162,100,98874,100,100187,100,98852,100,100312,100,98726,100,100349,100,98703,100,100485,100,98690,100
2019-06-28 09:44:00.000000000,100048,186,99889,186,100053,183,99855,183,100084,183,98999,183,100096,100,98998,100,100131,100,98901,100,100162,100,98874,100,100187,100,98852,100,100312,100,98726,100,100349,100,98703,100,100485,100,98690,100
2019-06-28 09:44:03.084903264,100048,86,99889,186,100053,183,99855,183,100084,183,98999,183,100096,100,98998,100,100131,100,98901,100,100162,100,98874,100,100187,100,98852,100,100312,100,98726,100,100349,100,98703,100,100485,100,98690,100
2019-06-28 09:44:10.000000000,100053,186,99889,186,100084,183,99855,183,100096,183,98999,183,100131,100,98998,100,100162,100,98901,100,100187,100,98874,100,100312,100,98852,100,100349,100,98726,100,100485,100,98703,100,,,98690,100
2019-06-28 09:44:10.172912589,100053,186,99889,186,100084,183,99855,183,100096,183,98999,183,100131,100,98998,100,100162,100,98901,100,100187,100,98874,100,100312,100,98852,100,100349,100,98726,100,100485,100,98703,100,100596,100,98690,100
2019-06-28 09:44:14.021454613,100053,186,100004,100,100084,183,99889,186,100096,183,99855,183,100131,100,98999,183,100162,100,98998,100,100187,100,98901,100,100312,100,98874,100,100349,100,98852,100,100485,100,98726,100,100596,100,98703,100
2019-06-28 09:44:16.508786250,100053,86,100004,100,100084,183,99889,186,100096,183,99855,183,100131,100,98999,183,100162,100,98901,100,100187,100,98874,100,100312,100,98852,100,100349,100,98726,100,100485,100,98703,100,100596,100,98690,100
2019-06-28 09:44:20.000000000,100084,352,100004,352,100096,100,99889,100,100131,100,99855,100,100162,100,98999,100,100187,100,98901,100,100312,100,98874,100,100349,100,98852,100,100485,100,98726,100,100596,100,98703,100,,,98690,100
2019-06-28 09:44:25.413116271,100084,252,100004,352,100096,100,99889,100,100131,100,99855,100,100162,100,98999,100,100187,100,98901,100,100312,100,98874,100,100349,100,98852,100,100485,100,98726,100,100596,100,98703,100,,,98690,100
2019-06-28 09:44:30.000000000,100096,352,100004,352,100131,100,99889,100,100162,100,99855,100,100187,100,98999,100,100312,100,98901,100,100349,100,98874,100,100485,100,98852,100,100596,100,98726,100,,,98703,100,,,98690,100
2019-06-28 09:44:40.000000000,100096,186,100004,186,100131,183,99889,183,100162,183,99855,183,100187,100,98999,100,100312,100,98901,100,100349,100,98874,100,100485,100,98852,100,100596,100,98726,100,,,98703,100,,,98690,100
2019-06-28 09:44:50.000000000,100096,163,100004,163,100131,163,99889,163,100162,163,99855,163,100187,163,98999,163,100312,100,98901,100,100349,100,98874,100,100485,100,98852,100,100596,100,98726,100,,,98703,100,,,98690,100
2019-06-28 09:45:00.000000000,100096,163,100004,163,100131,163,99889,163,100162,163,99855,163,100187,163,98999,163,100312,100,98901,100,100349,100,98874,100,100485,100,98852,100,100596,100,98726,100,,,98703,100,,,98690,100
2019-06-28 09:45:10.000000000,100096,186,100004,186,100131,183,99889,183,100162,183,99855,183,100187,100,98999,100,100312,100,98901,100,100349,100,98874,100,100485,100,98852,100,100596,100,98726,100,,,98703,100,,,98690,100
2019-06-28 09:45:14.353533556,100096,86,100004,186,100131,183,99889,183,100162,183,99855,183,100187,100,98999,100,100312,100,98901,100,100349,100,98874,100,100485,100,98852,100,100596,100,98726,100,,,98703,100,,,98690,100
2019-06-28 09:45:20.000000000,100131,352,100004,352,100162,100,99889,100,100187,100,99855,100,100312,100,98999,100,100349,100,98901,100,100485,100,98874,100,100596,100,98852,100,,,98726,100,,,98703,100,,,98690,100
2019-06-28 09:45:25.681621628,100131,352,100004,352,100162,100,99889,100,100187,100,99855,100,100312,100,98999,100,100349,100,98874,100,100485,100,98852,100,100596,100,98726,100,100831,100,98703,100,,,98690,100,,,98680,100
2019-06-28 09:45:29.339456927,100131,352,100084,100,100162,100,100004,352,100187,100,99889,100,100312,100,99855,100,100349,100,98999,100,100485,100,98874,100,100596,100,98852,100,100831,100,98726,100,,,98703,100,,,98690,100
2019-06-28 09:45:30.000000000,100131,150,100084,150,100162,150,100004,150,100187,150,99889,150,100312,150,99855,150,100349,150,98999,150,100485,100,98874,100,100596,100,98852,100,100831,100,98726,100,,,98703,100,,,98690,100
2019-06-28 09:45:31.042722272,100131,150,100084,150,100162,150,100004,150,100187,150,99889,150,100312,150,99855,150,100349,150,98999,150,100485,100,98874,100,100596,100,98852,100,100831,100,98726,100,100856,100,98703,100,,,98690,100
2019-06-28 09:45:40.000000000,100131,163,100084,163,100162,163,100004,163,100187,163,99889,163,100312,163,99855,163,100349,100,98999,100,100485,100,98874,100,100596,100,98852,100,100831,100,98726,100,100856,100,98703,100,,,98690,100
2019-06-28 09:45:50.000000000,100131,186,100084,186,100162,183,100004,183,100187,183,99889,183,100312,100,99855,100,100349,100,98999,100,100485,100,98874,100,100596,100,98852,100,100831,100,98726,100,100856,100,98703,100,,,98690,100
2019-06-28 09:45:50.240617437,100131,186,100084,186,100162,83,100004,183,100187,183,99889,183,100312,100,99855,100,100349,100,98999,100,100485,100,98874,100,100510,100,98852,100,100596,100,98726,100,100831,100,98703,100,100856,100,98690,100
2019-06-28 09:45:53.104695959,100131,86,100084,186,100162,83,100004,183,100187,183,99889,183,100312,100,99855,100,100349,100,98999,100,100485,100,98874,100,100510,100,98852,100,100596,100,98726,100,100831,100,98703,100,100856,100,98690,100
2019-06-28 09:46:00.000000000,100187,352,100084,352,100312,100,100004,100,100349,100,99889,100,100485,100,99855,100,100510,100,98999,100,100596,100,98874,100,100831,100,98852,100,100856,100,98726,100,,,98703,100,,,98690,100
2019-06-28 09:46:06.260159620,100187,352,100084,352,100312,100,100004,100,100349,100,99889,100,100443,100,99855,100,100485,100,98999,100,100510,100,98874,100,100596,100,98852,100,100831,100,98726,100,100856,100,98703,100,,,98690,100
2019-06-28 09:46:10.000000000,100187,150,100084,150,100312,150,100004,150,100349,150,99889,150,100443,150,99855,150,100485,150,98999,150,100510,100,98874,100,100596,100,98852,100,100831,100,98726,100,100856,100,98703,100,,,98690,100
2019-06-28 09:46:20.000000000,100187,163,100084,163,100312,163,100004,163,100349,163,99889,163,100443,163,99855,163,100485,100,98999,100,100510,100,98874,100,100596,100,98852,100,100831,100,98726,100,100856,100,98703,100,,,98690,100
2019-06-28 09:46:27.351948631,100187,163,100084,163,100312,163,100004,163,100349,163,99889,163,100443,163,99855,163,100485,100,98999,100,100510,100,98874,100,100541,100,98852,100,100596,100,98726,100,100856,100,98703,100,,,98690,100
2019-06-28 09:46:30.000000000,100187,352,100084,352,100312,100,100004,100,100349,100,99889,100,100443,100,99855,100,100485,100,98999,100,100510,100,98874,100,100541,100,98852,100,100596,100,98726,100,100856,100,98703,100,,,98690,100
2019-06-28 09:46:40.000000000,100187,352,100084,352,100312,100,100004,100,100349,100,99889,100,100443,100,99855,100,100485,100,98999,100,100510,100,98874,100,100541,100,98852,100,100596,100,98726,100,100856,100,98703,100,,,98690,100
2019-06-28 09:46:41.792865898,100187,252,100084,352,100312,100,100004,100,100349,100,99889,100,100443,100,99855,100,100485,100,98999,100,100510,100,98874,100,100541,100,98852,100,100596,100,98726,100,100856,100,98703,100,,,98690,100
2019-06-28 09:46:50.000000000,100312,163,100084,163,100349,163,100004,163,100443,163,99889,163,100485,163,99855,163,100510,100,98999,100,100541,100,98874,100,100596,100,98852,100,100856,100,98726,100,,,98703,100,,,98690,100
2019-06-28 09:47:00.000000000,100312,226,100084,226,100349,226,100004,226,100443,100,99889,100,100485,100,99855,100,100510,100,98999,100,100541,100,98874,100,100596,100,98852,100,100856,100,98726,100,,,98703,100,,,98690,100
2019-06-28 09:47:00.396432980,100312,226,100084,226,100349,126,100004,226,100443,100,99889,100,100485,100,99855,100,100510,100,98999,100,100541,100,98874,100,100576,100,98852,100,100596,100,98726,100,100856,100,98703,100,,,98690,100
2019-06-28 09:47:10.000000000,100312,352,100084,352,100443,100,100004,100,100485,100,99889,100,100510,100,99855,100,100541,100,98999,100,100576,100,98874,100,100596,100,98852,100,100856,100,98726,100,,,98703,100,,,98690,100
2019-06-28 09:47:12.065487441,100312,352,100131,100,100443,100,100084,352,100485,100,100004,100,100510,100,99889,100,100541,100,99855,100,100576,100,98999,100,100596,100,98874,100,100856,100,98852,100,,,98726,100,,,98703,100
2019-06-28 09:47:16.954045841,100312,352,100131,100,100443,100,100084,252,100485,100,100004,100,100510,100,99889,100,100541,100,99855,100,100576,100,98999,100,100596,100,98874,100,100856,100,98852,100,,,98726,100,,,98703,100
2019-06-28 09:47:20.000000000,100312,352,100131,352,100443,100,100004,100,100485,100,99889,100,100510,100,99855,100,100541,100,98999,100,100576,100,98874,100,100596,100,98852,100,100856,100,98726,100,,,98703,100,,,98690,100
2019-06-28 09:47:23.529970750,100312,352,100131,352,100443,100,100004,100,100485,100,99889,100,100488,100,99855,100,100510,100,98999,100,100541,100,98874,100,100576,100,98852,100,100596,100,98726,100,100856,100,98703,100,,,98690,100
2019-06-28 09:47:30.000000000,100312,352,100131,352,100443,100,100004,100,100485,100,99889,100,100488,100,99855,100,100510,100,98999,100,100541,100,98874,100,100576,100,98852,100,100596,100,98726,100,100856,100,98703,100,,,98690,100
2019-06-28 09:47:40.000000000,100312,352,100131,352,100443,100,100004,100,100485,100,99889,100,100488,100,99855,100,100510,100,98999,100,100541,100,98874,100,100576,100,98852,100,100596,100,98726,100,100856,100,98703,100,,,98690,100
2019-06-28 09:47:42.580832610,100312,352,100131,352,100443,100,100004,100,100485,100,99889,100,100488,100,99855,100,100510,100,98999,100,100541,100,98874,100,100576,100,98852,100,100596,100,98726,100,100856,100,98703,100,,,98690,100
2019-06-28 09:47:47.158733215,100312,352,100131,352,100443,100,100004,100,100485,100,99889,100,100488,100,99855,100,100510,100,98999,100,100541,100,98874,100,100576,100,98852,100,100596,100,98726,100,100732,100,98703,100,100856,100,98690,100
2019-06-28 09:47:50.000000000,100312,226,100131,226,100443,226,100004,226,100485,100,99889,100,100488,100,99855,100,100510,100,98999,100,100541,100,98874,100,100576,100,98852,100,100596,100,98726,100,100732,100,98703,100,100856,100,98690,100
2019-06-28 09:48:00.000000000,100312,226,100131,226,100443,226,100004,226,100485,100,99889,100,100488,100,99855,100,100510,100,98999,100,100541,100,98874,100,100576,100,98852,100,100596,100,98726,100,100732,100,98703,100,100856,100,98690,100
2019-06-28 09:48:03.050314694,100312,226,100254,100,100443,226,100131,226,100485,100,100004,226,100488,100,99889,100,100510,100,99855,100,100541,100,98999,100,100576,100,98874,100,100596,100,98852,100,100732,100,98726,100,100856,100,98703,100
2019-06-28 09:48:08.892654786,100312,126,100254,100,100443,226,100131,226,100485,100,100004,226,100488,100,99889,100,100510,100,99855,100,100541,100,98999,100,100576,100,98874,100,100596,100,98852,100,100732,100,98726,100,100856,100,98703,100
2019-06-28 09:48:10.000000000,100443,186,100254,186,100485,183,100131,183,100488,183,100004,183,100510,100,99889,100,100541,100,99855,100,100576,100,98999,100,100596,100,98874,100,100732,100,98852,100,100856,100,98726,100,,,98703,100
2019-06-28 09:48:10.582869575,100443,186,100254,186,100485,183,100131,183,100488,183,100004,183,100510,100,99889,100,100541,100,99855,100,100574,100,98999,100,100576,100,98852,100,100596,100,98726,100,100732,100,98703,100,100856,100,98690,100
2019-06-28 09:48:16.490224501,100443,186,100254,186,100485,183,100131,183,100488,183,100004,183,100510,100,99889,100,100541,100,99855,100,100574,100,98999,100,100576,100,98852,100,100595,100,98726,100,100596,100,98703,100,100732,100,98690,100
2019-06-28 09:48:20.000000000,100443,186,100254,186,100485,183,100131,183,100488,183,100004,183,100510,100,99889,100,100541,100,99855,100,100574,100,98999,100,100576,100,98852,100,100595,100,98726,100,100596,100,98703,100,100732,100,98690,100
2019-06-28 09:48:30.000000000,100443,150,100254,150,100485,150,100131,150,100488,150,100004,150,100510,150,99889,150,100541,150,99855,150,100574,100,98999,100,100576,100,98852,100,100595,100,98726,100,100596,100,98703,100,100732,100,98690,100
2019-06-28 09:48:40.000000000,100443,163,100254,163,100485,163,100131,163,100488,163,100004,163,100510,163,99889,163,100541,100,99855,100,100574,100,98999,100,100576,100,98852,100,100595,100,98726,100,100596,100,98703,100,100732,100,98690,100
2019-06-28 09:48:50.000000000,100443,163,100254,163,100485,163,100131,163,100488,163,100004,163,100510,163,99889,163,100541,100,99855,100,100574,100,98999,100,100576,100,98852,100,100595,100,98726,100,100596,100,98703,100,100732,100,98690,100
2019-06-28 09:48:56.232803306,100443,163,100254,63,100485,163,100131,163,100488,163,100004,163,100510,163,99889,163,100541,100,99855,100,100574,100,98999,100,100576,100,98852,100,100595,100,98726,100,100596,100,98703,100,100732,100,98690,100
2019-06-28 09:49:00.000000000,100443,352,100131,352,100485,100,100004,100,100488,100,99889,100,100510,100,99855,100,100541,100,98999,100,100574,100,98852,100,100576,100,98726,100,100595,100,98703,100,100596,100,98690,100,100732,100,98618,100
2019-06-28 09:49:10.000000000,100443,352,100131,352,100485,100,100004,100,100488,100,99889,100,100510,100,99855,100,100541,100,98999,100,100574,100,98852,100,100576,100,98726,100,100595,100,98703,100,100596,100,98690,100,100732,100,98618,100
2019-06-28 09:49:20.000000000,100443,163,100131,163,100485,163,100004,163,100488,163,99889,163,100510,163,99855,163,100541,100,98999,100,100574,100,98852,100,100576,100,98726,100,100595,100,98703,100,100596,100,98690,100,100732,100,98618,100
2019-06-28 09:49:30.000000000,100443,352,100131,352,100485,100,100004,100,100488,100,99889,100,100510,100,99855,100,100541,100,98999,100,100574,100,98852,100,100576,100,98726,100,100595,100,98703,100,100596,100,98690,100,100732,100,98618,100
2019-06-28 09:49:40.000000000,100443,226,100131,226,100485,226,100004,226,100488,100,99889,100,100510,100,99855,100,100541,100,98999,100,100574,100,98852,100,100576,100,98726,100,100595,100,98703,100,100596,100,98690,100,100732,100,98618,100
2019-06-28 09:49:50.000000000,100443,186,100131,186,100485,183,100004,183,100488,183,99889,183,100510,100,99855,100,100541,100,98999,100,100574,100,98852,100,100576,100,98726,100,100595,100,98703,100,100596,100,98690,100,100732,100,98618,100
2019-06-28 09:50:00.000000000,100443,226,100131,226,100485,226,100004,226,100488,100,99889,100,100510,100,99855,100,100541,100,98999,100,100574,100,98852,100,100576,100,98726,100,100595,100,98703,100,100596,100,98690,100,100732,100,98618,100
2019-06-28 09:50:00.876410470,100443,226,100255,100,100485,226,100131,226,100488,100,100004,126,100510,100,99889,100,100541,100,99855,100,100574,100,98999,100,100576,100,98852,100,100595,100,98726,100,100596,100,98703,100,100732,100,98690,100
2019-06-28 09:50:10.000000000,100443,150,100255,150,100485,150,100131,150,100488,150,99889,150,100510,150,99855,150,100541,150,98999,150,100574,100,98852,100,100576,100,98726,100,100595,100,98703,100,100596,100,98690,100,100732,100,98618,100
2019-06-28 09:50:14.402801266,100443,150,100255,250,100485,150,100131,150,100488,150,99889,150,100510,150,99855,150,100541,150,98999,150,100574,100,98852,100,100576,100,98726,100,100595,100,98703,100,100596,100,98690,100,100732,100,98618,100
2019-06-28 09:50:20.000000000,100443,352,100255,452,100485,100,100131,100,100488,100,99889,100,100510,100,99855,100,100541,100,98999,100,100574,100,98852,100,100576,100,98726,100,100595,100,98703,100,100596,100,98690,100,100732,100,98618,100
2019-06-28 09:50:30.000000000,100443,352,100255,452,100485,100,100131,100,100488,100,99889,100,100510,100,99855,100,100541,100,98999,100,100574,100,98852,100,100576,100,98726,100,100595,100,98703,100,100596,100,98690,100,100732,100,98618,100
2019-06-28 09:50:40.000000000,100443,163,100255,263,100485,163,100131,163,100488,163,99889,163,100510,163,99855,163,100541,100,98999,100,100574,100,98852,100,100576,100,98726,100,100595,100,98703,100,100596,100,98690,100,100732,100,98618,100
2019-06-28 09:50:50.000000000,100443,150,100255,250,100485,150,100131,150,100488,150,99889,150,100510,150,99855,150,100541,150,98999,150,100574,100,98852,100,100576,100,98726,100,100595,100,98703,100,100596,100,98690,100,100732,100,98618,100
2019-06-28 09:50:54.713986670,100443,150,100255,250,100485,150,100131,150,100488,150,99889,150,100497,100,99855,150,100510,150,98999,150,100541,150,98852,100,100574,100,98726,100,100576,100,98703,100,100595,100,98690,100,100596,100,98618,100
2019-06-28 09:51:00.000000000,100443,150,100255,250,100485,150,100131,150,100488,150,99889,150,100497,150,99855,150,100510,150,98999,150,100541,100,98852,100,100574,100,98726,100,100576,100,98703,100,100595,100,98690,100,100596,100,98618,100
2019-06-28 09:51:10.000000000,100443,352,100255,452,100485,100,100131,100,100488,100,99889,100,100497,100,99855,100,100510,100,98999,100,100541,100,98852,100,100574,100,98726,100,100576,100,98703,100,100595,100,98690,100,100596,100,98618,100
2019-06-28 09:51:10.193918803,100443,352,100428,100,100485,100,100255,452,100488,100,100131,100,100497,100,99889,100,100510,100,99855,100,100541,100,98999,100,100574,100,98852,100,100576,100,98726,100,100595,100,98703,100,100596,100,98690,100
2019-06-28 09:51:20.000000000,100443,226,100428,226,100485,226,100255,326,100488,100,100131,100,100497,100,99889,100,100510,100,99855,100,100541,100,98999,100,100574,100,98852,100,100576,100,98726,100,100595,100,98703,100,100596,100,98690,100
2019-06-28 09:51:22.476770370,100443,226,100428,226,100485,226,100255,326,100488,100,100243,100,100497,100,100131,100,100510,100,99889,100,100541,100,99855,100,100574,100,98999,100,100576,100,98852,100,100595,100,98726,100,100596,100,98690,100
2019-06-28 09:51:27.069604203,100443,226,100428,126,100485,226,100255,326,100488,100,100243,100,100497,100,100131,100,100510,100,99889,100,100541,100,99855,100,100574,100,98999,100,100576,100,98852,100,100596,100,98726,100,100732,100,98690,100
2019-06-28 09:51:30.000000000,100443,352,100255,452,100485,100,100243,100,100488,100,100131,100,100497,100,99889,100,100510,100,99855,100,100541,100,98999,100,100574,100,98852,100,100576,100,98726,100,100596,100,98690,100,100732,100,98618,100
2019-06-28 09:51:31.504656220,100428,100,100255,452,100443,352,100243,100,100485,100,100131,100,100488,100,99889,100,100497,100,99855,100,100510,100,98999,100,100541,100,98852,100,100574,100,98726,100,100576,100,98690,100,100596,100,98618,100
2019-06-28 09:51:40.000000000,100428,163,100255,263,100443,163,100243,163,100485,163,100131,163,100488,163,99889,163,100497,100,99855,100,100510,100,98999,100,100541,100,98852,100,100574,100,98726,100,100576,100,98690,100,100596,100,98618,100
2019-06-28 09:51:49.189607407,100428,163,100255,263,100443,163,100243,163,100485,163,100131,163,100488,163,99889,163,100497,100,99855,100,100510,100,98999,100,100541,100,98852,100,100574,100,98726,100,100576,100,98690,100,100596,100,98618,100
2019-06-28 09:51:49.216287697,100428,163,100255,263,100443,163,100243,163,100485,163,100131,163,100488,163,99889,163,100497,100,99855,100,100510,100,98999,100,100541,100,98852,100,100574,100,98726,100,100576,100,98690,100,100585,100,98618,100
2019-06-28 09:51:50.000000000,100428,352,100255,452,100443,100,100243,100,100485,100,100131,100,100488,100,99889,100,100497,100,99855,100,100510,100,98999,100,100541,100,98852,100,100574,100,98726,100,100576,100,98690,100,100585,100,98618,100
2019-06-28 09:52:00.000000000,100428,163,100255,263,100443,163,100243,163,100485,163,100131,163,100488,163,99889,163,100497,100,99855,100,100510,100,98999,100,100541,100,98852,100,100574,100,98726,100,100576,100,98690,100,100585,100,98618,100
2019-06-28 09:52:10.000000000,100428,163,100255,263,100443,163,100243,163,100485,163,100131,163,100488,163,99889,163,100497,100,99855,100,100510,100,98999,100,100541,100,98852,100,100574,100,98726,100,100576,100,98690,100,100585,100,98618,100
2019-06-28 09:52:20.000000000,100428,226,100255,326,100443,226,100243,226,100485,100,100131,100,100488,100,99889,100,100497,100,99855,100,100510,100,98999,100,100541,100,98852,100,100574,100,98726,100,100576,100,98690,100,100585,100,98618,100
2019-06-28 09:52:30.000000000,100428,352,100255,452,100443,100,100243,100,100485,100,100131,100,100488,100,99889,100,100497,100,99855,100,100510,100,98999,100,100541,100,98852,100,100574,100,98726,100,100576,100,98690,100,100585,100,98618,100
2019-06-28 09:52:35.838959707,100428,352,100255,452,100443,100,100243,100,100485,100,100131,100,100488,100,99948,100,100497,100,99889,100,100510,100,99855,100,100541,100,98999,100,100574,100,98852,100,100576,100,98726,100,100585,100,98690,100
2019-06-28 09:52:40.000000000,100428,150,100255,250,100443,150,100243,150,100485,150,100131,150,100488,150,99948,150,100497,150,99889,150,100510,100,99855,100,100541,100,98999,100,100574,100,98852,100,100576,100,98726,100,100585,100,98690,100
2019-06-28 09:52:50.000000000,100428,186,100255,286,100443,183,100243,183,100485,183,100131,183,100488,100,99948,100,100497,100,99889,100,100510,100,99855,100,100541,100,98999,100,100574,100,98852,100,100576,100,98726,100,100585,100,98690,100
2019-06-28 09:53:00.000000000,100428,186,100255,286,100443,183,100243,183,100485,183,100131,183,100488,100,99948,100,100497,100,99889,100,100510,100,99855,100,100541,100,98999,100,100574,100,98852,100,100576,100,98726,100,100585,100,98690,100
2019-06-28 09:53:10.000000000,100428,226,100255,326,100443,226,100243,226,100485,100,100131,100,100488,100,99948,100,100497,100,99889,100,100510,100,99855,100,100541,100,98999,100,100574,100,98852,100,100576,100,98726,100,100585,100,98690,100
2019-06-28 09:53:12.247613948,100428,226,100255,226,100443,226,100243,226,100485,100,100131,100,100488,100,99948,100,100497,100,99889,100,100510,100,99855,100,100541,100,98999,100,100574,100,98852,100,100576,100,98726,100,100585,100,98690,100
2019-06-28 09:53:13.083499079,100428,226,100255,226,100443,226,100243,226,100485,100,100131,100,100488,100,99948,100,100497,100,99889,100,100510,100,99855,100,100541,100,99714,100,100574,100,98999,100,100576,100,98852,100,100585,100,98726,100
2019-06-28 09:53:20.000000000,100428,186,100255,186,100443,183,100243,183,100485,183,100131,183,100488,100,99948,100,100497,100,99889,100,100510,100,99855,100,100541,100,99714,100,100574,100,98999,100,100576,100,98852,100,100585,100,98726,100
2019-06-28 09:53:28.324787157,100428,186,100255,186,100443,83,100243,183,100485,183,100142,100,100488,100,100131,183,100497,100,99948,100,100510,100,99889,100,100541,100,99855,100,100574,100,99714,100,100576,100,98999,100,100585,100,98852,100
2019-06-28 09:53:28.973067987,100428,186,100255,186,100443,83,100243,183,100485,183,100142,100,100488,100,100131,83,100497,100,99948,100,100510,100,99889,100,100541,100,99855,100,100574,100,99714,100,100576,100,98999,100,100585,100,98852,100
2019-06-28 09:53:30.000000000,100428,186,100255,186,100485,183,100243,183,100488,183,100142,183,100497,100,99948,100,100510,100,99889,100,100541,100,99855,100,100574,100,99714,100,100576,100,98999,100,100585,100,98852,100,100596,100,98726,100
2019-06-28 09:53:36.113007351,100427,100,100255,86,100428,186,100243,183,100485,183,100142,183,100488,183,99948,100,100497,100,99889,100,100510,100,99855,100,100541,100,99714,100,100574,100,98999,100,100576,100,98852,100,100585,100,98726,100
2019-06-28 09:53:40.000000000,100427,163,100243,163,100428,163,100142,163,100485,163,99948,163,100488,163,99889,163,100497,100,99855,100,100510,100,99714,100,100541,100,98999,100,100574,100,98852,100,100576,100,98726,100,100585,100,98690,100
2019-06-28 09:53:50.000000000,100427,186,100243,186,100428,183,100142,183,100485,183,99948,183,100488,100,99889,100,100497,100,99855,100,100510,100,99714,100,100541,100,98999,100,100574,100,98852,100,100576,100,98726,100,100585,100,98690,100
2019-06-28 09:53:50.382557896,100427,286,100243,186,100428,183,100142,183,100485,183,99948,183,100488,100,99889,100,100497,100,99855,100,100510,100,99714,100,100541,100,98999,100,100574,100,98852,100,100576,100,98726,100,100585,100,98690,100
2019-06-28 09:54:00.000000000,100427,286,100243,186,100428,183,100142,183,100485,183,99948,183,100488,100,99889,100,100497,100,99855,100,100510,100,99714,100,100541,100,98999,100,100574,100,98852,100,100576,100,98726,100,100585,100,98690,100
2019-06-28 09:54:10.000000000,100427,286,100243,186,100428,183,100142,183,100485,183,99948,183,100488,100,99889,100,100497,100,99855,100,100510,100,99714,100,100541,100,98999,100,100574,100,98852,100,100576,100,98726,100,100585,100,98690,100
2019-06-28 09:54:13.346324784,100386,100,100243,186,100427,286,100142,183,100428,183,99948,183,100485,183,99889,100,100488,100,99855,100,100497,100,99714,100,100510,100,98999,100,100541,100,98852,100,100574,100,98726,100,100576,100,98690,100
2019-06-28 09:54:19.981605530,100386,100,100243,186,100427,186,100142,183,100428,183,99948,183,100485,183,99889,100,100488,100,99855,100,100497,100,99714,100,100510,100,98999,100,100541,100,98852,100,100574,100,98726,100,100576,100,98690,100
2019-06-28 09:54:20.000000000,100386,163,100243,163,100427,163,100142,163,100428,163,99948,163,100485,163,99889,163,100488,100,99855,100,100497,100,99714,100,100510,100,98999,100,100541,100,98852,100,100574,100,98726,100,100576,100,98690,100
2019-06-28 09:54:30.000000000,100386,226,100243,226,100427,226,100142,226,100428,100,99948,100,100485,100,99889,100,100488,100,99855,100,100497,100,99714,100,100510,100,98999,100,100541,100,98852,100,100574,100,98726,100,100576,100,98690,100
2019-06-28 09:54:40.000000000,100386,150,100243,150,100427,150,100142,150,100428,150,99948,150,100485,150,99889,150,100488,150,99855,150,100497,100,99714,100,100510,100,98999,100,100541,100,98852,100,100574,100,98726,100,100576,100,98690,100
2019-06-28 09:54:50.000000000,100386,226,100243,226,100427,226,100142,226,100428,100,99948,100,100485,100,99889,100,100488,100,99855,100,100497,100,99714,100,100510,100,98999,100,100541,100,98852,100,100574,100,98726,100,100576,100,98690,100
2019-06-28 09:54:54.211676368,100386,226,100243,226,100427,226,100142,226,100428,100,99959,100,100485,100,99948,100,100488,100,99889,100,100497,100,99855,100,100510,100,99714,100,100541,100,98999,100,100574,100,98852,100,100576,100,98726,100
2019-06-28 09:54:57.274994887,100386,226,100243,226,100427,326,100142,226,100428,100,99959,100,100485,100,99948,100,100488,100,99889,100,100497,100,99855,100,100510,100,99714,100,100541,100,98999,100,100574,100,98852,100,100576,100,98726,100
2019-06-28 09:55:00.000000000,100386,150,100243,150,100427,250,100142,150,100428,150,99959,150,100485,150,99948,150,100488,150,99889,150,100497,100,99855,100,100510,100,99714,100,100541,100,98999,100,100574,100,98852,100,100576,100,98726,100
2019-06-28 09:55:10.000000000,100386,186,100243,186,100427,283,100142,183,100428,183,99959,183,100485,100,99948,100,100488,100,99889,100,100497,100,99855,100,100510,100,99714,100,100541,100,98999,100,100574,100,98852,100,100576,100,98726,100
2019-06-28 09:55:20.000000000,100386,352,100243,352,100427,200,100142,100,100428,100,99959,100,100485,100,99948,100,100488,100,99889,100,100497,100,99855,100,100510,100,99714,100,100541,100,98999,100,100574,100,98852,100,100576,100,98726,100
2019-06-28 09:55:30.000000000,100386,352,100243,352,100427,200,100142,100,100428,100,99959,100,100485,100,99948,100,100488,100,99889,100,100497,100,99855,100,100510,100,99714,100,100541,100,98999,100,100574,100,98852,100,100576,100,98726,100
2019-06-28 09:55:32.066093007,100386,352,100243,252,100427,200,100142,100,100428,100,99959,100,100485,100,99948,100,100488,100,99889,100,100497,100,99855,100,100510,100,99714,100,100541,100,98999,100,100574,100,98852,100,100576,100,98726,100
2019-06-28 09:55:34.003040325,100386,352,100243,152,100427,200,100142,100,100428,100,99959,100,100485,100,99948,100,100488,100,99889,100,100497,100,99855,100,100510,100,99714,100,100541,100,98999,100,100574,100,98852,100,100576,100,98726,100
2019-06-28 09:55:37.415214569,100386,352,100256,100,100427,200,100243,152,100428,100,100142,100,100485,100,99959,100,100488,100,99948,100,100497,100,99889,100,100510,100,99855,100,100541,100,99714,100,100574,100,98999,100,100576,100,98852,100
2019-06-28 09:55:40.000000000,100386,163,100256,163,100427,263,100142,163,100428,163,99959,163,100485,163,99948,163,100488,100,99889,100,100497,100,99855,100,100510,100,99714,100,100541,100,98999,100,100574,100,98852,100,100576,100,98726,100
2019-06-28 09:55:50.000000000,100386,186,100256,186,100427,283,100142,183,100428,183,99959,183,100485,100,99948,100,100488,100,99889,100,100497,100,99855,100,100510,100,99714,100,100541,100,98999,100,100574,100,98852,100,100576,100,98726,100
2019-06-28 09:55:53.403629304,100386,186,100256,186,100427,283,100142,183,100428,183,100028,100,100485,100,99959,183,100488,100,99948,100,100497,100,99889,100,100510,100,99855,100,100541,100,99714,100,100574,100,98999,100,100576,100,98852,100
2019-06-28 09:56:00.000000000,100386,150,100256,150,100427,250,100142,150,100428,150,100028,150,100485,150,99959,150,100488,150,99948,150,100497,100,99889,100,100510,100,99855,100,100541,100,99714,100,100574,100,98999,100,100576,100,98852,100
2019-06-28 09:56:10.000000000,100386,186,100256,186,100427,283,100142,183,100428,183,100028,183,100485,100,99959,100,100488,100,99948,100,100497,100,99889,100,100510,100,99855,100,100541,100,99714,100,100574,100,98999,100,100576,100,98852,100
2019-06-28 09:56:20.000000000,100386,226,100256,226,100427,326,100142,226,100428,100,100028,100,100485,100,99959,100,100488,100,99948,100,100497,100,99889,100,100510,100,99855,100,100541,100,99714,100,100574,100,98999,100,100576,100,98852,100
2019-06-28 09:56:30.000000000,100386,186,100256,186,100427,283,100142,183,100428,183,100028,183,100485,100,99959,100,100488,100,99948,100,100497,100,99889,100,100510,100,99855,100,100541,100,99714,100,100574,100,98999,100,100576,100,98852,100
2019-06-28 09:56:33.209766686,100386,186,100256,86,100427,283,100142,183,100428,183,100028,183,100485,100,99959,100,100488,100,99948,100,100497,100,99889,100,100510,100,99855,100,100541,100,99714,100,100574,100,98999,100,100576,100,98852,100
2019-06-28 09:56:37.234631245,100256,14,100142,183,100386,186,100028,83,100427,283,99959,100,100428,183,99948,100,100485,100,99889,100,100488,100,99855,100,100497,100,99714,100,100510,100,98999,100,100541,100,98852,100,100574,100,98726,100
2019-06-28 09:56:40.000000000,100256,64,100142,150,100386,150,99959,150,100427,250,99948,150,100428,150,99889,150,100485,150,99855,150,100488,100,99714,100,100497,100,98999,100,100510,100,98852,100,100541,100,98726,100,100574,100,98690,100
2019-06-28 09:56:42.736716925,100256,64,100142,50,100386,150,99959,150,100427,250,99948,150,100428,150,99889,150,100485,150,99855,150,100488,100,99714,100,100497,100,98999,100,100510,100,98852,100,100541,100,98726,100,100574,100,98690,100
2019-06-28 09:56:50.000000000,100256,64,99959,150,100386,150,99948,150,100427,250,99889,150,100428,150,99855,150,100485,150,99714,150,100488,100,98999,100,100497,100,98852,100,100510,100,98726,100,100541,100,98690,100,100574,100,98618,100
2019-06-28 09:57:00.000000000,100256,64,99959,150,100386,150,99948,150,100427,250,99889,150,100428,150,99855,150,100485,150,99714,150,100488,100,98999,100,100497,100,98852,100,100510,100,98726,100,100541,100,98690,100,100574,100,98618,100
2019-06-28 09:57:02.281422281,100041,100,99959,150,100256,64,99948,150,100386,150,99889,150,100427,250,99855,150,100428,150,99714,150,100485,150,98999,100,100488,100,98852,100,100497,100,98726,100,100510,100,98690,100,100541,100,98618,100
2019-06-28 09:57:10.000000000,100041,163,99959,163,100256,77,99948,163,100386,163,99889,163,100427,263,99855,163,100428,100,99714,100,100485,100,98999,100,100488,100,98852,100,100497,100,98726,100,100510,100,98690,100,100541,100,98618,100
2019-06-28 09:57:20.000000000,100041,352,99959,352,100256,14,99948,100,100386,100,99889,100,100427,200,99855,100,100428,100,99714,100,100485,100,98999,100,100488,100,98852,100,100497,100,98726,100,100510,100,98690,100,100541,100,98618,100
2019-06-28 09:57:21.435693186,100041,352,99959,352,100256,14,99948,100,100310,100,99889,100,100386,100,99855,100,100427,200,99714,100,100428,100,98999,100,100485,100,98852,100,100488,100,98726,100,100497,100,98690,100,100510,100,98618,100
2019-06-28 09:57:21.562805427,100041,352,99959,352,100154,100,99948,100,100256,14,99889,100,100310,100,99855,100,100386,100,99714,100,100427,200,98999,100,100428,100,98852,100,100485,100,98726,100,100488,100,98690,100,100497,100,98618,100
2019-06-28 09:57:26.050107303,100041,352,99959,352,100154,100,99948,100,100255,100,99889,100,100256,14,99855,100,100310,100,99714,100,100386,100,98999,100,100427,200,98852,100,100428,100,98726,100,100485,100,98690,100,100488,100,98618,100
2019-06-28 09:57:30.000000000,100041,150,99959,150,100154,150,99948,150,100255,150,99889,150,100256,64,99855,150,100310,150,99714,150,100386,100,98999,100,100427,200,98852,100,100428,100,98726,100,100485,100,98690,100,100488,100,98618,100
2019-06-28 09:57:40.000000000,100041,163,99959,163,100154,163,99948,163,100255,163,99889,163,100256,77,99855,163,100310,100,99714,100,100386,100,98999,100,100427,200,98852,100,100428,100,98726,100,100485,100,98690,100,100488,100,98618,100
2019-06-28 09:57:50.000000000,100041,186,99959,186,100154,183,99948,183,100255,183,99889,183,100256,14,99855,100,100310,100,99714,100,100386,100,98999,100,100427,200,98852,100,100428,100,98726,100,100485,100,98690,100,100488,100,98618,100
2019-06-28 09:57:50.761141518,100041,186,99959,186,100154,183,99948,183,100255,283,99889,83,100256,14,99855,100,100310,100,99714,100,100386,100,98999,100,100427,200,98852,100,100428,100,98726,100,100485,100,98690,100,100488,100,98618,100
2019-06-28 09:58:00.000000000,100041,352,99959,352,100154,100,99948,100,100255,200,99855,100,100256,14,99714,100,100310,100,98999,100,100386,100,98852,100,100427,200,98726,100,100428,100,98690,100,100485,100,98618,100,100488,100,,
2019-06-28 09:58:01.163265324,100041,252,99959,352,100154,100,99948,100,100255,200,99855,100,100256,14,99714,100,100310,100,98999,100,100386,100,98852,100,100427,200,98726,100,100428,100,98690,100,100485,100,98618,100,100488,100,,
2019-06-28 09:58:05.811901288,100041,252,99959,352,100154,100,99948,100,100255,200,99945,100,100256,14,99855,100,100310,100,99714,100,100386,100,98999,100,100427,200,98852,100,100428,100,98726,100,100485,100,98690,100,100488,100,,
2019-06-28 09:58:10.000000000,100154,352,99959,352,100255,200,99948,100,100256,14,99945,100,100310,100,99855,100,100386,100,99714,100,100427,200,98999,100,100428,100,98852,100,100485,100,98726,100,100488,100,98690,100,100497,100,,
2019-06-28 09:58:20.000000000,100154,163,99959,163,100255,263,99948,163,100256,77,99945,163,100310,163,99855,163,100386,100,99714,100,100427,200,98999,100,100428,100,98852,100,100485,100,98726,100,100488,100,98690,100,100497,100,,
2019-06-28 09:58:23.931191028,100154,63,99959,163,100255,263,99948,163,100256,77,99945,163,100310,163,99855,163,100386,100,99714,100,100427,200,98999,100,100428,100,98852,100,100485,100,98726,100,100488,100,98690,100,100497,100,,
2019-06-28 09:58:30.000000000,100255,250,99959,150,100256,64,99948,150,100310,150,99945,150,100386,150,99855,150,100427,250,99714,150,100428,100,98999,100,100485,100,98852,100,100488,100,98726,100,100497,100,98690,100,100510,100,,
2019-06-28 09:58:37.762094742,100255,150,99959,150,100256,64,99948,150,100310,150,99945,150,100386,150,99855,150,100427,250,99714,150,100428,100,98999,100,100485,100,98852,100,100488,100,98726,100,100497,100,98690,100,100510,100,,
2019-06-28 09:58:39.703670697,100255,50,99959,150,100256,64,99948,150,100310,150,99945,150,100386,150,99855,50,100427,250,99714,150,100428,100,98999,100,100485,100,98852,100,100488,100,98726,100,100497,100,98690,100,100510,100,,
2019-06-28 09:58:40.000000000,100256,64,99959,150,100310,150,99948,150,100386,150,99945,150,100427,250,99714,150,100428,150,98999,150,100485,100,98852,100,100488,100,98726,100,100497,100,98690,100,100510,100,,,100541,100,,
2019-06-28 09:58:46.805995560,100256,64,99959,150,100310,150,99948,150,100386,150,99945,150,100427,250,99714,150,100428,150,98999,150,100441,100,98852,100,100485,100,98726,100,100488,100,98690,100,100497,100,,,100510,100,,
2019-06-28 09:58:50.000000000,100256,266,99959,352,100310,100,99948,100,100386,100,99945,100,100427,200,99714,100,100428,100,98999,100,100441,100,98852,100,100485,100,98726,100,100488,100,98690,100,100497,100,,,100510,100,,
2019-06-28 09:59:00.000000000,100256,64,99959,150,100310,150,99948,150,100386,150,99945,150,100427,250,99714,150,100428,150,98999,150,100441,100,98852,100,100485,100,98726,100,100488,100,98690,100,100497,100,,,100510,100,,
2019-06-28 09:59:10.000000000,100256,77,99959,163,100310,163,99948,163,100386,163,99945,163,100427,263,99714,163,100428,100,98999,100,100441,100,98852,100,100485,100,98726,100,100488,100,98690,100,100497,100,,,100510,100,,
2019-06-28 09:59:20.000000000,100256,266,99959,352,100310,100,99948,100,100386,100,99945,100,100427,200,99714,100,100428,100,98999,100,100441,100,98852,100,100485,100,98726,100,100488,100,98690,100,100497,100,,,100510,100,,
2019-06-28 09:59:20.446609336,100256,266,100255,100,100310,100,99959,352,100386,100,99948,100,100427,200,99945,100,100428,100,99714,100,100441,100,98999,100,100485,100,98852,100,100488,100,98726,100,100497,100,98690,100,100510,100,,
2019-06-28 09:59:21.342982958,100256,266,100255,100,100310,100,99959,352,100386,100,99948,100,100427,200,99945,100,100428,100,99714,100,100441,100,98999,100,100485,100,98852,100,100488,100,98726,100,100497,100,98690,100,100510,100,,
2019-06-28 09:59:30.000000000,100256,64,100255,150,100310,150,99959,150,100386,150,99948,150,100427,250,99945,150,100428,150,99714,150,100441,100,98999,100,100485,100,98852,100,100488,100,98726,100,100497,100,98690,100,100510,100,,
2019-06-28 09:59:40.000000000,100256,140,100255,226,100310,226,99959,226,100386,100,99948,100,100427,200,99945,100,100428,100,99714,100,100441,100,98999,100,100485,100,98852,100,100488,100,98726,100,100497,100,98690,100,100510,100,,
2019-06-28 09:59:40.831528346,100256,40,100255,226,100310,226,99959,226,100386,100,99948,100,100427,200,99945,100,100428,100,98999,100,100441,100,98852,100,100485,100,98726,100,100488,100,98690,100,100497,100,,,100510,100,,
2019-06-28 09:59:50.000000000,100310,163,100255,163,100386,163,99959,163,100427,263,99948,163,100428,163,99945,163,100441,100,98999,100,100485,100,98852,100,100488,100,98726,100,100497,100,98690,100,100510,100,,,100541,100,,
2019-06-28 10:00:00.000000000,100310,186,100255,186,100386,183,99959,183,100427,283,99948,183,100428,100,99945,100,100441,100,98999,100,100485,100,98852,100,100488,100,98726,100,100497,100,98690,100,100510,100,,,100541,100,,
2019-06-28 10:00:05.697400728,100310,186,100255,186,100386,183,99959,183,100427,283,99948,183,100428,100,99945,100,100441,100,98999,100,100467,100,98852,100,100485,100,98726,100,100488,100,98690,100,100497,100,,,100510,100,,
2019-06-28 10:00:09.603966151,100310,86,100255,186,100386,183,99959,183,100427,283,99948,183,100428,100,99945,100,100441,100,98999,100,100467,100,98852,100,100485,100,98726,100,100488,100,98690,100,100497,100,,,100510,100,,
2019-06-28 10:00:10.000000000,100386,150,100255,150,100427,250,99959,150,100428,150,99948,150,100441,150,99945,150,100467,150,98999,150,100485,100,98852,100,100488,100,98726,100,100497,100,98690,100,100510,100,,,100541,100,,
2019-06-28 10:00:13.593250793,100386,150,100255,150,100427,250,99959,150,100428,150,99948,150,100441,150,99945,150,100467,150,98999,150,100485,100,98852,100,100488,100,98726,100,100497,100,98690,100,100510,100,,,100541,100,,
2019-06-28 10:00:14.199944712,100386,150,100256,100,100427,150,100255,150,100428,150,99959,150,100441,150,99948,150,100467,150,99945,150,100485,100,98999,150,100488,100,98852,100,100497,100,98726,100,100510,100,98690,100,100541,100,,
2019-06-28 10:00:20.000000000,100386,352,100256,352,100427,100,100255,100,100428,100,99959,100,100441,100,99948,100,100467,100,99945,100,100485,100,98999,100,100488,100,98852,100,100497,100,98726,100,100510,100,98690,100,100541,100,,
2019-06-28 10:00:30.000000000,100386,150,100256,150,100427,150,100255,150,100428,150,99959,150,100441,150,99948,150,100467,150,99945,150,100485,100,98999,100,100488,100,98852,100,100497,100,98726,100,100510,100,98690,100,100541,100,,
2019-06-28 10:00:32.374115316,100386,50,100256,150,100427,150,100255,150,100428,150,99959,150,100441,150,99948,150,100467,150,99945,150,100485,100,98999,100,100488,100,98852,100,100497,100,98726,100,100510,100,98690,100,100541,100,,
2019-06-28 10:00:38.179855438,100427,150,100386,50,100428,150,100256,150,100441,150,100255,150,100467,150,99959,150,100485,100,99948,150,100488,100,99945,150,100497,100,98999,100,100510,100,98852,100,100541,100,98726,100,100576,100,98690,100
2019-06-28 10:00:40.000000000,100427,163,100386,113,100428,163,100256,163,100441,163,100255,163,100467,163,99959,163,100485,100,99948,100,100488,100,99945,100,100497,100,98999,100,100510,100,98852,100,100541,100,98726,100,100576,100,98690,100
2019-06-28 10:00:50.000000000,100427,186,100386,136,100428,183,100256,183,100441,183,100255,183,100467,100,99959,100,100485,100,99948,100,100488,100,99945,100,100497,100,98999,100,100510,100,98852,100,100541,100,98726,100,100576,100,98690,100
2019-06-28 10:00:54.011892267,100427,186,100386,236,100428,183,100256,183,100441,183,100255,183,100467,100,99959,100,100485,100,99948,100,100488,100,99945,100,100497,100,98999,100,100510,100,98852,100,100541,100,98726,100,100576,100,98690,100
2019-06-28 10:00:56.873272883,100427,186,100386,236,100428,183,100256,183,100441,183,100255,83,100467,100,99959,100,100485,100,99948,100,100488,100,99945,100,100497,100,98999,100,100510,100,98852,100,100541,100,98726,100,100576,100,98690,100
2019-06-28 10:01:00.000000000,100427,163,100386,213,100428,163,100256,163,100441,163,99959,163,100467,163,99948,163,100485,100,99945,100,100488,100,98999,100,100497,100,98852,100,100510,100,98726,100,100541,100,98690,100,100576,100,,
2019-06-28 10:01:06.687783096,100427,163,100386,213,100428,163,100256,163,100441,163,99959,163,100467,163,99948,163,100485,100,99945,100,100488,100,98999,100,100497,100,98852,100,100510,100,98726,100,100541,100,98690,100,100576,100,,
2019-06-28 10:01:10.000000000,100427,352,100386,402,100428,100,100256,100,100441,100,99959,100,100467,100,99948,100,100485,100,99945,100,100488,100,98999,100,100497,100,98852,100,100510,100,98726,100,100541,100,98690,100,100576,100,,
2019-06-28 10:01:14.696502521,100427,352,100386,502,100428,100,100256,100,100441,100,99959,100,100467,100,99948,100,100485,100,99945,100,100488,100,98999,100,100497,100,98852,100,100510,100,98726,100,100541,100,98690,100,100576,100,,
2019-06-28 10:01:20.000000000,100427,150,100386,300,100428,150,100256,150,100441,150,99959,150,100467,150,99948,150,100485,150,99945,150,100488,100,98999,100,100497,100,98852,100,100510,100,98726,100,100541,100,98690,100,100576,100,,
2019-06-28 10:01:24.982531979,100427,150,100386,300,100428,150,100256,150,100441,150,99959,150,100467,150,99948,150,100485,150,99945,150,100488,100,98999,100,100497,100,98852,100,100510,100,98726,100,100541,100,98690,100,100576,100,,
2019-06-28 10:01:30.000000000,100427,352,100386,502,100428,100,100256,100,100441,100,99959,100,100467,100,99948,100,100485,100,99945,100,100488,100,98999,100,100497,100,98852,100,100510,100,98726,100,100541,100,98690,100,100576,100,,
2019-06-28 10:01:38.174803050,100427,252,100386,502,100428,100,100256,100,100441,100,99959,100,100467,100,99948,100,100488,100,99945,100,100497,100,98999,100,100510,100,98852,100,100541,100,98726,100,100576,100,98690,100,100614,100,,
2019-06-28 10:01:40.000000000,100428,163,100386,313,100441,163,100256,163,100467,163,99959,163,100488,163,99948,163,100497,100,99945,100,100510,100,98999,100,100541,100,98852,100,100576,100,98726,100,100614,100,98690,100,100615,100,,
2019-06-28 10:01:40.072945355,100426,100,100386,313,100428,163,100256,163,100441,163,99959,163,100467,163,99948,163,100488,163,99945,100,100497,100,98999,100,100510,100,98852,100,100541,100,98726,100,100576,100,98690,100,100614,100,,
2019-06-28 10:01:41.647914603,100426,100,100386,313,100428,163,100327,100,100441,163,100256,163,100467,163,99959,163,100488,163,99948,163,100497,100,99945,100,100510,100,98852,100,100541,100,98726,100,100576,100,98690,100,100614,100,,
2019-06-28 10:01:42.329680104,100426,100,100386,313,100428,163,100327,100,100441,163,100256,163,100467,163,100140,100,100488,163,99959,163,100497,100,99948,163,100510,100,99945,100,100541,100,98852,100,100576,100,98726,100,100614,100,98690,100
2019-06-28 10:01:50.000000000,100426,163,100386,313,100428,163,100327,163,100441,163,100256,163,100467,163,100140,163,100488,100,99959,100,100497,100,99948,100,100510,100,99945,100,100541,100,98852,100,100576,100,98726,100,100614,100,98690,100
2019-06-28 10:02:00.000000000,100426,226,100386,376,100428,226,100327,226,100441,100,100256,100,100467,100,100140,100,100488,100,99959,100,100497,100,99948,100,100510,100,99945,100,100541,100,98852,100,100576,100,98726,100,100614,100,98690,100
2019-06-28 10:02:00.360849746,100426,226,100386,376,100428,226,100327,226,100441,100,100256,100,100467,100,100249,100,100488,100,100140,100,100497,100,99959,100,100510,100,99948,100,100541,100,99945,100,100576,100,98852,100,100614,100,98726,100
2019-06-28 10:02:10.000000000,100426,150,100386,300,100428,150,100327,150,100441,150,100256,150,100467,150,100249,150,100488,150,100140,150,100497,100,99959,100,100510,100,99948,100,100541,100,99945,100,100576,100,98852,100,100614,100,98726,100
2019-06-28 10:02:13.128459896,100426,150,100386,300,100428,150,100327,150,100441,150,100256,150,100467,150,100249,150,100488,150,100140,150,100497,100,100080,100,100510,100,99959,100,100541,100,99948,100,100576,100,99945,100,100614,100,98852,100
2019-06-28 10:02:13.735737072,100426,250,100386,300,100428,150,100327,150,100441,150,100256,150,100467,150,100249,150,100488,150,100140,150,100497,100,100080,100,100510,100,99959,100,100541,100,99948,100,100576,100,99945,100,100614,100,98852,100
2019-06-28 10:02:19.776157526,100426,250,100386,300,100428,150,100327,150,100441,150,100283,100,100467,150,100256,150,100488,150,100249,150,100497,100,100140,150,100510,100,100080,100,100541,100,99959,100,100576,100,99948,100,100614,100,99945,100
2019-06-28 10:02:20.000000000,100426,326,100386,376,100428,226,100327,226,100441,100,100283,100,100467,100,100256,100,100488,100,100249,100,100497,100,100140,100,100510,100,100080,100,100541,100,99959,100,100576,100,99948,100,100614,100,99945,100
2019-06-28 10:02:30.000000000,100426,286,100386,336,100428,183,100327,183,100441,183,100283,183,100467,100,100256,100,100488,100,100249,100,100497,100,100140,100,100510,100,100080,100,100541,100,99959,100,100576,100,99948,100,100614,100,99945,100
2019-06-28 10:02:38.235272480,100426,286,100386,336,100428,183,100327,183,100441,183,100283,183,100467,100,100256,100,100488,100,100140,100,100497,100,100080,100,100510,100,99959,100,100541,100,99948,100,100576,100,99945,100,100614,100,98852,100
2019-06-28 10:02:40.000000000,100426,326,100386,376,100428,226,100327,226,100441,100,100283,100,100467,100,100256,100,100488,100,100140,100,100497,100,100080,100,100510,100,99959,100,100541,100,99948,100,100576,100,99945,100,100614,100,98852,100
2019-06-28 10:02:42.720483307,100426,226,100386,376,100428,226,100327,226,100441,100,100283,100,100467,100,100256,100,100488,100,100140,100,100497,100,100080,100,100510,100,99948,100,100541,100,99945,100,100576,100,98852,100,100614,100,98726,100
2019-06-28 10:02:47.650326130,100426,126,100386,376,100428,226,100327,226,100441,100,100283,100,100467,100,100256,100,100488,100,100140,100,100497,100,100080,100,100510,100,99948,100,100541,100,99945,100,100576,100,98852,100,100614,100,98726,100
2019-06-28 10:02:50.000000000,100428,186,100386,336,100441,183,100327,183,100467,183,100283,183,100488,100,100256,100,100497,100,100140,100,100510,100,100080,100,100541,100,99948,100,100576,100,99945,100,100614,100,98852,100,100615,100,98726,100
2019-06-28 10:03:00.000000000,100428,163,100386,313,100441,163,100327,163,100467,163,100283,163,100488,163,100256,163,100497,100,100140,100,100510,100,100080,100,100541,100,99948,100,100576,100,99945,100,100614,100,98852,100,100615,100,98726,100
2019-06-28 10:03:08.636649906,100428,163,100386,313,100441,163,100327,163,100467,163,100307,100,100488,163,100283,163,100497,100,100256,163,100541,100,100140,100,100576,100,100080,100,100614,100,99948,100,100615,100,99945,100,100799,100,98852,100
2019-06-28 10:03:10.000000000,100428,352,100386,502,100441,100,100327,100,100467,100,100307,100,100488,100,100283,100,100497,100,100256,100,100541,100,100140,100,100576,100,100080,100,100614,100,99948,100,100615,100,99945,100,100799,100,98852,100
2019-06-28 10:03:17.262380217,100428,352,100386,402,100441,100,100327,100,100467,100,100307,100,100488,100,100283,100,100497,100,100256,100,100541,100,100140,100,100576,100,100080,100,100614,100,99945,100,100615,100,98852,100,100799,100,98726,100
2019-06-28 10:03:20.000000000,100428,163,100386,213,100441,163,100327,163,100467,163,100307,163,100488,163,100283,163,100497,100,100256,100,100541,100,100140,100,100576,100,100080,100,100614,100,99945,100,100615,100,98852,100,100799,100,98726,100
2019-06-28 10:03:24.083291661,100428,163,100386,213,100441,163,100327,163,100467,163,100307,163,100488,163,100283,163,100497,100,100256,100,100541,100,100246,100,100576,100,100140,100,100614,100,100080,100,100615,100,99945,100,100799,100,98852,100
2019-06-28 10:03:30.000000000,100428,352,100386,402,100441,100,100327,100,100467,100,100307,100,100488,100,100283,100,100497,100,100256,100,100541,100,100246,100,100576,100,100140,100,100614,100,100080,100,100615,100,99945,100,100799,100,98852,100
2019-06-28 10:03:32.635102418,100428,352,100386,302,100441,100,100327,100,100467,100,100307,100,100488,100,100283,100,100497,100,100256,100,100541,100,100246,100,100576,100,100140,100,100614,100,100080,100,100799,100,99945,100,100801,100,98852,100
2019-06-28 10:03:39.093825881,100428,352,100386,302,100441,100,100327,100,100467,100,100320,100,100488,100,100307,100,100497,100,100283,100,100541,100,100256,100,100576,100,100246,100,100614,100,100140,100,100799,100,100080,100,100801,100,99945,100
2019-06-28 10:03:40.000000000,100428,150,100386,100,100441,150,100327,150,100467,150,100320,150,100488,150,100307,150,100497,150,100283,150,100541,100,100256,100,100576,100,100246,100,100614,100,100140,100,100799,100,100080,100,100801,100,99945,100
2019-06-28 10:03:50.000000000,100428,226,100386,176,100441,226,100327,226,100467,100,100320,100,100488,100,100307,100,100497,100,100283,100,100541,100,100256,100,100576,100,100246,100,100614,100,100140,100,100799,100,100080,100,100801,100,99945,100
2019-06-28 10:03:53.245806927,100428,226,100386,76,100441,226,100327,226,100467,100,100320,100,100488,100,100307,100,100497,100,100283,100,100541,100,100246,100,100576,100,100140,100,100614,100,100080,100,100799,100,99945,100,100801,100,98852,100
2019-06-28 10:04:00.000000000,100428,163,100327,163,100441,163,100320,163,100467,163,100307,163,100488,163,100283,163,100497,100,100246,100,100541,100,100140,100,100576,100,100080,100,100614,100,99945,100,100799,100,98852,100,100801,100,98726,100
2019-06-28 10:04:08.675769907,100428,163,100387,100,100441,163,100327,163,100467,163,100320,163,100488,163,100307,163,100497,100,100283,163,100541,100,100246,100,100576,100,100140,100,100614,100,100080,100,100799,100,99945,100,100801,100,98852,100
2019-06-28 10:04:10.000000000,100428,352,100387,352,100441,100,100327,100,100467,100,100320,100,100488,100,100307,100,100497,100,100283,100,100541,100,100246,100,100576,100,100140,100,100614,100,100080,100,100799,100,99945,100,100801,100,98852,100
2019-06-28 10:04:11.270327229,100428,352,100387,252,100441,100,100327,100,100467,100,100320,100,100488,100,100307,100,100497,100,100283,100,100541,100,100246,100,100576,100,100140,100,100614,100,100080,100,100799,100,99945,100,100801,100,98852,100
2019-06-28 10:04:20.000000000,100428,163,100327,163,100441,163,100320,163,100467,163,100307,163,100488,163,100283,163,100497,100,100246,100,100541,100,100140,100,100576,100,100080,100,100614,100,99945,100,100799,100,98852,100,100801,100,98726,100
2019-06-28 10:04:30.000000000,100428,163,100327,163,100441,163,100320,163,100467,163,100307,163,100488,163,100283,163,100497,100,100246,100,100541,100,100140,100,100576,100,100080,100,100614,100,99945,100,100799,100,98852,100,100801,100,98726,100
2019-06-28 10:04:33.710590445,100428,163,100327,63,100441,163,100320,163,100467,163,100307,163,100488,163,100283,163,100497,100,100246,100,100541,100,100140,100,100576,100,100080,100,100614,100,99945,100,100799,100,98852,100,100801,100,98726,100
2019-06-28 10:04:40.000000000,100428,150,100320,150,100441,150,100307,150,100467,150,100283,150,100488,150,100246,150,100497,150,100140,150,100541,100,100080,100,100576,100,99945,100,100614,100,98852,100,100799,100,98726,100,100801,100,98690,100
2019-06-28 10:04:50.000000000,100428,150,100320,150,100441,150,100307,150,100467,150,100283,150,100488,150,100246,150,100497,150,100140,150,100541,100,100080,100,100576,100,99945,100,100614,100,98852,100,100799,100,98726,100,100801,100,98690,100
2019-06-28 10:05:00.000000000,100428,226,100320,226,100441,226,100307,226,100467,100,100283,100,100488,100,100246,100,100497,100,100140,100,100541,100,100080,100,100576,100,99945,100,100614,100,98852,100,100799,100,98726,100,100801,100,98690,100
2019-06-28 10:05:10.000000000,100428,352,100320,352,100441,100,100307,100,100467,100,100283,100,100488,100,100246,100,100497,100,100140,100,100541,100,100080,100,100576,100,99945,100,100614,100,98852,100,100799,100,98726,100,100801,100,98690,100
2019-06-28 10:05:15.113891871,100428,352,100320,252,100441,100,100283,100,100467,100,100246,100,100488,100,100140,100,100497,100,100080,100,100541,100,99945,100,100576,100,98852,100,100614,100,98726,100,100799,100,98690,100,100801,100,,
2019-06-28 10:05:18.802081575,100369,100,100320,252,100428,352,100283,100,100441,100,100246,100,100467,100,100140,100,100488,100,100080,100,100497,100,99945,100,100541,100,98852,100,100576,100,98726,100,100614,100,98690,100,100799,100,,
2019-06-28 10:05:19.797099559,100369,100,100320,152,100428,352,100283,100,100441,100,100246,100,100467,100,100140,100,100488,100,100080,100,100497,100,99945,100,100541,100,98852,100,100576,100,98726,100,100614,100,98690,100,100799,100,,
2019-06-28 10:05:20.000000000,100369,352,100283,352,100428,100,100246,100,100441,100,100140,100,100467,100,100080,100,100488,100,99945,100,100497,100,98852,100,100541,100,98726,100,100576,100,98690,100,100614,100,,,100799,100,,
2019-06-28 10:05:30.000000000,100369,186,100283,186,100428,183,100246,183,100441,183,100140,183,100467,100,100080,100,100488,100,99945,100,100497,100,98852,100,100541,100,98726,100,100576,100,98690,100,100614,100,,,100799,100,,
2019-06-28 10:05:33.009255282,100369,186,100283,86,100428,183,100246,183,100441,83,100140,183,100467,100,100080,100,100488,100,99945,100,100497,100,98852,100,100541,100,98726,100,100576,100,98690,100,100614,100,,,100799,100,,
2019-06-28 10:05:35.861804296,100369,186,100283,86,100428,183,100246,183,100441,83,100140,183,100467,100,100119,100,100488,100,100080,100,100497,100,99945,100,100541,100,98852,100,100576,100,98726,100,100614,100,98690,100,100799,100,,
2019-06-28 10:05:39.257960404,100320,100,100283,86,100369,186,100246,183,100428,183,100140,183,100441,83,100119,100,100467,100,100080,100,100488,100,99945,100,100497,100,98852,100,100541,100,98726,100,100576,100,98690,100,100614,100,,
2019-06-28 10:05:40.000000000,100320,352,100246,352,100369,100,100140,100,100428,100,100119,100,100467,100,100080,100,100488,100,99945,100,100497,100,98852,100,100541,100,98726,100,100576,100,98690,100,100614,100,,,100799,100,,
2019-06-28 10:05:50.000000000,100320,150,100246,150,100369,150,100140,150,100428,150,100119,150,100467,150,100080,150,100488,150,99945,150,100497,100,98852,100,100541,100,98726,100,100576,100,98690,100,100614,100,,,100799,100,,
2019-06-28 10:05:50.042755610,100320,150,100246,150,100369,150,100140,150,100428,150,100119,150,100467,150,100080,150,100488,150,100032,100,100497,100,99945,150,100541,100,98852,100,100576,100,98726,100,100614,100,98690,100,100799,100,,
2019-06-28 10:05:59.318590648,100320,150,100246,150,100369,150,100140,150,100428,150,100119,50,100467,150,100117,100,100488,150,100080,150,100497,100,100032,100,100541,100,99945,150,100576,100,98852,100,100614,100,98726,100,100799,100,98690,100
2019-06-28 10:06:00.000000000,100320,352,100246,352,100369,100,100140,100,100428,100,100117,100,100467,100,100080,100,100488,100,100032,100,100497,100,99945,100,100541,100,98852,100,100576,100,98726,100,100614,100,98690,100,100799,100,,
2019-06-28 10:06:10.000000000,100320,150,100246,150,100369,150,100140,150,100428,150,100117,150,100467,150,100080,150,100488,150,100032,150,100497,100,99945,100,100541,100,98852,100,100576,100,98726,100,100614,100,98690,100,100799,100,,
2019-06-28 10:06:12.411369081,100320,150,100246,150,100369,150,100140,150,100428,150,100117,150,100467,150,100080,150,100488,150,100032,150,100497,100,99945,100,100541,100,99812,100,100576,100,98852,100,100614,100,98690,100,100799,100,,
