,ask_price_1,ask_size_1,bid_price_1,bid_size_1,ask_price_2,ask_size_2,bid_price_2,bid_size_2,ask_price_3,ask_size_3,bid_price_3,bid_size_3,ask_price_4,ask_size_4,bid_price_4,bid_size_4,ask_price_5,ask_size_5,bid_price_5,bid_size_5,ask_price_6,ask_size_6,bid_price_6,bid_size_6,ask_price_7,ask_size_7,bid_price_7,bid_size_7,ask_price_8,ask_size_8,bid_price_8,bid_size_8,ask_price_9,ask_size_9,bid_price_9,bid_size_9,ask_price_10,ask_size_10,bid_price_10,bid_size_10
2019-06-28 09:30:00.000000000,100123,100,,,,,,,,,,,,,,,,,,,,,,,,,,,,,,,,,,,,,,
2019-06-28 09:30:00.000000001,99953,100,,,100114,100,,,100123,100,,,,,,,,,,,,,,,,,,,,,,,,,,,,,,
2019-06-28 09:30:00.000000003,99953,100,99880,100,100114,100,,,100123,100,,,,,,,,,,,,,,,,,,,,,,,,,,,,,,
2019-06-28 09:30:00.000000004,100114,100,99880,100,100123,100,,,,,,,,,,,,,,,,,,,,,,,,,,,,,,,,,,
2019-06-28 09:30:00.000000007,100114,100,99957,100,100123,100,99880,100,,,,,,,,,,,,,,,,,,,,,,,,,,,,,,,,
2019-06-28 09:30:00.000000010,100114,100,99957,100,100123,100,99880,100,100157,100,99782,100,,,,,,,,,,,,,,,,,,,,,,,,,,,,
2019-06-28 09:30:00.000000011,100114,100,99957,100,100123,100,99937,100,100157,100,99880,100,,,99782,100,,,,,,,,,,,,,,,,,,,,,,,,
2019-06-28 09:30:00.000000013,100114,100,99957,100,100123,100,99937,100,100126,100,99880,100,100157,100,99782,100,,,,,,,,,,,,,,,,,,,,,,,,
2019-06-28 09:30:00.000000014,100012,100,99957,100,100114,100,99937,100,100123,100,99880,100,100126,100,99782,100,100157,100,,,,,,,,,,,,,,,,,,,,,,
2019-06-28 09:30:00.000000015,100012,100,99957,100,100114,100,99937,100,100123,100,99880,100,100126,100,99849,100,100157,100,99782,100,,,,,,,,,,,,,,,,,,,,
2019-06-28 09:30:00.000000016,100012,100,99957,100,100089,100,99937,100,100114,100,99880,100,100123,100,99875,100,100126,100,99849,100,100157,100,99782,100,,,,,,,,,,,,,,,,
2019-06-28 09:30:00.000000018,100012,100,99957,100,100015,100,99937,100,100089,100,99880,100,100114,100,99875,100,100123,100,99849,100,100126,100,99782,100,100157,100,,,,,,,,,,,,,,
2019-06-28 09:30:00.000000019,100015,100,99957,100,100089,100,99937,100,100114,100,99908,100,100123,100,99880,100,100126,100,99875,100,100157,100,99849,100,,,99782,100,,,,,,,,,,,,
2019-06-28 09:30:00.000000020,100015,100,99992,100,100047,100,99957,100,100089,100,99937,100,100114,100,99908,100,100123,100,99880,100,100126,100,99875,100,100157,100,99849,100,,,99782,100,,,,,,,,
2019-06-28 09:30:00.000000024,100015,100,99992,100,100047,100,99958,100,100089,100,99957,100,100114,100,99937,100,100123,100,99908,100,100126,100,99880,100,100157,100,99875,100,,,99849,100,,,99782,100,,,,
2019-06-28 09:30:00.000000032,100015,100,99992,100,100047,100,99989,100,100089,100,99958,100,100106,100,99957,100,100114,100,99937,100,100123,100,99908,100,100126,100,99880,100,100157,100,99875,100,,,99849,100,,,99782,100
2019-06-28 09:30:00.000000034,100015,100,99989,100,100047,100,99958,100,100089,100,99957,100,100106,100,99937,100,100114,100,99908,100,100123,100,99880,100,100126,100,99875,100,100157,100,99849,100,,,99782,100,,,,
2019-06-28 09:30:00.000000035,100015,100,99958,100,100047,100,99957,100,100089,100,99937,100,100106,100,99908,100,100107,100,99880,100,100114,100,99875,100,100123,100,99849,100,100126,100,99782,100,100157,100,,,,,,
2019-06-28 09:30:00.000000037,99991,100,99957,100,100015,100,99937,100,100047,100,99908,100,100089,100,99880,100,100106,100,99875,100,100107,100,99849,100,100114,100,99782,100,100120,100,,,100123,100,,,100126,100,,
2019-06-28 09:30:00.000000038,100015,100,99957,100,100047,100,99937,100,100089,100,99908,100,100106,100,99880,100,100107,100,99875,100,100114,100,99849,100,100120,100,99782,100,100123,100,,,100126,100,,,100157,100,,
2019-06-28 09:30:00.000000039,100013,100,99957,100,100015,100,99937,100,100047,100,99908,100,100089,100,99880,100,100106,100,99875,100,100107,100,99849,100,100114,100,99782,100,100120,100,,,100123,100,,,100126,100,,
2019-06-28 09:30:00.000000041,100013,100,99957,100,100015,100,99937,100,100028,100,99908,100,100047,100,99880,100,100089,100,99875,100,100106,100,99849,100,100107,100,99782,100,100114,100,,,100120,100,,,100123,100,,
2019-06-28 09:30:00.000000043,100013,100,99992,100,100015,100,99957,100,100028,100,99937,100,100047,100,99908,100,100089,100,99880,100,100106,100,99875,100,100107,100,99849,100,100114,100,99782,100,100120,100,,,100123,100,,
2019-06-28 09:30:00.000000044,100013,100,99992,100,100015,100,99957,100,100028,100,99937,100,100047,100,99908,100,100089,100,99880,100,100106,100,99875,100,100107,100,99849,100,100114,100,99782,100,100120,100,,,100122,100,,
2019-06-28 09:30:00.000000047,100013,100,99992,100,100015,100,99957,100,100028,100,99937,100,100047,100,99908,200,100089,100,99880,100,100106,100,99875,100,100107,100,99849,100,100114,100,99782,100,100120,100,,,100122,100,,
2019-06-28 09:30:00.000000052,100013,100,99992,100,100015,100,99957,100,100028,100,99937,100,100030,100,99908,200,100047,100,99880,100,100089,100,99875,100,100106,100,99849,100,100107,100,99782,100,100114,100,,,100120,100,,
2019-06-28 09:30:00.000000055,100013,100,99992,100,100015,100,99957,100,100028,100,99937,100,100030,100,99908,200,100047,100,99890,100,100089,100,99880,100,100106,100,99875,100,100107,100,99849,100,100114,100,99782,100,100120,100,,
2019-06-28 09:30:00.000000056,100015,100,99992,100,100028,100,99957,100,100030,100,99937,100,100047,100,99908,200,100089,100,99890,100,100106,100,99880,100,100107,100,99875,100,100114,100,99849,100,100120,100,99782,100,100122,100,,
2019-06-28 09:30:00.000000060,100015,100,99992,100,100028,100,99957,100,100030,100,99937,100,100047,100,99908,200,100089,100,99905,100,100106,100,99890,100,100107,100,99880,100,100114,100,99875,100,100120,100,99849,100,100122,100,99814,100
2019-06-28 09:30:00.000000063,100015,100,99992,100,100028,100,99957,100,100030,100,99937,100,100047,100,99908,200,100089,100,99905,100,100106,100,99890,100,100107,100,99880,100,100114,100,99875,100,100120,100,99849,100,100122,100,99814,100
2019-06-28 09:30:00.000000066,100015,100,99992,100,100028,100,99957,100,100030,100,99937,100,100047,100,99908,200,100075,100,99905,100,100089,100,99890,100,100106,100,99880,100,100107,100,99875,100,100114,100,99849,100,100120,100,99814,100
2019-06-28 09:30:00.000000068,100015,100,99957,100,100028,100,99937,100,100030,100,99908,200,100044,100,99905,100,100047,100,99890,100,100075,100,99880,100,100089,100,99875,100,100106,100,99849,100,100107,100,99814,100,100114,100,99782,100
2019-06-28 09:30:00.000000069,100015,100,99957,100,100028,200,99937,100,100030,100,99908,200,100044,100,99905,100,100047,100,99890,100,100075,100,99886,100,100089,100,99880,100,100106,100,99875,100,100107,100,99853,100,100114,100,99849,100
2019-06-28 09:30:00.000000070,100015,100,99992,100,100028,200,99957,100,100030,100,99937,100,100044,100,99908,200,100047,100,99905,100,100075,100,99890,100,100089,100,99886,100,100106,100,99880,100,100107,100,99875,100,100114,100,99853,100
2019-06-28 09:30:00.000000071,100015,100,99992,100,100028,200,99957,100,100030,100,99937,100,100044,100,99908,200,100047,100,99905,100,100075,100,99890,200,100089,100,99886,100,100106,100,99880,100,100107,100,99875,100,100114,100,99853,100
2019-06-28 09:30:00.000000072,100013,100,99992,100,100015,100,99957,100,100028,200,99937,100,100030,100,99908,200,100044,100,99905,100,100047,100,99890,200,100075,100,99886,100,100089,100,99880,100,100106,100,99875,100,100107,100,99853,100
2019-06-28 09:30:00.000000074,100013,100,99992,100,100015,100,99957,100,100028,200,99937,100,100030,100,99918,100,100044,100,99908,200,100047,100,99905,100,100075,100,99890,200,100089,100,99886,100,100106,100,99880,100,100107,100,99875,100
2019-06-28 09:30:00.000000077,100013,200,99992,100,100015,100,99957,100,100028,200,99937,100,100030,100,99918,100,100044,100,99908,200,100047,100,99905,100,100075,100,99890,200,100089,100,99886,100,100106,100,99880,100,100107,100,99875,100
2019-06-28 09:30:00.000000080,100013,300,99992,100,100015,100,99957,100,100028,200,99937,100,100030,100,99918,100,100044,100,99908,200,100047,100,99905,100,100075,100,99904,100,100089,100,99890,200,100106,100,99886,100,100107,100,99880,100
2019-06-28 09:30:00.000000082,100013,300,100011,100,100015,100,99992,100,100028,200,99957,100,100030,100,99937,100,100044,100,99918,100,100047,100,99908,200,100075,100,99905,100,100089,100,99904,100,100106,100,99890,200,100107,100,99886,100
2019-06-28 09:30:00.000000084,100013,300,100011,100,100015,100,99992,200,100028,200,99957,100,100030,100,99937,100,100044,100,99918,100,100047,100,99908,200,100075,100,99905,100,100089,100,99904,100,100106,100,99890,200,100107,100,99886,100
2019-06-28 09:30:00.000000086,100013,300,100011,100,100015,100,99992,200,100028,200,99957,100,100030,100,99937,100,100044,100,99918,100,100047,100,99908,200,100075,100,99905,100,100089,100,99904,100,100106,100,99890,200,100107,100,99886,100
2019-06-28 09:30:00.000000088,100013,300,100011,100,100015,100,99992,200,100028,200,99957,100,100030,100,99937,100,100044,100,99918,100,100047,100,99908,200,100075,100,99905,100,100089,100,99904,100,100106,100,99890,200,100107,100,99886,100
2019-06-28 09:30:00.000000089,100013,300,100011,100,100015,100,99992,200,100028,200,99975,100,100030,100,99957,100,100044,100,99937,100,100047,100,99918,100,100075,100,99908,200,100089,100,99905,100,100106,100,99904,100,100107,100,99890,200
2019-06-28 09:30:00.000000092,100013,300,100011,100,100015,100,99992,200,100028,200,99975,100,100030,100,99957,100,100044,100,99937,100,100047,100,99918,100,100075,100,99908,200,100089,100,99905,100,100106,100,99904,100,100107,100,99890,200
2019-06-28 09:30:00.000000094,100013,300,100011,100,100015,100,99992,200,100025,100,99975,100,100028,200,99957,100,100030,100,99937,100,100044,100,99918,100,100047,100,99908,200,100075,100,99905,100,100089,100,99904,100,100106,100,99890,200
2019-06-28 09:30:00.000000095,100013,300,100011,100,100015,100,99992,200,100025,100,99975,100,100028,200,99957,100,100030,100,99937,100,100044,100,99918,100,100047,100,99908,200,100075,100,99905,100,100089,100,99904,100,100106,100,99890,200
2019-06-28 09:30:00.000000096,100013,300,100011,100,100015,100,99992,200,100025,100,99975,100,100028,200,99957,100,100030,100,99953,100,100044,100,99937,100,100047,100,99918,100,100075,100,99908,200,100089,100,99905,100,100106,100,99904,100
2019-06-28 09:30:04.242481752,100013,300,100011,100,100015,100,99992,200,100025,100,99975,100,100028,200,99958,100,100030,100,99957,100,100044,100,99953,100,100047,100,99937,100,100075,100,99918,100,100089,100,99908,200,100106,100,99905,100
2019-06-28 09:30:10.000000000,100013,401,100011,201,100015,198,99992,298,100025,198,99975,198,100028,200,99958,100,100030,100,99957,100,100044,100,99953,100,100047,100,99937,100,100075,100,99918,100,100089,100,99908,200,100106,100,99905,100
2019-06-28 09:30:20.000000000,100013,401,100011,201,100015,198,99992,298,100025,198,99975,198,100028,200,99958,100,100030,100,99957,100,100044,100,99953,100,100047,100,99937,100,100075,100,99918,100,100089,100,99908,200,100106,100,99905,100
2019-06-28 09:30:30.000000000,100013,401,100011,201,100015,198,99992,298,100025,198,99975,198,100028,200,99958,100,100030,100,99957,100,100044,100,99953,100,100047,100,99937,100,100075,100,99918,100,100089,100,99908,200,100106,100,99905,100
2019-06-28 09:30:40.000000000,100013,448,100011,248,100015,248,99992,348,100025,100,99975,100,100028,200,99958,100,100030,100,99957,100,100044,100,99953,100,100047,100,99937,100,100075,100,99918,100,100089,100,99908,200,100106,100,99905,100
2019-06-28 09:30:50.000000000,100013,374,100011,174,100015,174,99992,274,100025,174,99975,174,100028,274,99958,174,100030,100,99957,100,100044,100,99953,100,100047,100,99937,100,100075,100,99918,100,100089,100,99908,200,100106,100,99905,100
2019-06-28 09:31:00.000000000,100013,448,100011,248,100015,248,99992,348,100025,100,99975,100,100028,200,99958,100,100030,100,99957,100,100044,100,99953,100,100047,100,99937,100,100075,100,99918,100,100089,100,99908,200,100106,100,99905,100
2019-06-28 09:31:10.000000000,100013,359,100011,159,100015,159,99992,259,100025,159,99975,159,100028,259,99958,159,100030,159,99957,159,100044,100,99953,100,100047,100,99937,100,100075,100,99918,100,100089,100,99908,200,100106,100,99905,100
2019-06-28 09:31:20.000000000,100013,374,100011,174,100015,174,99992,274,100025,174,99975,174,100028,274,99958,174,100030,100,99957,100,100044,100,99953,100,100047,100,99937,100,100075,100,99918,100,100089,100,99908,200,100106,100,99905,100
2019-06-28 09:31:30.000000000,100013,448,100011,248,100015,248,99992,348,100025,100,99975,100,100028,200,99958,100,100030,100,99957,100,100044,100,99953,100,100047,100,99937,100,100075,100,99918,100,100089,100,99908,200,100106,100,99905,100
2019-06-28 09:31:34.761597194,100013,448,100011,148,100015,248,99992,348,100025,100,99975,100,100028,200,99958,100,100030,100,99957,100,100044,100,99953,100,100075,100,99937,100,100089,100,99918,100,100106,100,99908,200,100107,100,99905,100
2019-06-28 09:31:40.000000000,100013,401,99992,301,100015,198,99975,198,100025,198,99958,198,100028,200,99957,100,100030,100,99953,100,100044,100,99937,100,100075,100,99918,100,100089,100,99908,200,100106,100,99905,100,100107,100,99904,100
2019-06-28 09:31:42.018975014,100013,401,99992,301,100015,198,99975,198,100025,198,99958,198,100028,200,99957,100,100030,100,99953,100,100044,100,99937,100,100075,100,99918,100,100089,100,99908,200,100106,100,99905,100,100107,100,99904,100
2019-06-28 09:31:43.881295978,100013,401,99992,201,100015,198,99975,198,100025,198,99958,198,100028,200,99957,100,100030,100,99953,100,100044,100,99937,100,100075,100,99918,100,100089,100,99908,200,100106,100,99905,100,100107,100,99904,100
2019-06-28 09:31:45.419790816,100011,100,99992,201,100013,301,99975,198,100015,198,99958,198,100025,198,99957,100,100028,200,99953,100,100030,100,99937,100,100044,100,99918,100,100075,100,99908,200,100089,100,99905,100,100106,100,99904,100
2019-06-28 09:31:50.000000000,100011,248,99992,248,100013,348,99975,248,100015,100,99958,100,100025,100,99957,100,100028,200,99953,100,100030,100,99937,100,100044,100,99918,100,100075,100,99908,200,100089,100,99905,100,100106,100,99904,100
2019-06-28 09:32:00.000000000,100011,174,99992,174,100013,274,99975,174,100015,174,99958,174,100025,174,99957,174,100028,200,99953,100,100030,100,99937,100,100044,100,99918,100,100075,100,99908,200,100089,100,99905,100,100106,100,99904,100
2019-06-28 09:32:10.000000000,100011,248,99992,248,100013,348,99975,248,100015,100,99958,100,100025,100,99957,100,100028,200,99953,100,100030,100,99937,100,100044,100,99918,100,100075,100,99908,200,100089,100,99905,100,100106,100,99904,100
2019-06-28 09:32:12.329388790,100011,348,99992,248,100013,348,99975,248,100015,100,99958,100,100025,100,99957,100,100028,200,99953,100,100030,100,99937,100,100044,100,99918,100,100075,100,99908,200,100089,100,99905,100,100106,100,99904,100
2019-06-28 09:32:20.000000000,100011,497,99992,397,100013,200,99975,100,100015,100,99958,100,100025,100,99957,100,100028,200,99953,100,100030,100,99937,100,100044,100,99918,100,100075,100,99908,200,100089,100,99905,100,100106,100,99904,100
2019-06-28 09:32:30.000000000,100011,348,99992,248,100013,348,99975,248,100015,100,99958,100,100025,100,99957,100,100028,200,99953,100,100030,100,99937,100,100044,100,99918,100,100075,100,99908,200,100089,100,99905,100,100106,100,99904,100
2019-06-28 09:32:40.000000000,100011,497,99992,397,100013,200,99975,100,100015,100,99958,100,100025,100,99957,100,100028,200,99953,100,100030,100,99937,100,100044,100,99918,100,100075,100,99908,200,100089,100,99905,100,100106,100,99904,100
2019-06-28 09:32:50.000000000,100011,348,99992,248,100013,348,99975,248,100015,100,99958,100,100025,100,99957,100,100028,200,99953,100,100030,100,99937,100,100044,100,99918,100,100075,100,99908,200,100089,100,99905,100,100106,100,99904,100
2019-06-28 09:33:00.000000000,100011,259,99992,159,100013,259,99975,159,100015,159,99958,159,100025,159,99957,159,100028,259,99953,159,100030,100,99937,100,100044,100,99918,100,100075,100,99908,200,100089,100,99905,100,100106,100,99904,100
2019-06-28 09:33:10.000000000,100011,348,99992,248,100013,348,99975,248,100015,100,99958,100,100025,100,99957,100,100028,200,99953,100,100030,100,99937,100,100044,100,99918,100,100075,100,99908,200,100089,100,99905,100,100106,100,99904,100
2019-06-28 09:33:10.786732292,100011,348,99992,248,100013,348,99975,248,100015,100,99958,100,100025,100,99957,100,100028,200,99953,100,100030,100,99937,100,100044,100,99918,100,100075,100,99908,200,100089,100,99905,100,100106,100,99904,100
2019-06-28 09:33:20.000000000,100011,274,99992,174,100013,274,99975,174,100015,174,99958,174,100025,174,99957,174,100028,200,99953,100,100030,100,99937,100,100044,100,99918,100,100075,100,99908,200,100089,100,99905,100,100106,100,99904,100
2019-06-28 09:33:30.000000000,100011,348,99992,248,100013,348,99975,248,100015,100,99958,100,100025,100,99957,100,100028,200,99953,100,100030,100,99937,100,100044,100,99918,100,100075,100,99908,200,100089,100,99905,100,100106,100,99904,100
2019-06-28 09:33:40.000000000,100011,497,99992,397,100013,200,99975,100,100015,100,99958,100,100025,100,99957,100,100028,200,99953,100,100030,100,99937,100,100044,100,99918,100,100075,100,99908,200,100089,100,99905,100,100106,100,99904,100
2019-06-28 09:33:43.486946276,100011,497,99992,297,100013,200,99975,100,100015,100,99958,100,100025,100,99957,100,100028,200,99953,100,100030,100,99937,100,100044,100,99918,100,100075,100,99908,100,100089,100,99905,100,100106,100,99904,100
2019-06-28 09:33:44.920325568,100011,497,99992,297,100013,200,99975,100,100015,100,99958,100,100025,100,99957,100,100028,100,99953,100,100030,100,99937,100,100044,100,99918,100,100075,100,99908,100,100089,100,99905,100,100106,100,99904,100
2019-06-28 09:33:50.000000000,100011,301,99975,201,100013,298,99958,198,100015,198,99957,198,100025,100,99953,100,100028,100,99937,100,100030,100,99918,100,100044,100,99908,100,100075,100,99905,100,100089,100,99904,100,100106,100,99890,100
2019-06-28 09:33:52.755819632,100011,301,99975,201,100013,298,99958,198,100015,198,99957,198,100025,100,99953,100,100028,100,99937,100,100030,100,99918,100,100044,100,99908,100,100075,100,99905,100,100089,100,99904,100,100106,100,99890,100
2019-06-28 09:34:00.000000000,100011,497,99975,397,100013,200,99958,100,100015,100,99957,100,100025,100,99953,100,100028,100,99937,100,100030,100,99918,100,100044,100,99908,100,100075,100,99905,100,100089,100,99904,100,100106,100,99890,100
2019-06-28 09:34:10.000000000,100011,274,99975,174,100013,274,99958,174,100015,174,99957,174,100025,174,99953,174,100028,100,99937,100,100030,100,99918,100,100044,100,99908,100,100075,100,99905,100,100089,100,99904,100,100106,100,99890,100
2019-06-28 09:34:20.000000000,100011,348,99975,248,100013,348,99958,248,100015,100,99957,100,100025,100,99953,100,100028,100,99937,100,100030,100,99918,100,100044,100,99908,100,100075,100,99905,100,100089,100,99904,100,100106,100,99890,100
2019-06-28 09:34:22.666358464,100011,348,99975,148,100013,348,99958,248,100015,100,99957,100,100025,100,99953,100,100028,100,99937,100,100030,100,99918,100,100044,100,99908,100,100075,100,99905,100,100089,100,99904,100,100106,100,99890,100
2019-06-28 09:34:30.000000000,100011,497,99958,397,100013,200,99957,100,100015,100,99953,100,100025,100,99937,100,100028,100,99918,100,100030,100,99908,100,100044,100,99905,100,100075,100,99904,100,100089,100,99890,100,100106,100,99886,100
2019-06-28 09:34:36.220633433,100011,497,99958,397,100013,200,99953,100,100015,100,99937,100,100025,100,99918,100,100028,100,99908,100,100030,100,99905,100,100044,100,99904,100,100075,100,99890,100,100089,100,99886,100,100106,100,99879,100
2019-06-28 09:34:40.000000000,100011,348,99958,248,100013,348,99953,248,100015,100,99937,100,100025,100,99918,100,100028,100,99908,100,100030,100,99905,100,100044,100,99904,100,100075,100,99890,100,100089,100,99886,100,100106,100,99879,100
2019-06-28 09:34:40.121459131,100011,348,99958,48,100013,348,99953,248,100015,100,99937,100,100025,100,99918,100,100028,100,99908,100,100030,100,99905,100,100044,100,99904,100,100075,100,99890,100,100089,100,99886,100,100106,100,99879,100
2019-06-28 09:34:42.405646749,99958,52,99953,248,100011,348,99937,100,100013,348,99918,100,100015,100,99908,100,100025,100,99905,100,100028,100,99904,100,100030,100,99890,100,100044,100,99886,100,100075,100,99879,100,100089,100,99875,100
2019-06-28 09:34:50.000000000,99958,111,99953,159,100011,259,99937,159,100013,259,99918,159,100015,159,99908,159,100025,159,99905,159,100028,100,99904,100,100030,100,99890,100,100044,100,99886,100,100075,100,99879,100,100089,100,99875,100
2019-06-28 09:34:56.337626461,99958,211,99953,159,100011,259,99937,159,100013,259,99918,159,100015,159,99908,159,100025,159,99905,159,100028,100,99904,100,100030,100,99890,100,100044,100,99886,100,100075,100,99879,100,100089,100,99875,100
2019-06-28 09:35:00.000000000,99958,226,99953,174,100011,274,99937,174,100013,274,99918,174,100015,174,99908,174,100025,100,99905,100,100028,100,99904,100,100030,100,99890,100,100044,100,99886,100,100075,100,99879,100,100089,100,99875,100
2019-06-28 09:35:01.951221160,99958,226,99953,174,100011,274,99937,174,100013,274,99918,174,100015,74,99908,174,100025,100,99905,100,100028,100,99904,100,100030,100,99890,100,100044,100,99886,100,100075,100,99879,100,100089,100,99875,100
2019-06-28 09:35:10.000000000,99958,226,99953,174,100011,274,99937,174,100013,274,99918,174,100025,174,99908,174,100028,100,99905,100,100030,100,99904,100,100044,100,99890,100,100075,100,99886,100,100089,100,99879,100,100106,100,99875,100
2019-06-28 09:35:20.000000000,99958,253,99953,201,100011,298,99937,198,100013,298,99918,198,100025,100,99908,100,100028,100,99905,100,100030,100,99904,100,100044,100,99890,100,100075,100,99886,100,100089,100,99879,100,100106,100,99875,100
2019-06-28 09:35:30.000000000,99958,449,99953,397,100011,200,99937,100,100013,200,99918,100,100025,100,99908,100,100028,100,99905,100,100030,100,99904,100,100044,100,99890,100,100075,100,99886,100,100089,100,99879,100,100106,100,99875,100
2019-06-28 09:35:40.000000000,99958,449,99953,397,100011,200,99937,100,100013,200,99918,100,100025,100,99908,100,100028,100,99905,100,100030,100,99904,100,100044,100,99890,100,100075,100,99886,100,100089,100,99879,100,100106,100,99875,100
2019-06-28 09:35:43.133579625,99958,449,99953,297,100011,200,99937,100,100013,200,99918,100,100025,100,99908,100,100028,100,99905,100,100030,100,99904,100,100044,100,99890,100,100075,100,99886,100,100089,100,99879,100,100106,100,99875,100
2019-06-28 09:35:50.000000000,99958,211,99937,159,100011,259,99918,159,100013,259,99908,159,100025,159,99905,159,100028,159,99904,159,100030,100,99890,100,100044,100,99886,100,100075,100,99879,100,100089,100,99875,100,100106,100,99853,100
2019-06-28 09:36:00.000000000,99958,211,99937,159,100011,259,99918,159,100013,259,99908,159,100025,159,99905,159,100028,159,99904,159,100030,100,99890,100,100044,100,99886,100,100075,100,99879,100,100089,100,99875,100,100106,100,99853,100
2019-06-28 09:36:07.926296451,99958,211,99937,159,100011,259,99918,159,100013,259,99908,159,100025,159,99905,159,100028,159,99904,159,100030,100,99890,100,100044,100,99879,100,100075,100,99875,100,100089,100,99853,100,100106,100,99849,100
2019-06-28 09:36:10.000000000,99958,253,99937,201,100011,298,99918,198,100013,298,99908,198,100025,100,99905,100,100028,100,99904,100,100030,100,99890,100,100044,100,99879,100,100075,100,99875,100,100089,100,99853,100,100106,100,99849,100
2019-06-28 09:36:20.000000000,99958,211,99937,159,100011,259,99918,159,100013,259,99908,159,100025,159,99905,159,100028,159,99904,159,100030,100,99890,100,100044,100,99879,100,100075,100,99875,100,100089,100,99853,100,100106,100,99849,100
2019-06-28 09:36:22.001248891,99958,211,99937,59,100011,259,99918,159,100013,259,99908,159,100025,159,99905,159,100028,159,99904,59,100030,100,99890,100,100044,100,99879,100,100075,100,99875,100,100089,100,99853,100,100106,100,99849,100
2019-06-28 09:36:26.009901084,99937,41,99918,159,99958,211,99908,159,100011,259,99905,159,100013,259,99904,59,100025,159,99890,100,100028,159,99879,100,100030,100,99875,100,100044,100,99853,100,100075,100,99849,100,100089,100,99824,100
2019-06-28 09:36:30.000000000,99937,338,99918,397,99958,152,99908,100,100011,200,99905,100,100013,200,99890,100,100025,100,99879,100,100028,100,99875,100,100030,100,99853,100,100044,100,99849,100,100075,100,99824,100,100089,100,99814,100
2019-06-28 09:36:40.000000000,99937,142,99918,201,99958,250,99908,198,100011,298,99905,198,100013,200,99890,100,100025,100,99879,100,100028,100,99875,100,100030,100,99853,100,100044,100,99849,100,100075,100,99824,100,100089,100,99814,100
2019-06-28 09:36:50.000000000,99937,115,99918,174,99958,226,99908,174,100011,274,99905,174,100013,274,99890,174,100025,100,99879,100,100028,100,99875,100,100030,100,99853,100,100044,100,99849,100,100075,100,99824,100,100089,100,99814,100
2019-06-28 09:37:00.000000000,99937,338,99918,397,99958,152,99908,100,100011,200,99905,100,100013,200,99890,100,100025,100,99879,100,100028,100,99875,100,100030,100,99853,100,100044,100,99849,100,100075,100,99824,100,100089,100,99814,100
2019-06-28 09:37:04.186203324,99937,338,99918,297,99958,152,99908,100,100011,200,99905,100,100013,200,99890,100,100025,100,99879,100,100028,100,99875,100,100030,100,99853,100,100044,100,99849,100,100075,100,99824,100,100089,100,99814,100
2019-06-28 09:37:10.000000000,99937,189,99908,248,99958,300,99905,248,100011,200,99890,100,100013,200,99879,100,100025,100,99875,100,100028,100,99853,100,100030,100,99849,100,100044,100,99824,100,100075,100,99814,100,100089,100,99066,100
2019-06-28 09:37:13.038356792,99937,189,99908,248,99958,300,99905,248,100011,200,99890,100,100013,200,99879,100,100028,100,99875,100,100030,100,99853,100,100044,100,99849,100,100075,100,99824,100,100089,100,99814,100,100106,100,99066,100
2019-06-28 09:37:20.000000000,99937,115,99908,174,99958,226,99905,174,100011,274,99890,174,100013,274,99879,174,100028,100,99875,100,100030,100,99853,100,100044,100,99849,100,100075,100,99824,100,100089,100,99814,100,100106,100,99066,100
2019-06-28 09:37:30.000000000,99937,115,99908,174,99958,226,99905,174,100011,274,99890,174,100013,274,99879,174,100028,100,99875,100,100030,100,99853,100,100044,100,99849,100,100075,100,99824,100,100089,100,99814,100,100106,100,99066,100
2019-06-28 09:37:40.000000000,99937,142,99908,201,99958,250,99905,198,100011,298,99890,198,100013,200,99879,100,100028,100,99875,100,100030,100,99853,100,100044,100,99849,100,100075,100,99824,100,100089,100,99814,100,100106,100,99066,100
2019-06-28 09:37:50.000000000,99937,100,99908,159,99958,211,99905,159,100011,259,99890,159,100013,259,99879,159,100028,159,99875,159,100030,100,99853,100,100044,100,99849,100,100075,100,99824,100,100089,100,99814,100,100106,100,99066,100
2019-06-28 09:38:00.000000000,99937,142,99908,201,99958,250,99905,198,100011,298,99890,198,100013,200,99879,100,100028,100,99875,100,100030,100,99853,100,100044,100,99849,100,100075,100,99824,100,100089,100,99814,100,100106,100,99066,100
2019-06-28 09:38:03.330015186,99937,142,99908,101,99958,250,99905,198,100011,298,99890,198,100013,200,99879,100,100028,100,99875,100,100030,100,99853,100,100044,100,99849,100,100075,100,99824,100,100089,100,99814,100,100106,100,99066,100
2019-06-28 09:38:10.000000000,99937,100,99905,159,99958,211,99890,159,100011,259,99879,159,100013,259,99875,159,100028,159,99853,159,100030,100,99849,100,100044,100,99824,100,100075,100,99814,100,100089,100,99066,100,100106,100,98413,100
2019-06-28 09:38:15.417746483,99937,100,99905,159,99958,211,99890,159,100011,259,99879,159,100013,259,99875,159,100028,159,99853,159,100030,100,99849,100,100044,100,99824,100,100075,100,99814,100,100089,100,99066,100,100106,100,98596,100
2019-06-28 09:38:20.000000000,99937,189,99905,248,99958,300,99890,248,100011,200,99879,100,100013,200,99875,100,100028,100,99853,100,100030,100,99849,100,100044,100,99824,100,100075,100,99814,100,100089,100,99066,100,100106,100,98596,100
2019-06-28 09:38:30.000000000,99937,100,99905,159,99958,211,99890,159,100011,259,99879,159,100013,259,99875,159,100028,159,99853,159,100030,100,99849,100,100044,100,99824,100,100075,100,99814,100,100089,100,99066,100,100106,100,98596,100
2019-06-28 09:38:40.000000000,99937,100,99905,159,99958,211,99890,159,100011,259,99879,159,100013,259,99875,159,100028,159,99853,159,100030,100,99849,100,100044,100,99824,100,100075,100,99814,100,100089,100,99066,100,100106,100,98596,100
2019-06-28 09:38:50.000000000,99937,142,99905,201,99958,250,99890,198,100011,298,99879,198,100013,200,99875,100,100028,100,99853,100,100030,100,99849,100,100044,100,99824,100,100075,100,99814,100,100089,100,99066,100,100106,100,98596,100
2019-06-28 09:39:00.000000000,99937,100,99905,159,99958,211,99890,159,100011,259,99879,159,100013,259,99875,159,100028,159,99853,159,100030,100,99849,100,100044,100,99824,100,100075,100,99814,100,100089,100,99066,100,100106,100,98596,100
2019-06-28 09:39:03.220019424,99937,100,99905,159,99958,211,99890,159,100011,259,99879,159,100013,259,99875,159,100028,159,99853,159,100030,100,99849,100,100044,100,99824,100,100075,100,99814,100,100089,100,99066,100,100106,100,98678,100
2019-06-28 09:39:03.331772165,99937,100,99905,159,99958,211,99890,159,100011,259,99879,159,100013,259,99875,159,100028,159,99853,159,100030,100,99849,100,100044,100,99824,100,100075,100,99814,100,100089,100,99066,100,100106,100,98691,100
2019-06-28 09:39:10.000000000,99937,189,99905,248,99958,300,99890,248,100011,200,99879,100,100013,200,99875,100,100028,100,99853,100,100030,100,99849,100,100044,100,99824,100,100075,100,99814,100,100089,100,99066,100,100106,100,98691,100
2019-06-28 09:39:20.000000000,99937,142,99905,201,99958,250,99890,198,100011,298,99879,198,100013,200,99875,100,100028,100,99853,100,100030,100,99849,100,100044,100,99824,100,100075,100,99814,100,100089,100,99066,100,100106,100,98691,100
2019-06-28 09:39:21.254135277,99937,142,99905,101,99958,250,99890,198,100011,298,99879,198,100013,200,99875,100,100028,100,99853,100,100030,100,99849,100,100044,100,99824,100,100075,100,99814,100,100089,100,99066,100,100106,100,98691,100
2019-06-28 09:39:22.560889473,99908,100,99905,101,99937,142,99890,198,99958,250,99879,198,100011,298,99875,100,100013,200,99853,100,100028,100,99849,100,100030,100,99824,100,100044,100,99814,100,100075,100,99066,100,100089,100,98691,100
2019-06-28 09:39:30.000000000,99908,248,99890,248,99937,189,99879,248,99958,152,99875,100,100011,200,99853,100,100013,200,99849,100,100028,100,99824,100,100030,100,99814,100,100044,100,99066,100,100075,100,98691,100,100089,100,98678,100
2019-06-28 09:39:38.516254573,99908,248,99890,248,99937,189,99879,248,99958,152,99875,100,100011,200,99853,100,100013,200,99849,100,100028,100,99824,100,100030,100,99814,100,100044,100,99066,100,100075,100,98691,100,100089,100,98678,100
2019-06-28 09:39:40.000000000,99908,201,99890,201,99937,139,99879,198,99958,250,99875,198,100011,200,99853,100,100013,200,99849,100,100028,100,99824,100,100030,100,99814,100,100044,100,99066,100,100075,100,98691,100,100089,100,98678,100
2019-06-28 09:39:50.000000000,99908,248,99890,248,99937,189,99879,248,99958,152,99875,100,100011,200,99853,100,100013,200,99849,100,100028,100,99824,100,100030,100,99814,100,100044,100,99066,100,100075,100,98691,100,100089,100,98678,100
2019-06-28 09:40:00.000000000,99908,201,99890,201,99937,139,99879,198,99958,250,99875,198,100011,200,99853,100,100013,200,99849,100,100028,100,99824,100,100030,100,99814,100,100044,100,99066,100,100075,100,98691,100,100089,100,98678,100
2019-06-28 09:40:02.713099745,99908,201,99890,101,99937,139,99879,198,99958,250,99875,198,100011,200,99853,100,100013,200,99849,100,100028,100,99824,100,100030,100,99814,100,100075,100,99066,100,100089,100,98691,100,100106,100,98678,100
2019-06-28 09:40:06.770071378,99908,201,99890,101,99937,139,99879,198,99958,250,99875,198,100011,200,99853,100,100013,200,99824,100,100028,100,99814,100,100030,100,99066,100,100075,100,98691,100,100089,100,98678,100,100106,100,98598,100
2019-06-28 09:40:10.000000000,99908,248,99879,248,99937,189,99875,248,99958,152,99853,100,100011,200,99824,100,100013,200,99814,100,100028,100,99066,100,100030,100,98691,100,100075,100,98678,100,100089,100,98598,100,100106,100,98596,100
2019-06-28 09:40:20.000000000,99908,174,99879,174,99937,115,99875,174,99958,226,99853,174,100011,274,99824,174,100013,200,99814,100,100028,100,99066,100,100030,100,98691,100,100075,100,98678,100,100089,100,98598,100,100106,100,98596,100
2019-06-28 09:40:20.228179050,99905,100,99879,174,99908,174,99875,174,99937,115,99853,174,99958,226,99824,174,100011,274,99814,100,100013,200,99066,100,100028,100,98691,100,100030,100,98678,100,100075,100,98598,100,100089,100,98596,100
2019-06-28 09:40:30.000000000,99905,201,99879,201,99908,198,99875,198,99937,139,99853,198,99958,152,99824,100,100011,200,99814,100,100013,200,99066,100,100028,100,98691,100,100030,100,98678,100,100075,100,98598,100,100089,100,98596,100
2019-06-28 09:40:40.000000000,99905,248,99879,248,99908,248,99875,248,99937,41,99853,100,99958,152,99824,100,100011,200,99814,100,100013,200,99066,100,100028,100,98691,100,100030,100,98678,100,100075,100,98598,100,100089,100,98596,100
2019-06-28 09:40:50.000000000,99905,397,99879,397,99908,100,99875,100,99937,41,99853,100,99958,152,99824,100,100011,200,99814,100,100013,200,99066,100,100028,100,98691,100,100030,100,98678,100,100075,100,98598,100,100089,100,98596,100
2019-06-28 09:41:00.000000000,99905,397,99879,397,99908,100,99875,100,99937,41,99853,100,99958,152,99824,100,100011,200,99814,100,100013,200,99066,100,100028,100,98691,100,100030,100,98678,100,100075,100,98598,100,100089,100,98596,100
2019-06-28 09:41:00.912372777,99898,100,99879,397,99905,397,99875,100,99908,100,99853,100,99937,41,99824,100,99958,152,99814,100,100011,200,99066,100,100013,200,98691,100,100028,100,98678,100,100030,100,98598,100,100075,100,98596,100
2019-06-28 09:41:04.329883986,99898,100,99879,297,99905,397,99875,100,99908,100,99853,100,99937,41,99824,100,99958,152,99814,100,100011,200,99066,100,100013,200,98691,100,100028,100,98678,100,100030,100,98598,100,100075,100,98596,100
2019-06-28 09:41:10.000000000,99898,174,99875,174,99905,174,99853,174,99908,174,99824,174,99937,115,99814,174,99958,152,99066,100,100011,200,98691,100,100013,200,98678,100,100028,100,98598,100,100030,100,98596,100,100075,100,98413,100
2019-06-28 09:41:18.278103601,99898,174,99875,174,99905,174,99853,174,99908,174,99824,174,99937,115,99814,174,99958,152,99799,100,100011,200,99066,100,100013,200,98691,100,100028,100,98678,100,100030,100,98598,100,100075,100,98596,100
2019-06-28 09:41:20.000000000,99898,248,99875,248,99905,248,99853,248,99908,100,99824,100,99937,41,99814,100,99958,152,99799,100,100011,200,99066,100,100013,200,98691,100,100028,100,98678,100,100030,100,98598,100,100075,100,98596,100
2019-06-28 09:41:30.000000000,99898,159,99875,159,99905,159,99853,159,99908,159,99824,159,99937,100,99814,159,99958,211,99799,159,100011,200,99066,100,100013,200,98691,100,100028,100,98678,100,100030,100,98598,100,100075,100,98596,100
2019-06-28 09:41:36.532219672,99898,159,99875,159,99905,159,99853,159,99908,159,99824,159,99937,100,99814,159,99958,211,99799,159,100011,200,99066,100,100013,200,98691,100,100028,100,98678,100,100030,100,98598,100,100075,100,98596,100
2019-06-28 09:41:38.255514508,99898,159,99875,159,99905,159,99853,159,99908,159,99824,159,99937,100,99814,159,99958,211,99799,159,100011,200,99066,100,100013,100,98691,100,100028,100,98678,100,100030,100,98598,100,100075,100,98596,100
2019-06-28 09:41:40.000000000,99898,248,99875,248,99905,248,99853,248,99908,100,99824,100,99937,41,99814,100,99958,152,99799,100,100011,200,99066,100,100013,100,98691,100,100028,100,98678,100,100030,100,98598,100,100075,100,98596,100
2019-06-28 09:41:50.000000000,99898,201,99875,201,99905,198,99853,198,99908,198,99824,198,99937,41,99814,100,99958,152,99799,100,100011,200,99066,100,100013,100,98691,100,100028,100,98678,100,100030,100,98598,100,100075,100,98596,100
2019-06-28 09:42:00.000000000,99898,201,99875,201,99905,198,99853,198,99908,198,99824,198,99937,41,99814,100,99958,152,99799,100,100011,200,99066,100,100013,100,98691,100,100028,100,98678,100,100030,100,98598,100,100075,100,98596,100
2019-06-28 09:42:09.053590773,99898,101,99875,201,99905,198,99853,198,99908,198,99824,198,99937,41,99814,100,99958,152,99799,100,100011,200,99066,100,100013,100,98691,100,100028,100,98678,100,100030,100,98598,100,100075,100,98596,100
2019-06-28 09:42:10.000000000,99905,397,99875,397,99908,100,99853,100,99937,41,99824,100,99958,152,99814,100,100011,200,99799,100,100013,100,99066,100,100028,100,98691,100,100030,100,98678,100,100075,100,98598,100,100089,100,98596,100
2019-06-28 09:42:20.000000000,99905,201,99875,201,99908,198,99853,198,99937,139,99824,198,99958,152,99814,100,100011,200,99799,100,100013,100,99066,100,100028,100,98691,100,100030,100,98678,100,100075,100,98598,100,100089,100,98596,100
2019-06-28 09:42:30.000000000,99905,201,99875,201,99908,198,99853,198,99937,139,99824,198,99958,152,99814,100,100011,200,99799,100,100013,100,99066,100,100028,100,98691,100,100030,100,98678,100,100075,100,98598,100,100089,100,98596,100
2019-06-28 09:42:40.000000000,99905,159,99875,159,99908,159,99853,159,99937,100,99824,159,99958,211,99814,159,100011,259,99799,159,100013,100,99066,100,100028,100,98691,100,100030,100,98678,100,100075,100,98598,100,100089,100,98596,100
2019-06-28 09:42:47.004553979,99905,159,99875,159,99908,159,99853,159,99937,100,99824,159,99958,211,99814,159,100011,259,99799,159,100013,100,99687,100,100028,100,99066,100,100030,100,98691,100,100075,100,98598,100,100089,100,98596,100
2019-06-28 09:42:50.000000000,99905,174,99875,174,99908,174,99853,174,99937,115,99824,174,99958,226,99814,174,100011,200,99799,100,100013,100,99687,100,100028,100,99066,100,100030,100,98691,100,100075,100,98598,100,100089,100,98596,100
2019-06-28 09:43:00.000000000,99905,159,99875,159,99908,159,99853,159,99937,100,99824,159,99958,211,99814,159,100011,259,99799,159,100013,100,99687,100,100028,100,99066,100,100030,100,98691,100,100075,100,98598,100,100089,100,98596,100
2019-06-28 09:43:06.102466943,99905,159,99875,159,99908,159,99853,159,99937,100,99824,159,99940,100,99814,159,99958,211,99799,159,100011,259,99687,100,100013,100,99066,100,100028,100,98691,100,100075,100,98598,100,100089,100,98596,100
2019-06-28 09:43:10.000000000,99905,174,99875,174,99908,174,99853,174,99937,115,99824,174,99940,174,99814,174,99958,152,99799,100,100011,200,99687,100,100013,100,99066,100,100028,100,98691,100,100075,100,98598,100,100089,100,98596,100
2019-06-28 09:43:10.138669092,99905,174,99880,100,99908,174,99875,174,99937,115,99853,174,99940,174,99824,174,99958,152,99814,174,100011,200,99799,100,100013,100,99687,100,100028,100,99066,100,100075,100,98691,100,100089,100,98598,100
2019-06-28 09:43:12.461308978,99905,174,99880,100,99908,174,99875,174,99937,115,99853,174,99940,174,99824,174,99958,152,99814,174,100011,200,99799,100,100013,100,99687,100,100028,100,99066,100,100075,100,98691,100,100089,100,98598,100
2019-06-28 09:43:15.213569610,99905,174,99880,200,99908,174,99875,174,99937,115,99853,174,99940,174,99824,174,99958,152,99814,174,100011,200,99799,100,100013,100,99687,100,100028,100,99066,100,100075,100,98691,100,100089,100,98598,100
2019-06-28 09:43:20.000000000,99905,397,99880,497,99908,100,99875,100,99937,41,99853,100,99940,100,99824,100,99958,152,99814,100,100011,200,99799,100,100013,100,99687,100,100028,100,99066,100,100075,100,98691,100,100089,100,98598,100
2019-06-28 09:43:30.000000000,99905,174,99880,274,99908,174,99875,174,99937,115,99853,174,99940,174,99824,174,99958,152,99814,100,100011,200,99799,100,100013,100,99687,100,100028,100,99066,100,100075,100,98691,100,100089,100,98598,100
2019-06-28 09:43:37.158540462,99905,74,99880,274,99908,174,99875,174,99937,115,99853,174,99940,174,99824,174,99958,100,99814,100,100011,200,99799,100,100013,100,99687,100,100028,100,99066,100,100075,100,98691,100,100089,100,98598,100
2019-06-28 09:43:38.465531003,99905,74,99880,274,99908,174,99875,174,99937,115,99853,174,99940,174,99824,174,99958,100,99814,100,100011,200,99799,100,100013,100,99687,100,100028,100,98691,100,100061,100,98598,100,100075,100,98596,100
2019-06-28 09:43:40.000000000,99908,159,99880,259,99937,100,99875,159,99940,159,99853,159,99958,159,99824,159,100011,259,99814,159,100013,100,99799,100,100028,100,99687,100,100061,100,98691,100,100075,100,98598,100,100089,100,98596,100
2019-06-28 09:43:46.090162760,99908,59,99880,259,99937,100,99875,159,99940,159,99853,159,99958,159,99824,159,100011,259,99814,159,100013,100,99799,100,100028,100,99687,100,100061,100,98691,100,100075,100,98598,100,100089,100,98596,100
2019-06-28 09:43:50.000000000,99937,189,99880,348,99940,248,99875,248,99958,100,99853,100,100011,200,99824,100,100013,100,99814,100,100028,100,99799,100,100061,100,99687,100,100075,100,98691,100,100089,100,98598,100,100106,100,98596,100
2019-06-28 09:43:56.608660449,99937,89,99880,348,99940,248,99875,248,99958,100,99853,100,100011,200,99824,100,100013,100,99814,100,100028,100,99799,100,100061,100,99687,100,100075,100,98691,100,100089,100,98598,100,100106,100,98596,100
2019-06-28 09:44:00.000000000,99940,397,99880,497,99958,100,99875,100,100011,200,99853,100,100013,100,99824,100,100028,100,99814,100,100061,100,99799,100,100075,100,99687,100,100089,100,98691,100,100106,100,98598,100,100122,100,98596,100
2019-06-28 09:44:10.000000000,99940,201,99880,301,99958,198,99875,198,100011,298,99853,198,100013,100,99824,100,100028,100,99814,100,100061,100,99799,100,100075,100,99687,100,100089,100,98691,100,100106,100,98598,100,100122,100,98596,100
2019-06-28 09:44:20.000000000,99940,201,99880,301,99958,198,99875,198,100011,298,99853,198,100013,100,99824,100,100028,100,99814,100,100061,100,99799,100,100075,100,99687,100,100089,100,98691,100,100106,100,98598,100,100122,100,98596,100
2019-06-28 09:44:20.513819838,99907,100,99880,301,99940,201,99875,198,99958,198,99853,198,100011,298,99824,100,100013,100,99814,100,100028,100,99799,100,100061,100,99687,100,100075,100,98691,100,100089,100,98598,100,100106,100,98596,100
2019-06-28 09:44:30.000000000,99907,174,99880,274,99940,174,99875,174,99958,174,99853,174,100011,274,99824,174,100013,100,99814,100,100028,100,99799,100,100061,100,99687,100,100075,100,98691,100,100089,100,98598,100,100106,100,98596,100
2019-06-28 09:44:40.000000000,99907,201,99880,301,99940,198,99875,198,99958,198,99853,198,100011,200,99824,100,100013,100,99814,100,100028,100,99799,100,100061,100,99687,100,100075,100,98691,100,100089,100,98598,100,100106,100,98596,100
2019-06-28 09:44:44.201674807,99907,201,99880,201,99940,198,99875,198,99958,198,99853,198,100011,200,99824,100,100013,100,99814,100,100028,100,99799,100,100061,100,99687,100,100075,100,98691,100,100089,100,98598,100,100106,100,98596,100
2019-06-28 09:44:44.726275894,99907,201,99880,201,99940,198,99875,198,99958,198,99853,198,100011,200,99824,100,100013,100,99814,100,100028,100,99799,100,100061,100,99687,100,100075,100,98598,100,100089,100,98596,100,100106,100,98250,100
2019-06-28 09:44:50.000000000,99907,397,99880,397,99940,100,99875,100,99958,100,99853,100,100011,200,99824,100,100013,100,99814,100,100028,100,99799,100,100061,100,99687,100,100075,100,98598,100,100089,100,98596,100,100106,100,98250,100
2019-06-28 09:45:00.000000000,99907,159,99880,159,99940,159,99875,159,99958,159,99853,159,100011,259,99824,159,100013,159,99814,159,100028,100,99799,100,100061,100,99687,100,100075,100,98598,100,100089,100,98596,100,100106,100,98250,100
2019-06-28 09:45:10.000000000,99907,248,99880,248,99940,248,99875,248,99958,100,99853,100,100011,200,99824,100,100013,100,99814,100,100028,100,99799,100,100061,100,99687,100,100075,100,98598,100,100089,100,98596,100,100106,100,98250,100
2019-06-28 09:45:20.000000000,99907,201,99880,201,99940,198,99875,198,99958,198,99853,198,100011,200,99824,100,100013,100,99814,100,100028,100,99799,100,100061,100,99687,100,100075,100,98598,100,100089,100,98596,100,100106,100,98250,100
2019-06-28 09:45:30.000000000,99907,174,99880,174,99940,174,99875,174,99958,174,99853,174,100011,274,99824,174,100013,100,99814,100,100028,100,99799,100,100061,100,99687,100,100075,100,98598,100,100089,100,98596,100,100106,100,98250,100
2019-06-28 09:45:40.000000000,99907,174,99880,174,99940,174,99875,174,99958,174,99853,174,100011,274,99824,174,100013,100,99814,100,100028,100,99799,100,100061,100,99687,100,100075,100,98598,100,100089,100,98596,100,100106,100,98250,100
2019-06-28 09:45:50.000000000,99907,397,99880,397,99940,100,99875,100,99958,100,99853,100,100011,200,99824,100,100013,100,99814,100,100028,100,99799,100,100061,100,99687,100,100075,100,98598,100,100089,100,98596,100,100106,100,98250,100
2019-06-28 09:45:57.685873758,99907,397,99880,297,99940,100,99875,100,99958,100,99853,100,100011,200,99824,100,100013,100,99814,100,100028,100,99799,100,100061,100,99687,100,100075,100,98598,100,100089,100,98596,100,100106,100,98250,100
2019-06-28 09:46:00.000000000,99907,159,99875,159,99940,159,99853,159,99958,159,99824,159,100011,259,99814,159,100013,159,99799,159,100028,100,99687,100,100061,100,98598,100,100075,100,98596,100,100089,100,98250,100,100106,100,98166,100
2019-06-28 09:46:04.911387960,99907,159,99875,159,99940,159,99853,159,99958,159,99824,159,100011,259,99814,159,100013,159,99799,159,100061,100,99687,100,100075,100,98598,100,100089,100,98596,100,100106,100,98250,100,100122,100,98218,100
2019-06-28 09:46:10.000000000,99907,201,99875,201,99940,198,99853,198,99958,198,99824,198,100011,200,99814,100,100013,100,99799,100,100061,100,99687,100,100075,100,98598,100,100089,100,98596,100,100106,100,98250,100,100122,100,98218,100
2019-06-28 09:46:10.241661897,99907,201,99875,201,99940,198,99853,198,99958,198,99824,198,100011,200,99814,100,100013,100,99799,100,100061,100,99687,100,100075,100,98598,100,100089,100,98596,100,100106,100,98323,100,100122,100,98250,100
2019-06-28 09:46:20.000000000,99907,248,99875,248,99940,248,99853,248,99958,100,99824,100,100011,200,99814,100,100013,100,99799,100,100061,100,99687,100,100075,100,98598,100,100089,100,98596,100,100106,100,98323,100,100122,100,98250,100
2019-06-28 09:46:30.000000000,99907,397,99875,397,99940,100,99853,100,99958,100,99824,100,100011,200,99814,100,100013,100,99799,100,100061,100,99687,100,100075,100,98598,100,100089,100,98596,100,100106,100,98323,100,100122,100,98250,100
2019-06-28 09:46:34.124220482,99880,100,99875,397,99907,397,99853,100,99940,100,99824,100,99958,100,99814,100,100011,100,99799,100,100013,100,99687,100,100061,100,98598,100,100075,100,98596,100,100089,100,98323,100,100106,100,98250,100
2019-06-28 09:46:36.861404543,99880,100,99875,397,99907,397,99853,100,99940,100,99824,100,99958,100,99814,100,100011,100,99799,100,100013,100,99687,100,100061,100,98598,100,100075,100,98596,100,100089,100,98389,100,100106,100,98323,100
2019-06-28 09:46:40.000000000,99880,174,99875,174,99907,174,99853,174,99940,174,99824,174,99958,174,99814,174,100011,100,99799,100,100013,100,99687,100,100061,100,98598,100,100075,100,98596,100,100089,100,98389,100,100106,100,98323,100
2019-06-28 09:46:50.000000000,99880,201,99875,201,99907,198,99853,198,99940,198,99824,198,99958,100,99814,100,100011,100,99799,100,100013,100,99687,100,100061,100,98598,100,100075,100,98596,100,100089,100,98389,100,100106,100,98323,100
2019-06-28 09:47:00.000000000,99880,174,99875,174,99907,174,99853,174,99940,174,99824,174,99958,174,99814,174,100011,100,99799,100,100013,100,99687,100,100061,100,98598,100,100075,100,98596,100,100089,100,98389,100,100106,100,98323,100
2019-06-28 09:47:10.000000000,99880,174,99875,174,99907,174,99853,174,99940,174,99824,174,99958,174,99814,174,100011,100,99799,100,100013,100,99687,100,100061,100,98598,100,100075,100,98596,100,100089,100,98389,100,100106,100,98323,100
2019-06-28 09:47:20.000000000,99880,159,99875,159,99907,159,99853,159,99940,159,99824,159,99958,159,99814,159,100011,159,99799,159,100013,100,99687,100,100061,100,98598,100,100075,100,98596,100,100089,100,98389,100,100106,100,98323,100
2019-06-28 09:47:28.003654454,99880,159,99875,159,99907,159,99853,159,99940,159,99824,159,99958,159,99814,159,100011,159,99799,159,100013,100,99687,100,100061,100,98803,100,100075,100,98598,100,100089,100,98596,100,100106,100,98389,100
2019-06-28 09:47:30.000000000,99880,159,99875,159,99907,159,99853,159,99940,159,99824,159,99958,159,99814,159,100011,159,99799,159,100013,100,99687,100,100061,100,98803,100,100075,100,98598,100,100089,100,98596,100,100106,100,98389,100
2019-06-28 09:47:32.559213123,99880,159,99875,159,99907,159,99853,159,99940,159,99824,159,99958,159,99814,159,100011,159,99799,159,100013,100,99687,100,100061,100,99143,100,100075,100,98803,100,100089,100,98598,100,100106,100,98596,100
2019-06-28 09:47:34.482346798,99880,159,99875,159,99907,159,99853,159,99940,159,99824,159,99958,159,99814,159,100011,159,99799,159,100013,100,99687,100,100061,100,99143,100,100075,100,98803,100,100106,100,98598,100,100122,100,98596,100
2019-06-28 09:47:34.961039721,99880,159,99875,59,99907,159,99853,159,99940,159,99824,159,99958,159,99814,159,100011,159,99799,159,100013,100,99687,100,100061,100,99143,100,100075,100,98803,100,100106,100,98598,100,100122,100,98596,100
2019-06-28 09:47:40.000000000,99880,174,99853,174,99907,174,99824,174,99940,174,99814,174,99958,174,99799,174,100011,100,99687,100,100013,100,99143,100,100061,100,98803,100,100075,100,98598,100,100106,100,98596,100,100122,100,98389,100
2019-06-28 09:47:43.871232901,99880,174,99853,74,99907,174,99824,174,99940,174,99814,174,99958,174,99799,174,100011,100,99687,100,100013,100,99143,100,100061,100,98803,100,100075,100,98737,100,100106,100,98598,100,100122,100,98596,100
2019-06-28 09:47:47.284198381,99880,174,99853,74,99907,174,99824,174,99940,174,99814,174,99958,174,99799,174,100011,100,99687,100,100013,100,99143,100,100061,100,98845,100,100075,100,98803,100,100106,100,98737,100,100122,100,98598,100
2019-06-28 09:47:50.000000000,99880,248,99824,248,99907,248,99814,248,99940,100,99799,100,99958,100,99687,100,100011,100,99143,100,100013,100,98845,100,100061,100,98803,100,100075,100,98737,100,100106,100,98598,100,100122,100,98596,100
2019-06-28 09:48:00.000000000,99880,201,99824,201,99907,198,99814,198,99940,198,99799,198,99958,100,99687,100,100011,100,99143,100,100013,100,98845,100,100061,100,98803,100,100075,100,98737,100,100106,100,98598,100,100122,100,98596,100
2019-06-28 09:48:02.662400940,99879,100,99824,201,99880,201,99814,198,99907,98,99799,198,99940,198,99687,100,99958,100,99143,100,100011,100,98845,100,100013,100,98803,100,100061,100,98737,100,100075,100,98598,100,100106,100,98596,100
2019-06-28 09:48:05.863071417,99879,200,99824,201,99880,201,99814,198,99907,98,99799,198,99940,198,99687,100,99958,100,99143,100,100011,100,98845,100,100013,100,98803,100,100061,100,98737,100,100075,100,98598,100,100106,100,98596,100
2019-06-28 09:48:10.000000000,99879,301,99824,201,99880,198,99814,198,99940,198,99799,198,99958,100,99687,100,100011,100,99143,100,100013,100,98845,100,100061,100,98803,100,100075,100,98737,100,100106,100,98598,100,100122,100,98596,100
2019-06-28 09:48:20.000000000,99879,348,99824,248,99880,248,99814,248,99940,100,99799,100,99958,100,99687,100,100011,100,99143,100,100013,100,98845,100,100061,100,98803,100,100075,100,98737,100,100106,100,98598,100,100122,100,98596,100
2019-06-28 09:48:20.890280770,99879,348,99824,248,99880,248,99814,248,99940,100,99799,100,99958,100,99687,100,100011,100,99221,100,100013,100,99143,100,100061,100,98845,100,100075,100,98803,100,100106,100,98737,100,100122,100,98598,100
2019-06-28 09:48:30.000000000,99879,274,99824,174,99880,174,99814,174,99940,174,99799,174,99958,174,99687,174,100011,100,99221,100,100013,100,99143,100,100061,100,98845,100,100075,100,98803,100,100106,100,98737,100,100122,100,98598,100
2019-06-28 09:48:40.000000000,99879,301,99824,201,99880,198,99814,198,99940,198,99799,198,99958,100,99687,100,100011,100,99221,100,100013,100,99143,100,100061,100,98845,100,100075,100,98803,100,100106,100,98737,100,100122,100,98598,100
2019-06-28 09:48:50.000000000,99879,301,99824,201,99880,198,99814,198,99940,198,99799,198,99958,100,99687,100,100011,100,99221,100,100013,100,99143,100,100061,100,98845,100,100075,100,98803,100,100106,100,98737,100,100122,100,98598,100
2019-06-28 09:48:54.719152629,99879,401,99824,201,99880,198,99814,198,99940,198,99799,198,99958,100,99687,100,100011,100,99221,100,100013,100,99143,100,100061,100,98845,100,100075,100,98803,100,100106,100,98737,100,100122,100,98598,100
2019-06-28 09:48:55.672940151,99879,501,99824,201,99880,198,99814,198,99940,198,99799,198,100011,100,99687,100,100013,100,99221,100,100061,100,99143,100,100075,100,98845,100,100106,100,98803,100,100122,100,98737,100,100123,100,98598,100
2019-06-28 09:49:00.000000000,99879,474,99824,174,99880,174,99814,174,99940,174,99799,174,100011,174,99687,174,100013,100,99221,100,100061,100,99143,100,100075,100,98845,100,100106,100,98803,100,100122,100,98737,100,100123,100,98598,100
2019-06-28 09:49:07.167434955,99879,474,99824,174,99880,174,99814,174,99940,174,99799,174,100011,174,99687,174,100013,100,99221,100,100061,100,99194,100,100075,100,99143,100,100106,100,98845,100,100122,100,98803,100,100123,100,98737,100
2019-06-28 09:49:10.000000000,99879,501,99824,201,99880,198,99814,198,99940,198,99799,198,100011,100,99687,100,100013,100,99221,100,100061,100,99194,100,100075,100,99143,100,100106,100,98845,100,100122,100,98803,100,100123,100,98737,100
2019-06-28 09:49:18.009476770,99879,501,99824,201,99880,198,99814,198,99940,198,99799,198,100011,100,99687,100,100013,100,99221,100,100061,100,99213,100,100075,100,99194,100,100106,100,99143,100,100122,100,98845,100,100123,100,98803,100
2019-06-28 09:49:20.000000000,99879,697,99824,397,99880,100,99814,100,99940,100,99799,100,100011,100,99687,100,100013,100,99221,100,100061,100,99213,100,100075,100,99194,100,100106,100,99143,100,100122,100,98845,100,100123,100,98803,100
2019-06-28 09:49:26.785367569,99879,797,99824,397,99880,100,99814,100,99940,100,99799,100,100011,100,99687,100,100013,100,99221,100,100061,100,99213,100,100075,100,99194,100,100106,100,99143,100,100122,100,98845,100,100123,100,98803,100
2019-06-28 09:49:30.000000000,99879,559,99824,159,99880,159,99814,159,99940,159,99799,159,100011,159,99687,159,100013,159,99221,159,100061,100,99213,100,100075,100,99194,100,100106,100,99143,100,100122,100,98845,100,100123,100,98803,100
2019-06-28 09:49:36.913374279,99879,559,99824,59,99880,159,99814,159,99940,159,99799,159,100011,159,99687,159,100013,159,99221,159,100061,100,99213,100,100075,100,99194,100,100106,100,99143,100,100122,100,98845,100,100123,100,98803,100
2019-06-28 09:49:40.000000000,99879,559,99814,159,99880,159,99799,159,99940,159,99687,159,100011,159,99221,159,100013,159,99213,159,100061,100,99194,100,100075,100,99143,100,100106,100,98845,100,100122,100,98803,100,100123,100,98598,100
2019-06-28 09:49:42.890124896,99875,100,99814,159,99879,559,99799,159,99880,59,99687,159,99940,159,99221,159,100011,159,99213,159,100013,159,99194,100,100061,100,99143,100,100075,100,98845,100,100106,100,98803,100,100122,100,98598,100
2019-06-28 09:49:45.096915953,99875,100,99814,59,99879,559,99799,159,99880,59,99687,159,99940,159,99221,159,100011,159,99213,159,100013,159,99194,100,100061,100,99143,100,100075,100,98845,100,100106,100,98803,100,100122,100,98596,100
2019-06-28 09:49:50.000000000,99875,174,99799,174,99879,574,99687,174,99940,174,99221,174,100011,174,99213,174,100013,100,99194,100,100061,100,99143,100,100075,100,98845,100,100106,100,98803,100,100122,100,98596,100,100123,100,98389,100
2019-06-28 09:50:00.000000000,99875,397,99799,397,99879,500,99687,100,99940,100,99221,100,100011,100,99213,100,100013,100,99194,100,100061,100,99143,100,100075,100,98845,100,100106,100,98803,100,100122,100,98596,100,100123,100,98389,100
2019-06-28 09:50:10.000000000,99875,174,99799,174,99879,574,99687,174,99940,174,99221,174,100011,174,99213,174,100013,100,99194,100,100061,100,99143,100,100075,100,98845,100,100106,100,98803,100,100122,100,98596,100,100123,100,98389,100
2019-06-28 09:50:11.998185273,99875,174,99799,74,99879,574,99687,174,99940,174,99221,174,100011,174,99213,174,100013,100,99194,100,100061,100,99143,100,100075,100,98845,100,100106,100,98803,100,100122,100,98596,100,100123,100,98389,100
2019-06-28 09:50:12.561873201,99799,26,99687,174,99875,174,99221,174,99879,574,99213,174,99940,174,99194,100,100011,174,99143,100,100013,100,98845,100,100061,100,98803,100,100075,100,98596,100,100106,100,98389,100,100122,100,98323,100
2019-06-28 09:50:20.000000000,99799,85,99687,159,99875,159,99221,159,99879,559,99213,159,99940,159,99194,159,100011,159,99143,159,100013,100,98845,100,100061,100,98803,100,100075,100,98596,100,100106,100,98389,100,100122,100,98323,100
2019-06-28 09:50:30.000000000,99799,323,99687,397,99875,100,99221,100,99879,500,99213,100,99940,100,99194,100,100011,100,99143,100,100013,100,98845,100,100061,100,98803,100,100075,100,98596,100,100106,100,98389,100,100122,100,98323,100
2019-06-28 09:50:40.000000000,99799,85,99687,159,99875,159,99221,159,99879,559,99213,159,99940,159,99194,159,100011,159,99143,159,100013,100,98845,100,100061,100,98803,100,100075,100,98596,100,100106,100,98389,100,100122,100,98323,100
2019-06-28 09:50:41.471613314,99799,85,99687,59,99875,159,99221,159,99879,559,99213,159,99940,159,99194,159,100011,159,99143,159,100013,100,98845,100,100061,100,98803,100,100075,100,98596,100,100106,100,98389,100,100122,100,98250,100
2019-06-28 09:50:50.000000000,99799,85,99221,159,99875,159,99213,159,99879,559,99194,159,99940,159,99143,159,100011,159,98845,159,100013,100,98803,100,100061,100,98596,100,100075,100,98389,100,100106,100,98250,100,100122,100,98218,100
2019-06-28 09:51:00.000000000,99799,174,99221,248,99875,248,99213,248,99879,500,99194,100,99940,100,99143,100,100011,100,98845,100,100013,100,98803,100,100061,100,98596,100,100075,100,98389,100,100106,100,98250,100,100122,100,98218,100
2019-06-28 09:51:10.000000000,99799,85,99221,159,99875,159,99213,159,99879,559,99194,159,99940,159,99143,159,100011,159,98845,159,100013,100,98803,100,100061,100,98596,100,100075,100,98389,100,100106,100,98250,100,100122,100,98218,100
2019-06-28 09:51:13.501650411,99798,100,99221,159,99799,85,99213,159,99875,159,99194,159,99879,459,99143,159,99940,159,98845,159,100011,159,98803,100,100013,100,98596,100,100061,100,98389,100,100075,100,98250,100,100106,100,98218,100
2019-06-28 09:51:20.000000000,99798,397,99221,397,99799,26,99213,100,99875,100,99194,100,99879,400,99143,100,99940,100,98845,100,100011,100,98803,100,100013,100,98596,100,100061,100,98389,100,100075,100,98250,100,100106,100,98218,100
2019-06-28 09:51:24.569956971,99798,397,99221,297,99799,26,99213,100,99875,100,99194,100,99879,400,99143,100,99940,100,98845,100,100011,100,98803,100,100013,100,98596,100,100061,100,98389,100,100075,100,98250,100,100106,100,98218,100
2019-06-28 09:51:30.000000000,99798,248,99213,248,99799,174,99194,248,99875,100,99143,100,99879,400,98845,100,99940,100,98803,100,100011,100,98596,100,100013,100,98389,100,100061,100,98250,100,100075,100,98218,100,100106,100,98115,100
2019-06-28 09:51:40.000000000,99798,159,99213,159,99799,85,99194,159,99875,159,99143,159,99879,459,98845,159,99940,159,98803,159,100011,100,98596,100,100013,100,98389,100,100061,100,98250,100,100075,100,98218,100,100106,100,98115,100
2019-06-28 09:51:50.000000000,99798,159,99213,159,99799,85,99194,159,99875,159,99143,159,99879,459,98845,159,99940,159,98803,159,100011,100,98596,100,100013,100,98389,100,100061,100,98250,100,100075,100,98218,100,100106,100,98115,100
2019-06-28 09:51:51.727365840,99798,159,99213,59,99799,85,99194,159,99875,159,99143,159,99879,459,98845,159,99940,159,98803,159,100011,100,98596,100,100013,100,98250,100,100061,100,98218,100,100075,100,98115,100,100106,100,,
2019-06-28 09:52:00.000000000,99798,201,99194,201,99799,124,99143,198,99875,198,98845,198,99879,400,98803,100,99940,100,98596,100,100011,100,98250,100,100013,100,98218,100,100061,100,98115,100,100075,100,,,100106,100,,
2019-06-28 09:52:08.079558642,99798,201,99194,101,99799,124,99143,198,99875,198,98845,198,99879,400,98803,100,99940,100,98596,100,100011,100,98250,100,100013,100,98218,100,100061,100,98115,100,100075,100,,,100106,100,,
2019-06-28 09:52:10.000000000,99798,201,99143,201,99799,124,98845,198,99875,198,98803,198,99879,400,98596,100,99940,100,98250,100,100011,100,98218,100,100013,100,98115,100,100061,100,,,100075,100,,,100106,100,,
2019-06-28 09:52:20.000000000,99798,174,99143,174,99799,100,98845,174,99875,174,98803,174,99879,474,98596,174,99940,100,98250,100,100011,100,98218,100,100013,100,98115,100,100061,100,,,100075,100,,,100106,100,,
2019-06-28 09:52:20.900890571,99144,100,99143,174,99798,174,98845,174,99799,100,98803,174,99875,174,98596,174,99879,474,98250,100,99940,100,98218,100,100011,100,98115,100,100013,100,,,100061,100,,,100075,100,,
2019-06-28 09:52:30.000000000,99144,397,99143,397,99798,100,98845,100,99799,26,98803,100,99875,100,98596,100,99879,400,98250,100,99940,100,98218,100,100011,100,98115,100,100013,100,,,100061,100,,,100075,100,,
2019-06-28 09:52:31.048612911,99144,397,99143,397,99213,100,98845,100,99798,100,98803,100,99799,26,98596,100,99875,100,98250,100,99879,400,98218,100,99940,100,98115,100,100011,100,,,100013,100,,,100061,100,,
2019-06-28 09:52:40.000000000,99144,248,99143,248,99213,248,98845,248,99798,100,98803,100,99799,26,98596,100,99875,100,98250,100,99879,400,98218,100,99940,100,98115,100,100011,100,,,100013,100,,,100061,100,,
2019-06-28 09:52:50.000000000,99144,201,99143,201,99213,198,98845,198,99798,198,98803,198,99799,26,98596,100,99875,100,98250,100,99879,400,98218,100,99940,100,98115,100,100011,100,,,100013,100,,,100061,100,,
2019-06-28 09:53:00.000000000,99144,174,99143,174,99213,174,98845,174,99798,174,98803,174,99799,100,98596,174,99875,100,98250,100,99879,400,98218,100,99940,100,98115,100,100011,100,,,100013,100,,,100061,100,,
2019-06-28 09:53:01.254802180,99144,174,99143,174,99213,174,98845,174,99798,174,98803,174,99799,100,98596,174,99875,100,98250,100,99879,300,98218,100,99940,100,98115,100,100011,100,,,100013,100,,,100061,100,,
2019-06-28 09:53:10.000000000,99144,397,99143,397,99213,100,98845,100,99798,100,98803,100,99799,26,98596,100,99875,100,98250,100,99879,300,98218,100,99940,100,98115,100,100011,100,,,100013,100,,,100061,100,,
2019-06-28 09:53:20.000000000,99144,159,99143,159,99213,159,98845,159,99798,159,98803,159,99799,85,98596,159,99875,159,98250,159,99879,300,98218,100,99940,100,98115,100,100011,100,,,100013,100,,,100061,100,,
2019-06-28 09:53:22.065402069,99144,159,99143,159,99213,259,98845,159,99798,159,98803,159,99799,85,98596,159,99875,159,98250,159,99879,200,98218,100,99940,100,98115,100,100011,100,,,100013,100,,,100061,100,,
2019-06-28 09:53:25.743106665,99144,159,99143,59,99213,259,98845,159,99798,159,98803,159,99799,85,98596,159,99875,159,98250,159,99879,200,98218,100,100011,100,98115,100,100013,100,,,100061,100,,,100075,100,,
2019-06-28 09:53:30.000000000,99144,159,98845,159,99213,259,98803,159,99798,159,98596,159,99799,85,98250,159,99875,159,98218,159,99879,200,98115,100,100011,100,,,100013,100,,,100061,100,,,100075,100,,
2019-06-28 09:53:40.000000000,99144,248,98845,248,99213,348,98803,248,99798,100,98596,100,99799,26,98250,100,99875,100,98218,100,99879,200,98115,100,100011,100,,,100013,100,,,100061,100,,,100075,100,,
2019-06-28 09:53:50.000000000,99144,174,98845,174,99213,274,98803,174,99798,174,98596,174,99799,100,98250,174,99875,100,98218,100,99879,200,98115,100,100011,100,,,100013,100,,,100061,100,,,100075,100,,
2019-06-28 09:53:52.778951251,99143,100,98845,174,99144,174,98803,174,99213,274,98596,174,99798,174,98250,174,99799,100,98218,100,99875,100,98115,100,99879,100,,,100011,100,,,100013,100,,,100061,100,,
2019-06-28 09:54:00.000000000,99143,397,98845,397,99144,100,98803,100,99213,200,98596,100,99798,100,98250,100,99799,26,98218,100,99875,100,98115,100,99879,100,,,100011,100,,,100013,100,,,100061,100,,
2019-06-28 09:54:10.000000000,99143,397,98845,397,99144,100,98803,100,99213,200,98596,100,99798,100,98250,100,99799,26,98218,100,99875,100,98115,100,99879,100,,,100011,100,,,100013,100,,,100061,100,,
2019-06-28 09:54:20.000000000,99143,248,98845,248,99144,248,98803,248,99213,200,98596,100,99798,100,98250,100,99799,26,98218,100,99875,100,98115,100,99879,100,,,100011,100,,,100013,100,,,100061,100,,
2019-06-28 09:54:25.577827417,99143,348,98845,248,99144,248,98803,248,99213,200,98596,100,99799,26,98250,100,99875,100,98218,100,99879,100,98115,100,100011,100,,,100013,100,,,100061,100,,,100075,100,,
2019-06-28 09:54:30.000000000,99143,274,98845,174,99144,174,98803,174,99213,274,98596,174,99799,100,98250,174,99875,100,98218,100,99879,100,98115,100,100011,100,,,100013,100,,,100061,100,,,100075,100,,
2019-06-28 09:54:40.000000000,99143,259,98845,159,99144,159,98803,159,99213,259,98596,159,99799,85,98250,159,99875,159,98218,159,99879,100,98115,100,100011,100,,,100013,100,,,100061,100,,,100075,100,,
2019-06-28 09:54:50.000000000,99143,301,98845,201,99144,198,98803,198,99213,298,98596,198,99799,26,98250,100,99875,100,98218,100,99879,100,98115,100,100011,100,,,100013,100,,,100061,100,,,100075,100,,
2019-06-28 09:55:00.000000000,99143,348,98845,248,99144,248,98803,248,99213,200,98596,100,99799,26,98250,100,99875,100,98218,100,99879,100,98115,100,100011,100,,,100013,100,,,100061,100,,,100075,100,,
2019-06-28 09:55:09.365207030,99143,348,98845,148,99144,248,98803,248,99213,200,98596,100,99799,26,98250,100,99875,100,98218,100,99879,100,98115,100,100011,100,,,100013,100,,,100061,100,,,100075,100,,
2019-06-28 09:55:10.000000000,99143,301,98803,201,99144,198,98596,198,99213,298,98250,198,99799,26,98218,100,99875,100,98115,100,99879,100,,,100011,100,,,100013,100,,,100061,100,,,100075,100,,
2019-06-28 09:55:18.651621944,99143,301,98803,201,99144,198,98596,198,99213,298,98385,100,99799,26,98250,198,99875,100,98218,100,99879,100,98115,100,100011,100,,,100013,100,,,100061,100,,,100075,100,,
2019-06-28 09:55:20.000000000,99143,274,98803,174,99144,174,98596,174,99213,274,98385,174,99799,100,98250,174,99875,100,98218,100,99879,100,98115,100,100011,100,,,100013,100,,,100061,100,,,100075,100,,
2019-06-28 09:55:30.000000000,99143,259,98803,159,99144,159,98596,159,99213,259,98385,159,99799,85,98250,159,99875,159,98218,159,99879,100,98115,100,100011,100,,,100013,100,,,100061,100,,,100075,100,,
2019-06-28 09:55:35.468996520,99142,100,98803,159,99143,259,98596,159,99144,159,98385,159,99213,259,98250,159,99799,85,98218,159,99875,159,98115,100,99879,100,,,100011,100,,,100013,100,,,100061,100,,
2019-06-28 09:55:37.897666750,99142,100,98803,59,99143,259,98596,159,99144,159,98385,159,99213,259,98250,59,99799,85,98218,159,99875,159,98115,100,99879,100,,,100011,100,,,100013,100,,,100061,100,,
2019-06-28 09:55:39.348469945,99142,100,98803,59,99143,259,98596,159,99144,159,98385,159,99213,259,98383,100,99799,85,98250,59,99875,159,98218,159,99879,100,98115,100,100011,100,,,100013,100,,,100061,100,,
2019-06-28 09:55:40.000000000,99142,201,98596,201,99143,298,98385,198,99144,198,98383,198,99213,200,98218,100,99799,26,98115,100,99875,100,,,99879,100,,,100011,100,,,100013,100,,,100061,100,,
2019-06-28 09:55:50.000000000,99142,248,98596,248,99143,348,98385,248,99144,100,98383,100,99213,200,98218,100,99799,26,98115,100,99875,100,,,99879,100,,,100011,100,,,100013,100,,,100061,100,,
2019-06-28 09:55:58.044256756,99142,248,98596,148,99143,348,98385,248,99144,100,98383,100,99213,200,98218,100,99799,26,98115,100,99875,100,,,99879,100,,,100011,100,,,100013,100,,,100061,100,,
2019-06-28 09:56:00.000000000,99142,174,98385,174,99143,274,98383,174,99144,174,98218,174,99213,274,98115,174,99799,26,,,99875,100,,,99879,100,,,100011,100,,,100013,100,,,100061,100,,
2019-06-28 09:56:10.000000000,99142,397,98385,397,99143,200,98383,100,99144,100,98218,100,99213,200,98115,100,99799,26,,,99875,100,,,99879,100,,,100011,100,,,100013,100,,,100061,100,,
2019-06-28 09:56:10.068184076,98803,100,98385,397,99142,397,98383,100,99143,200,98218,100,99144,100,98115,100,99213,200,,,99799,26,,,99875,100,,,99879,100,,,100013,100,,,100061,100,,
2019-06-28 09:56:20.000000000,98803,159,98385,159,99142,159,98383,159,99143,259,98218,159,99144,159,98115,159,99213,259,98114,59,99799,26,,,99875,100,,,99879,100,,,100013,100,,,100061,100,,
2019-06-28 09:56:30.000000000,98803,397,98385,397,99142,100,98383,100,99143,200,98218,100,99144,100,98115,100,99213,200,,,99799,26,,,99875,100,,,99879,100,,,100013,100,,,100061,100,,
2019-06-28 09:56:40.000000000,98803,248,98385,248,99142,248,98383,248,99143,200,98218,100,99144,100,98115,100,99213,200,,,99799,26,,,99875,100,,,99879,100,,,100013,100,,,100061,100,,
2019-06-28 09:56:42.492033116,98803,348,98385,248,99142,248,98383,248,99143,200,98218,100,99144,100,98115,100,99213,200,,,99799,26,,,99875,100,,,99879,100,,,100013,100,,,100061,100,,
2019-06-28 09:56:45.511508261,98803,348,98385,248,99142,248,98383,248,99143,200,98218,100,99144,100,98115,100,99213,200,,,99799,26,,,99875,100,,,100013,100,,,100061,100,,,100075,100,,
2019-06-28 09:56:50.000000000,98803,301,98385,201,99142,198,98383,198,99143,298,98218,198,99144,100,98115,100,99213,200,,,99799,26,,,99875,100,,,100013,100,,,100061,100,,,100075,100,,
2019-06-28 09:56:54.228156181,98716,100,98385,201,98803,301,98383,198,99142,198,98218,198,99143,298,98115,100,99144,100,,,99213,200,,,99799,26,,,99875,100,,,100013,100,,,100061,100,,
2019-06-28 09:57:00.000000000,98716,397,98385,397,98803,200,98383,100,99142,100,98218,100,99143,200,98115,100,99144,100,,,99213,200,,,99799,26,,,99875,100,,,100013,100,,,100061,100,,
2019-06-28 09:57:07.949480255,98716,397,98385,397,98803,200,98383,100,99142,100,98347,100,99143,200,98115,100,99144,100,,,99213,200,,,99799,26,,,99875,100,,,100013,100,,,100061,100,,
2019-06-28 09:57:10.000000000,98716,174,98385,174,98803,274,98383,174,99142,174,98347,174,99143,274,98115,174,99144,100,,,99213,200,,,99799,26,,,99875,100,,,100013,100,,,100061,100,,
2019-06-28 09:57:20.000000000,98716,159,98385,159,98803,259,98383,159,99142,159,98347,159,99143,259,98115,159,99144,159,98114,59,99213,200,,,99799,26,,,99875,100,,,100013,100,,,100061,100,,
2019-06-28 09:57:30.000000000,98716,174,98385,174,98803,274,98383,174,99142,174,98347,174,99143,274,98115,174,99144,100,,,99213,200,,,99799,26,,,99875,100,,,100013,100,,,100061,100,,
2019-06-28 09:57:32.033563215,98716,174,98598,100,98803,274,98385,174,99142,174,98383,174,99143,274,98347,174,99144,100,98115,174,99213,200,,,99799,26,,,99875,100,,,100013,100,,,100061,100,,
2019-06-28 09:57:37.819985284,98716,74,98598,100,98803,274,98385,174,99142,174,98383,174,99143,274,98347,174,99144,100,98115,174,99213,200,,,99799,26,,,99875,100,,,100013,100,,,100061,100,,
2019-06-28 09:57:40.000000000,98803,301,98598,201,99142,198,98385,198,99143,298,98383,198,99144,100,98347,100,99213,200,98115,100,99799,26,,,99875,100,,,100013,100,,,100061,100,,,100075,100,,
2019-06-28 09:57:50.000000000,98803,348,98598,248,99142,248,98385,248,99143,200,98383,100,99144,100,98347,100,99213,200,98115,100,99799,26,,,99875,100,,,100013,100,,,100061,100,,,100075,100,,
2019-06-28 09:58:00.000000000,98803,259,98598,159,99142,159,98385,159,99143,259,98383,159,99144,159,98347,159,99213,259,98115,159,99799,26,,,99875,100,,,100013,100,,,100061,100,,,100075,100,,
2019-06-28 09:58:01.102294822,98781,100,98598,159,98803,259,98385,159,99142,159,98383,159,99143,259,98347,159,99144,159,98115,159,99213,259,,,99799,26,,,99875,100,,,100013,100,,,100061,100,,
2019-06-28 09:58:10.000000000,98781,201,98598,201,98803,298,98385,198,99142,198,98383,198,99143,200,98347,100,99144,100,98115,100,99213,200,,,99799,26,,,99875,100,,,100013,100,,,100061,100,,
2019-06-28 09:58:20.000000000,98781,248,98598,248,98803,348,98385,248,99142,100,98383,100,99143,200,98347,100,99144,100,98115,100,99213,200,,,99799,26,,,99875,100,,,100013,100,,,100061,100,,
2019-06-28 09:58:20.195066897,98781,248,98598,248,98803,348,98385,248,98955,100,98383,100,99142,100,98347,100,99143,200,98115,100,99144,100,,,99213,200,,,99799,26,,,99875,100,,,100013,100,,
2019-06-28 09:58:22.869675507,98781,148,98598,248,98803,348,98385,248,98955,100,98383,100,99142,100,98347,100,99143,200,98115,100,99144,100,,,99213,200,,,99799,26,,,99875,100,,,100013,100,,
2019-06-28 09:58:29.065483511,98781,148,98729,100,98803,348,98598,248,98955,100,98385,248,99142,100,98383,100,99143,200,98347,100,99144,100,98115,100,99213,200,,,99799,26,,,99875,100,,,100013,100,,
2019-06-28 09:58:30.000000000,98803,497,98729,397,98955,100,98598,100,99142,100,98385,100,99143,200,98383,100,99144,100,98347,100,99213,200,98115,100,99799,26,,,99875,100,,,100013,100,,,100061,100,,
2019-06-28 09:58:40.000000000,98803,259,98729,159,98955,159,98598,159,99142,159,98385,159,99143,259,98383,159,99144,159,98347,159,99213,200,98115,100,99799,26,,,99875,100,,,100013,100,,,100061,100,,
2019-06-28 09:58:50.000000000,98803,301,98729,201,98955,198,98598,198,99142,198,98385,198,99143,200,98383,100,99144,100,98347,100,99213,200,98115,100,99799,26,,,99875,100,,,100013,100,,,100061,100,,
2019-06-28 09:58:54.297185151,98803,301,98729,201,98955,198,98628,100,99142,198,98598,198,99143,200,98385,198,99213,200,98383,100,99799,26,98347,100,99875,100,98115,100,100013,100,,,100061,100,,,100075,100,,
2019-06-28 09:59:00.000000000,98803,301,98729,201,98955,198,98628,198,99142,198,98598,198,99143,200,98385,100,99213,200,98383,100,99799,26,98347,100,99875,100,98115,100,100013,100,,,100061,100,,,100075,100,,
2019-06-28 09:59:10.000000000,98803,259,98729,159,98955,159,98628,159,99142,159,98598,159,99143,259,98385,159,99213,259,98383,159,99799,26,98347,100,99875,100,98115,100,100013,100,,,100061,100,,,100075,100,,
2019-06-28 09:59:20.000000000,98803,497,98729,397,98955,100,98628,100,99142,100,98598,100,99143,200,98385,100,99213,200,98383,100,99799,26,98347,100,99875,100,98115,100,100013,100,,,100061,100,,,100075,100,,
2019-06-28 09:59:30.000000000,98803,348,98729,248,98955,248,98628,248,99142,100,98598,100,99143,200,98385,100,99213,200,98383,100,99799,26,98347,100,99875,100,98115,100,100013,100,,,100061,100,,,100075,100,,
2019-06-28 09:59:40.000000000,98803,259,98729,159,98955,159,98628,159,99142,159,98598,159,99143,259,98385,159,99213,259,98383,159,99799,26,98347,100,99875,100,98115,100,100013,100,,,100061,100,,,100075,100,,
2019-06-28 09:59:50.000000000,98803,497,98729,397,98955,100,98628,100,99142,100,98598,100,99143,200,98385,100,99213,200,98383,100,99799,26,98347,100,99875,100,98115,100,100013,100,,,100061,100,,,100075,100,,
2019-06-28 10:00:00.000000000,98803,274,98729,174,98955,174,98628,174,99142,174,98598,174,99143,274,98385,174,99213,200,98383,100,99799,26,98347,100,99875,100,98115,100,100013,100,,,100061,100,,,100075,100,,
2019-06-28 10:00:02.786710626,98803,274,98729,174,98955,174,98628,174,99142,174,98616,100,99143,274,98598,174,99213,200,98385,174,99799,26,98383,100,99875,100,98347,100,100013,100,98115,100,100061,100,,,100075,100,,
2019-06-28 10:00:10.000000000,98803,348,98729,248,98955,248,98628,248,99142,100,98616,100,99143,200,98598,100,99213,200,98385,100,99799,26,98383,100,99875,100,98347,100,100013,100,98115,100,100061,100,,,100075,100,,
2019-06-28 10:00:19.535574988,98803,348,98729,248,98955,248,98716,100,99142,100,98628,248,99143,200,98616,100,99213,200,98598,100,99799,26,98385,100,99875,100,98383,100,100013,100,98347,100,100061,100,98115,100,100075,100,,
2019-06-28 10:00:20.000000000,98803,259,98729,159,98955,159,98716,159,99142,159,98628,159,99143,259,98616,159,99213,259,98598,159,99799,26,98385,100,99875,100,98383,100,100013,100,98347,100,100061,100,98115,100,100075,100,,
2019-06-28 10:00:22.099443554,98803,259,98729,59,98955,159,98716,159,99142,159,98628,159,99143,259,98616,159,99213,259,98598,159,99799,26,98385,100,99875,100,98383,100,100013,100,98347,100,100061,100,98115,100,100075,100,,
2019-06-28 10:00:26.094125754,98803,259,98729,59,98955,159,98716,159,99142,159,98628,159,99143,259,98616,159,99213,259,98598,159,99799,26,98578,100,99875,100,98385,100,100013,100,98383,100,100061,100,98347,100,100075,100,98115,100
2019-06-28 10:00:30.000000000,98803,348,98716,248,98955,248,98628,248,99142,100,98616,100,99143,200,98598,100,99213,200,98578,100,99799,26,98385,100,99875,100,98383,100,100013,100,98347,100,100061,100,98115,100,100075,100,,
2019-06-28 10:00:31.426763821,98803,348,98716,248,98955,248,98628,248,99142,100,98616,100,99143,200,98598,100,99213,200,98578,100,99799,26,98385,100,99875,100,98383,100,100013,100,98347,100,100061,100,98338,100,100075,100,98115,100
2019-06-28 10:00:40.000000000,98803,348,98716,248,98955,248,98628,248,99142,100,98616,100,99143,200,98598,100,99213,200,98578,100,99799,26,98385,100,99875,100,98383,100,100013,100,98347,100,100061,100,98338,100,100075,100,98115,100
2019-06-28 10:00:41.367021089,98780,100,98716,248,98803,348,98628,248,98955,248,98616,100,99142,100,98598,100,99143,200,98578,100,99213,200,98385,100,99799,26,98383,100,99875,100,98347,100,100013,100,98338,100,100061,100,98115,100
2019-06-28 10:00:50.000000000,98780,397,98716,397,98803,200,98628,100,98955,100,98616,100,99142,100,98598,100,99143,200,98578,100,99213,200,98385,100,99799,26,98383,100,99875,100,98347,100,100013,100,98338,100,100061,100,98115,100
2019-06-28 10:00:54.763777424,98780,397,98716,297,98803,200,98628,100,98955,100,98616,100,99142,100,98598,100,99143,200,98578,100,99213,200,98385,100,99799,26,98383,100,99875,100,98347,100,100013,100,98338,100,100061,100,,
2019-06-28 10:00:56.425121619,98780,397,98716,297,98803,200,98628,100,98955,100,98616,100,99142,100,98598,100,99143,200,98578,100,99213,200,98453,100,99799,26,98385,100,99875,100,98383,100,100013,100,98347,100,100061,100,98338,100
2019-06-28 10:01:00.000000000,98780,201,98628,201,98803,298,98616,198,98955,198,98598,198,99142,100,98578,100,99143,200,98453,100,99213,200,98385,100,99799,26,98383,100,99875,100,98347,100,100013,100,98338,100,100061,100,,
2019-06-28 10:01:02.379716348,98687,100,98628,201,98780,201,98616,198,98803,298,98598,198,98955,198,98578,100,99142,100,98453,100,99143,200,98385,100,99213,200,98383,100,99799,26,98347,100,99875,100,98338,100,100013,100,,
2019-06-28 10:01:07.456650199,98687,100,98628,201,98780,201,98616,198,98803,298,98598,198,98955,198,98578,100,99142,100,98453,100,99143,200,98385,100,99213,200,98383,100,99799,26,98347,100,99875,100,98338,100,100013,100,98257,100
2019-06-28 10:01:10.000000000,98687,397,98628,397,98780,100,98616,100,98803,200,98598,100,98955,100,98578,100,99142,100,98453,100,99143,200,98385,100,99213,200,98383,100,99799,26,98347,100,99875,100,98338,100,100013,100,98257,100
2019-06-28 10:01:20.000000000,98687,201,98628,201,98780,198,98616,198,98803,298,98598,198,98955,100,98578,100,99142,100,98453,100,99143,200,98385,100,99213,200,98383,100,99799,26,98347,100,99875,100,98338,100,100013,100,98257,100
2019-06-28 10:01:30.000000000,98687,201,98628,201,98780,198,98616,198,98803,298,98598,198,98955,100,98578,100,99142,100,98453,100,99143,200,98385,100,99213,200,98383,100,99799,26,98347,100,99875,100,98338,100,100013,100,98257,100
2019-06-28 10:01:34.146581769,98687,101,98628,201,98780,198,98616,198,98803,298,98598,198,98955,100,98578,100,99142,100,98453,100,99143,200,98385,100,99213,200,98383,100,99799,26,98347,100,99875,100,98338,100,100013,100,98257,100
2019-06-28 10:01:37.244092415,98687,101,98628,201,98780,198,98616,198,98803,298,98598,198,98836,100,98578,100,98955,100,98453,100,99142,100,98385,100,99143,200,98383,100,99213,200,98347,100,99799,26,98338,100,99875,100,98257,100
2019-06-28 10:01:40.000000000,98780,174,98628,174,98803,274,98616,174,98836,174,98598,174,98955,174,98578,174,99142,100,98453,100,99143,200,98385,100,99213,200,98383,100,99799,26,98347,100,99875,100,98338,100,100013,100,98257,100
2019-06-28 10:01:45.842937911,98780,174,98628,174,98803,274,98616,174,98836,174,98598,174,98916,100,98578,174,98955,174,98453,100,99142,100,98385,100,99143,200,98383,100,99213,200,98347,100,99799,26,98338,100,99875,100,98257,100
2019-06-28 10:01:50.000000000,98780,248,98628,248,98803,348,98616,248,98836,100,98598,100,98916,100,98578,100,98955,100,98453,100,99142,100,98385,100,99143,200,98383,100,99213,200,98347,100,99799,26,98338,100,99875,100,98257,100
2019-06-28 10:01:52.854277455,98780,148,98628,248,98803,348,98616,148,98836,100,98598,100,98916,100,98578,100,98955,100,98453,100,99142,100,98385,100,99143,200,98383,100,99213,200,98347,100,99799,26,98338,100,99875,100,98257,100
2019-06-28 10:02:00.000000000,98803,259,98628,159,98836,159,98598,159,98916,159,98578,159,98955,159,98453,159,99142,159,98385,159,99143,200,98383,100,99213,200,98347,100,99799,26,98338,100,99875,100,98257,100,100013,100,,
2019-06-28 10:02:00.309740537,98803,259,98628,159,98836,159,98598,159,98916,159,98578,159,98955,159,98453,159,99142,159,98385,159,99143,200,98383,100,99213,100,98347,100,99799,26,98338,100,99875,100,98257,100,100013,100,,
2019-06-28 10:02:10.000000000,98803,259,98628,159,98836,159,98598,159,98916,159,98578,159,98955,159,98453,159,99142,159,98385,159,99143,200,98383,100,99213,100,98347,100,99799,26,98338,100,99875,100,98257,100,100013,100,,
2019-06-28 10:02:20.000000000,98803,497,98628,397,98836,100,98598,100,98916,100,98578,100,98955,100,98453,100,99142,100,98385,100,99143,200,98383,100,99213,100,98347,100,99799,26,98338,100,99875,100,98257,100,100013,100,,
2019-06-28 10:02:27.131679195,98803,497,98635,100,98836,100,98628,397,98916,100,98598,100,98955,100,98578,100,99142,100,98453,100,99143,200,98385,100,99213,100,98383,100,99799,26,98347,100,99875,100,98338,100,100013,100,98257,100
2019-06-28 10:02:30.000000000,98803,301,98635,201,98836,198,98628,198,98916,198,98598,198,98955,100,98578,100,99142,100,98453,100,99143,200,98385,100,99213,100,98383,100,99799,26,98347,100,99875,100,98338,100,100013,100,98257,100
2019-06-28 10:02:40.000000000,98803,259,98635,159,98836,159,98628,159,98916,159,98598,159,98955,159,98578,159,99142,159,98453,159,99143,200,98385,100,99213,100,98383,100,99799,26,98347,100,99875,100,98338,100,100013,100,98257,100
2019-06-28 10:02:46.079517824,98803,259,98635,59,98836,159,98628,159,98916,159,98598,159,98955,159,98578,159,99142,159,98453,159,99143,200,98385,100,99213,100,98383,100,99799,26,98347,100,99875,100,98338,100,100013,100,98257,100
2019-06-28 10:02:50.000000000,98803,301,98628,201,98836,198,98598,198,98916,198,98578,198,98955,100,98453,100,99142,100,98385,100,99143,200,98383,100,99213,100,98347,100,99799,26,98338,100,99875,100,98257,100,100013,100,,
2019-06-28 10:02:55.755109130,98803,201,98628,201,98836,198,98598,198,98916,198,98578,198,98955,100,98453,100,99142,100,98385,100,99143,200,98383,100,99213,100,98347,100,99799,26,98338,100,99875,100,98257,100,100013,100,,
2019-06-28 10:03:00.000000000,98803,174,98628,174,98836,174,98598,174,98916,174,98578,174,98955,174,98453,174,99142,100,98385,100,99143,200,98383,100,99213,100,98347,100,99799,26,98338,100,99875,100,98257,100,100013,100,,
2019-06-28 10:03:04.466292030,98803,174,98628,74,98836,174,98598,174,98916,174,98578,174,98955,174,98453,174,99142,100,98385,100,99143,200,98383,100,99213,100,98347,100,99799,26,98338,100,99875,100,98257,100,100013,100,,
2019-06-28 10:03:05.977560666,98628,26,98598,174,98803,174,98578,174,98836,174,98453,174,98916,174,98385,100,98955,174,98383,100,99142,100,98347,100,99143,200,98338,100,99213,100,98257,100,99799,26,,,99875,100,,
2019-06-28 10:03:06.741928562,98628,26,98598,174,98803,174,98578,174,98836,174,98453,174,98916,174,98385,100,98955,174,98383,100,99142,100,98347,100,99143,200,98338,100,99213,100,98282,100,99799,26,98257,100,99875,100,,
2019-06-28 10:03:10.000000000,98628,174,98598,248,98803,248,98578,248,98836,100,98453,100,98916,100,98385,100,98955,100,98383,100,99142,100,98347,100,99143,200,98338,100,99213,100,98282,100,99799,26,98257,100,99875,100,,
2019-06-28 10:03:20.000000000,98628,100,98598,174,98803,174,98578,174,98836,174,98453,174,98916,174,98385,174,98955,100,98383,100,99142,100,98347,100,99143,200,98338,100,99213,100,98282,100,99799,26,98257,100,99875,100,,
2019-06-28 10:03:28.372283351,98628,100,98598,174,98803,174,98578,174,98836,174,98453,174,98916,174,98416,100,98955,100,98385,174,99142,100,98383,100,99143,200,98347,100,99213,100,98338,100,99799,26,98282,100,99875,100,98257,100
2019-06-28 10:03:30.000000000,98628,323,98598,397,98803,100,98578,100,98836,100,98453,100,98916,100,98416,100,98955,100,98385,100,99142,100,98383,100,99143,200,98347,100,99213,100,98338,100,99799,26,98282,100,99875,100,98257,100
2019-06-28 10:03:40.000000000,98628,100,98598,174,98803,174,98578,174,98836,174,98453,174,98916,174,98416,174,98955,100,98385,100,99142,100,98383,100,99143,200,98347,100,99213,100,98338,100,99799,26,98282,100,99875,100,98257,100
2019-06-28 10:03:41.102579555,98803,174,98598,174,98836,174,98578,174,98916,174,98453,174,98955,100,98416,174,99142,100,98385,100,99143,200,98383,100,99213,100,98347,100,99799,26,98338,100,99875,100,98282,100,100013,100,98257,100
2019-06-28 10:03:49.171103632,98803,174,98676,100,98836,174,98598,174,98916,174,98578,174,98955,100,98453,174,99142,100,98416,174,99143,200,98385,100,99213,100,98383,100,99799,26,98347,100,99875,100,98338,100,100013,100,98282,100
2019-06-28 10:03:50.000000000,98803,248,98676,248,98836,248,98598,248,98916,100,98578,100,98955,100,98453,100,99142,100,98416,100,99143,200,98385,100,99213,100,98383,100,99799,26,98347,100,99875,100,98338,100,100013,100,98282,100
2019-06-28 10:03:59.624246378,98803,148,98676,248,98836,248,98598,248,98916,100,98578,100,98955,100,98453,100,99142,100,98416,100,99143,200,98385,100,99213,100,98383,100,99799,26,98347,100,99875,100,98338,100,100013,100,98282,100
2019-06-28 10:04:00.000000000,98836,174,98676,174,98916,174,98598,174,98955,174,98578,174,99142,174,98453,174,99143,200,98416,100,99213,100,98385,100,99799,26,98383,100,99875,100,98347,100,100013,100,98338,100,100061,100,98282,100
2019-06-28 10:04:01.057431091,98836,174,98676,174,98916,174,98598,174,98955,174,98578,174,99019,100,98453,174,99142,174,98416,100,99143,200,98385,100,99213,100,98383,100,99799,26,98347,100,99875,100,98338,100,100013,100,98282,100
2019-06-28 10:04:10.000000000,98836,174,98676,174,98916,174,98598,174,98955,174,98578,174,99019,174,98453,174,99142,100,98416,100,99143,200,98385,100,99213,100,98383,100,99799,26,98347,100,99875,100,98338,100,100013,100,98282,100
2019-06-28 10:04:19.023893673,98836,174,98677,100,98916,174,98676,174,98955,174,98598,174,99019,174,98578,174,99142,100,98453,174,99143,200,98416,100,99213,100,98385,100,99799,26,98383,100,99875,100,98347,100,100013,100,98338,100
2019-06-28 10:04:19.511022905,98836,174,98677,200,98916,174,98676,174,98955,174,98598,174,99019,174,98578,174,99142,100,98453,174,99143,100,98416,100,99213,100,98385,100,99799,26,98383,100,99875,100,98347,100,100013,100,98338,100
2019-06-28 10:04:20.000000000,98836,174,98677,274,98916,174,98676,174,98955,174,98598,174,99019,174,98578,174,99142,100,98453,100,99143,100,98416,100,99213,100,98385,100,99799,26,98383,100,99875,100,98347,100,100013,100,98338,100
2019-06-28 10:04:20.750392881,98836,74,98677,274,98916,174,98676,174,98955,174,98598,174,99019,174,98578,174,99142,100,98453,100,99143,100,98416,100,99213,100,98385,100,99799,26,98383,100,99875,100,98347,100,100013,100,98338,100
2019-06-28 10:04:30.000000000,98916,201,98677,301,98955,198,98676,198,99019,198,98598,198,99142,100,98578,100,99143,100,98453,100,99213,100,98416,100,99799,26,98385,100,99875,100,98383,100,100013,100,98347,100,100061,100,98338,100
2019-06-28 10:04:40.000000000,98916,159,98677,259,98955,159,98676,159,99019,159,98598,159,99142,159,98578,159,99143,159,98453,159,99213,100,98416,100,99799,26,98385,100,99875,100,98383,100,100013,100,98347,100,100061,100,98338,100
2019-06-28 10:04:50.000000000,98916,174,98677,274,98955,174,98676,174,99019,174,98598,174,99142,174,98578,174,99143,100,98453,100,99213,100,98416,100,99799,26,98385,100,99875,100,98383,100,100013,100,98347,100,100061,100,98338,100
2019-06-28 10:04:53.184891075,98802,100,98677,174,98916,174,98676,174,98955,174,98598,174,99019,174,98578,174,99142,174,98453,100,99143,100,98416,100,99213,100,98385,100,99799,26,98383,100,99875,100,98347,100,100013,100,98338,100
2019-06-28 10:04:55.937285216,98715,100,98677,174,98802,100,98676,174,98916,174,98598,174,98955,174,98578,174,99019,174,98453,100,99142,174,98416,100,99143,100,98385,100,99213,100,98383,100,99799,26,98347,100,99875,100,98338,100
2019-06-28 10:05:00.000000000,98715,159,98677,159,98802,159,98676,159,98916,159,98598,159,98955,159,98578,159,99019,159,98453,159,99142,100,98416,100,99143,100,98385,100,99213,100,98383,100,99799,26,98347,100,99875,100,98338,100
2019-06-28 10:05:10.000000000,98715,397,98677,397,98802,100,98676,100,98916,100,98598,100,98955,100,98578,100,99019,100,98453,100,99142,100,98416,100,99143,100,98385,100,99213,100,98383,100,99799,26,98347,100,99875,100,98338,100
2019-06-28 10:05:10.647503992,98715,397,98677,397,98802,100,98676,100,98916,100,98598,100,98955,100,98578,100,99019,100,98453,100,99142,100,98416,100,99143,100,98385,100,99213,100,98383,100,99799,26,98366,100,99875,100,98347,100
2019-06-28 10:05:20.000000000,98715,159,98677,159,98802,159,98676,159,98916,159,98598,159,98955,159,98578,159,99019,159,98453,159,99142,100,98416,100,99143,100,98385,100,99213,100,98383,100,99799,26,98366,100,99875,100,98347,100
2019-06-28 10:05:30.000000000,98715,397,98677,397,98802,100,98676,100,98916,100,98598,100,98955,100,98578,100,99019,100,98453,100,99142,100,98416,100,99143,100,98385,100,99213,100,98383,100,99799,26,98366,100,99875,100,98347,100
2019-06-28 10:05:40.000000000,98715,159,98677,159,98802,159,98676,159,98916,159,98598,159,98955,159,98578,159,99019,159,98453,159,99142,100,98416,100,99143,100,98385,100,99213,100,98383,100,99799,26,98366,100,99875,100,98347,100
2019-06-28 10:05:50.000000000,98715,174,98677,174,98802,174,98676,174,98916,174,98598,174,98955,174,98578,174,99019,100,98453,100,99142,100,98416,100,99143,100,98385,100,99213,100,98383,100,99799,26,98366,100,99875,100,98347,100
2019-06-28 10:05:53.686350477,98715,174,98677,174,98802,174,98676,174,98916,174,98598,174,98955,174,98578,174,99019,100,98554,100,99142,100,98453,100,99143,100,98416,100,99213,100,98385,100,99799,26,98383,100,99875,100,98366,100
2019-06-28 10:06:00.000000000,98715,174,98677,174,98802,174,98676,174,98916,174,98598,174,98955,174,98578,174,99019,100,98554,100,99142,100,98453,100,99143,100,98416,100,99213,100,98385,100,99799,26,98383,100,99875,100,98366,100
2019-06-28 10:06:10.000000000,98715,397,98677,397,98802,100,98676,100,98916,100,98598,100,98955,100,98578,100,99019,100,98554,100,99142,100,98453,100,99143,100,98416,100,99213,100,98385,100,99799,26,98383,100,99875,100,98366,100
2019-06-28 10:06:13.307164020,98715,397,98677,397,98802,100,98676,100,98916,100,98648,100,98955,100,98598,100,99019,100,98578,100,99142,100,98554,100,99143,100,98453,100,99213,100,98416,100,99799,26,98385,100,99875,100,98383,100
2019-06-28 10:06:17.722600657,98715,397,98677,397,98802,100,98676,100,98916,100,98648,100,98955,100,98598,100,99019,100,98588,100,99142,100,98578,100,99143,100,98554,100,99213,100,98453,100,99799,26,98416,100,99875,100,98385,100
2019-06-28 10:06:20.000000000,98715,248,98677,248,98802,248,98676,248,98916,100,98648,100,98955,100,98598,100,99019,100,98588,100,99142,100,98578,100,99143,100,98554,100,99213,100,98453,100,99799,26,98416,100,99875,100,98385,100
2019-06-28 10:06:30.000000000,98715,397,98677,397,98802,100,98676,100,98916,100,98648,100,98955,100,98598,100,99019,100,98588,100,99142,100,98578,100,99143,100,98554,100,99213,100,98453,100,99799,26,98416,100,99875,100,98385,100
2019-06-28 10:06:40.000000000,98715,174,98677,174,98802,174,98676,174,98916,174,98648,174,98955,174,98598,174,99019,100,98588,100,99142,100,98578,100,99143,100,98554,100,99213,100,98453,100,99799,26,98416,100,99875,100,98385,100
2019-06-28 10:06:41.599535406,98715,174,98677,174,98802,174,98676,174,98916,174,98648,174,98955,174,98598,174,99019,100,98588,100,99142,100,98578,100,99143,100,98554,100,99213,100,98453,100,99799,26,98416,100,99875,100,98385,100
2019-06-28 10:06:50.000000000,98715,248,98677,248,98802,248,98676,248,98916,100,98648,100,98955,100,98598,100,99019,100,98588,100,99142,100,98578,100,99143,100,98554,100,99213,100,98453,100,99799,26,98416,100,99875,100,98385,100
2019-06-28 10:07:00.000000000,98715,201,98677,201,98802,198,98676,198,98916,198,98648,198,98955,100,98598,100,99019,100,98588,100,99142,100,98578,100,99143,100,98554,100,99213,100,98453,100,99799,26,98416,100,99875,100,98385,100
2019-06-28 10:07:10.000000000,98715,174,98677,174,98802,174,98676,174,98916,174,98648,174,98955,174,98598,174,99019,100,98588,100,99142,100,98578,100,99143,100,98554,100,99213,100,98453,100,99799,26,98416,100,99875,100,98385,100
2019-06-28 10:07:18.214219389,98715,174,98677,174,98802,174,98676,174,98916,174,98648,174,98955,174,98598,174,99019,100,98588,100,99142,100,98578,100,99143,100,98554,100,99213,100,98453,100,99799,26,98416,100,99875,100,98385,100
2019-06-28 10:07:20.000000000,98715,174,98677,174,98802,174,98676,174,98916,174,98648,174,98955,174,98598,174,99019,100,98588,100,99142,100,98578,100,99143,100,98554,100,99213,100,98453,100,99799,26,98416,100,99875,100,98385,100
2019-06-28 10:07:22.036703142,98715,174,98677,74,98802,174,98676,174,98916,174,98648,174,98955,174,98598,174,99019,100,98588,100,99142,100,98578,100,99143,100,98554,100,99213,100,98453,100,99799,26,98416,100,99875,100,98385,100
2019-06-28 10:07:30.000000000,98715,159,98676,159,98802,159,98648,159,98916,159,98598,159,98955,159,98588,159,99019,159,98578,159,99142,100,98554,100,99143,100,98453,100,99213,100,98416,100,99799,26,98385,100,99875,100,98383,100
2019-06-28 10:07:38.138369725,98715,159,98676,59,98802,159,98648,159,98916,159,98598,159,98955,59,98588,159,99019,159,98578,159,99142,100,98554,100,99143,100,98453,100,99213,100,98416,100,99799,26,98385,100,99875,100,98383,100
2019-06-28 10:07:40.000000000,98715,248,98648,248,98802,248,98598,248,98916,100,98588,100,99019,100,98578,100,99142,100,98554,100,99143,100,98453,100,99213,100,98416,100,99799,26,98385,100,99875,100,98383,100,100061,100,98366,100
2019-06-28 10:07:40.290064542,98715,248,98648,148,98802,248,98598,248,98916,100,98588,100,99019,100,98578,100,99142,100,98554,100,99143,100,98453,100,99213,100,98416,100,99875,100,98385,100,100061,100,98383,100,100075,100,98366,100
2019-06-28 10:07:41.497833629,98715,248,98648,48,98802,248,98598,248,99019,100,98588,100,99142,100,98578,100,99143,100,98554,100,99213,100,98453,100,99875,100,98416,100,100061,100,98385,100,100075,100,98383,100,100122,100,98366,100
2019-06-28 10:07:50.000000000,98715,248,98598,248,98802,248,98588,248,99019,100,98578,100,99142,100,98554,100,99143,100,98453,100,99213,100,98416,100,99875,100,98385,100,100061,100,98383,100,100075,100,98366,100,100122,100,98347,100
2019-06-28 10:08:00.000000000,98715,248,98598,248,98802,248,98588,248,99019,100,98578,100,99142,100,98554,100,99143,100,98453,100,99213,100,98416,100,99875,100,98385,100,100061,100,98383,100,100075,100,98366,100,100122,100,98347,100
2019-06-28 10:08:10.000000000,98715,397,98598,397,98802,100,98588,100,99019,100,98578,100,99142,100,98554,100,99143,100,98453,100,99213,100,98416,100,99875,100,98385,100,100061,100,98383,100,100075,100,98366,100,100122,100,98347,100
2019-06-28 10:08:20.000000000,98715,397,98598,397,98802,100,98588,100,99019,100,98578,100,99142,100,98554,100,99143,100,98453,100,99213,100,98416,100,99875,100,98385,100,100061,100,98383,100,100075,100,98366,100,100122,100,98347,100
2019-06-28 10:08:30.000000000,98715,201,98598,201,98802,198,98588,198,99019,198,98578,198,99142,100,98554,100,99143,100,98453,100,99213,100,98416,100,99875,100,98385,100,100061,100,98383,100,100075,100,98366,100,100122,100,98347,100
2019-06-28 10:08:40.000000000,98715,397,98598,397,98802,100,98588,100,99019,100,98578,100,99142,100,98554,100,99143,100,98453,100,99213,100,98416,100,99875,100,98385,100,100061,100,98383,100,100075,100,98366,100,100122,100,98347,100
2019-06-28 10:08:50.000000000,98715,159,98598,159,98802,159,98588,159,99019,159,98578,159,99142,159,98554,159,99143,159,98453,159,99213,100,98416,100,99875,100,98385,100,100061,100,98383,100,100075,100,98366,100,100122,100,98347,100
2019-06-28 10:09:00.000000000,98715,174,98598,174,98802,174,98588,174,99019,174,98578,174,99142,174,98554,174,99143,100,98453,100,99213,100,98416,100,99875,100,98385,100,100061,100,98383,100,100075,100,98366,100,100122,100,98347,100
2019-06-28 10:09:02.525327208,98715,174,98598,74,98802,174,98588,174,99019,174,98578,174,99142,174,98554,174,99143,100,98453,100,99213,100,98416,100,99875,100,98385,100,100061,100,98383,100,100075,100,98366,100,100122,100,98347,100
2019-06-28 10:09:10.000000000,98715,174,98588,174,98802,174,98578,174,99019,174,98554,174,99142,174,98453,174,99143,100,98416,100,99213,100,98385,100,99875,100,98383,100,100061,100,98366,100,100075,100,98347,100,100122,100,98338,100
2019-06-28 10:09:20.000000000,98715,174,98588,174,98802,174,98578,174,99019,174,98554,174,99142,174,98453,174,99143,100,98416,100,99213,100,98385,100,99875,100,98383,100,100061,100,98366,100,100075,100,98347,100,100122,100,98338,100
2019-06-28 10:09:30.000000000,98715,248,98588,248,98802,248,98578,248,99019,100,98554,100,99142,100,98453,100,99143,100,98416,100,99213,100,98385,100,99875,100,98383,100,100061,100,98366,100,100075,100,98347,100,100122,100,98338,100
2019-06-28 10:09:40.000000000,98715,159,98588,159,98802,159,98578,159,99019,159,98554,159,99142,159,98453,159,99143,159,98416,159,99213,100,98385,100,99875,100,98383,100,100061,100,98366,100,100075,100,98347,100,100122,100,98338,100
2019-06-28 10:09:48.340604109,98715,159,98588,159,98802,159,98578,159,98808,100,98554,59,99019,159,98453,159,99142,159,98416,159,99143,159,98385,100,99213,100,98383,100,99875,100,98366,100,100061,100,98347,100,100075,100,98338,100
2019-06-28 10:09:50.000000000,98715,159,98588,159,98802,159,98578,159,98808,159,98453,159,99019,159,98416,159,99142,159,98385,159,99143,100,98383,100,99213,100,98366,100,99875,100,98347,100,100061,100,98338,100,100075,100,98282,100
2019-06-28 10:10:00.000000000,98715,397,98588,397,98802,100,98578,100,98808,100,98453,100,99019,100,98416,100,99142,100,98385,100,99143,100,98383,100,99213,100,98366,100,99875,100,98347,100,100061,100,98338,100,100075,100,98282,100
2019-06-28 10:10:01.245191587,98715,397,98588,297,98802,100,98578,100,98808,100,98549,100,99019,100,98453,100,99142,100,98416,100,99143,100,98385,100,99213,100,98383,100,99875,100,98366,100,100061,100,98347,100,100075,100,98338,100
2019-06-28 10:10:03.437848013,98715,397,98588,297,98726,100,98578,100,98802,100,98549,100,98808,100,98453,100,99019,100,98416,100,99142,100,98385,100,99143,100,98383,100,99213,100,98366,100,99875,100,98347,100,100061,100,98338,100
2019-06-28 10:10:10.000000000,98715,248,98578,248,98726,248,98549,248,98802,100,98453,100,98808,100,98416,100,99019,100,98385,100,99142,100,98383,100,99143,100,98366,100,99213,100,98347,100,99875,100,98338,100,100061,100,98282,100
2019-06-28 10:10:20.000000000,98715,397,98578,397,98726,100,98549,100,98802,100,98453,100,98808,100,98416,100,99019,100,98385,100,99142,100,98383,100,99143,100,98366,100,99213,100,98347,100,99875,100,98338,100,100061,100,98282,100
2019-06-28 10:10:22.824489167,98715,397,98578,297,98726,100,98549,100,98802,100,98453,100,98808,100,98416,100,99019,100,98385,100,99142,100,98383,100,99143,100,98366,100,99213,100,98347,100,99875,100,98338,100,100061,100,98282,100
2019-06-28 10:10:30.000000000,98715,397,98549,397,98726,100,98453,100,98802,100,98416,100,98808,100,98385,100,99019,100,98383,100,99142,100,98366,100,99143,100,98347,100,99213,100,98338,100,99875,100,98282,100,100061,100,98257,100
2019-06-28 10:10:40.000000000,98715,159,98549,159,98726,159,98453,159,98802,159,98416,159,98808,159,98385,159,99019,159,98383,159,99142,100,98366,100,99143,100,98347,100,99213,100,98338,100,99875,100,98282,100,100061,100,98257,100
