,ask_price_1,ask_size_1,bid_price_1,bid_size_1,ask_price_2,ask_size_2,bid_price_2,bid_size_2,ask_price_3,ask_size_3,bid_price_3,bid_size_3,ask_price_4,ask_size_4,bid_price_4,bid_size_4,ask_price_5,ask_size_5,bid_price_5,bid_size_5,ask_price_6,ask_size_6,bid_price_6,bid_size_6,ask_price_7,ask_size_7,bid_price_7,bid_size_7,ask_price_8,ask_size_8,bid_price_8,bid_size_8,ask_price_9,ask_size_9,bid_price_9,bid_size_9,ask_price_10,ask_size_10,bid_price_10,bid_size_10
2019-06-28 09:30:00.000000005,100067,100,,,,,,,,,,,,,,,,,,,,,,,,,,,,,,,,,,,,,,
2019-06-28 09:30:00.000000009,99943,100,,,99992,100,,,100067,100,,,,,,,,,,,,,,,,,,,,,,,,,,,,,,
2019-06-28 09:30:00.000000011,99992,100,99919,100,100067,100,99918,100,100089,100,,,,,,,,,,,,,,,,,,,,,,,,,,,,,,
2019-06-28 09:30:00.000000012,99992,100,99919,100,100067,100,99918,100,100089,100,,,100149,100,,,100167,100,,,,,,,,,,,,,,,,,,,,,,
2019-06-28 09:30:00.000000017,99992,100,99985,100,100067,100,99919,100,100089,100,99918,100,100149,100,,,100167,100,,,,,,,,,,,,,,,,,,,,,,
2019-06-28 09:30:00.000000019,99992,100,99985,100,100067,100,99972,100,100089,100,99919,100,100149,100,99918,100,100167,100,,,,,,,,,,,,,,,,,,,,,,
2019-06-28 09:30:00.000000020,100067,100,99985,100,100089,100,99972,100,100149,100,99919,100,100167,100,99918,100,,,,,,,,,,,,,,,,,,,,,,,,
2019-06-28 09:30:00.000000022,100067,100,99985,100,100089,100,99972,100,100129,100,99919,100,100149,100,99918,100,100167,100,,,,,,,,,,,,,,,,,,,,,,
2019-06-28 09:30:00.000000024,100019,100,99985,100,100067,100,99972,100,100089,100,99919,100,100129,100,99918,100,100149,100,99907,100,100167,100,,,,,,,,,,,,,,,,,,
2019-06-28 09:30:00.000000029,100019,100,99985,100,100067,100,99972,100,100089,100,99919,100,100111,100,99918,100,100129,100,99914,100,100149,100,99907,100,100167,100,,,,,,,,,,,,,,
2019-06-28 09:30:00.000000030,100019,100,99985,100,100067,100,99972,100,100089,100,99919,100,100111,100,99918,100,100129,200,99914,100,100149,100,99907,100,100167,100,,,,,,,,,,,,,,
2019-06-28 09:30:00.000000032,100019,100,99972,100,100067,100,99919,100,100089,100,99918,100,100111,100,99914,100,100129,200,99907,100,100149,100,,,100167,100,,,,,,,,,,,,,,
2019-06-28 09:30:00.000000035,100019,100,99972,100,100067,100,99960,100,100089,100,99919,100,100111,100,99918,100,100129,200,99914,100,100149,100,99907,100,100167,100,,,,,,,,,,,,,,
2019-06-28 09:30:00.000000036,99992,100,99972,100,100019,100,99960,100,100067,100,99919,100,100089,100,99918,100,100111,100,99914,100,100129,200,99907,100,100149,100,,,100167,100,,,,,,,,,,
2019-06-28 09:30:00.000000037,99992,100,99985,100,100019,100,99972,100,100067,100,99960,100,100089,100,99919,100,100111,100,99918,100,100129,200,99914,100,100149,100,99907,100,100167,100,,,,,,,,,,
2019-06-28 09:30:00.000000038,99992,100,99985,100,100019,100,99972,100,100067,100,99960,100,100074,100,99919,100,100089,100,99918,100,100111,100,99914,100,100129,200,99907,100,100149,100,,,100167,100,,,,,,
2019-06-28 09:30:00.000000045,99992,100,99985,100,99995,100,99972,100,100019,100,99960,100,100067,100,99919,100,100074,100,99918,100,100089,100,99914,100,100111,100,99907,100,100129,200,,,100149,100,,,100167,100,,
2019-06-28 09:30:00.000000049,99992,100,99985,200,99995,100,99972,100,100019,100,99960,100,100067,100,99919,100,100074,100,99918,100,100089,100,99914,100,100111,100,99907,100,100129,200,99849,100,100149,100,,,100167,100,,
2019-06-28 09:30:00.000000050,99992,100,99985,200,99995,100,99972,100,100019,100,99960,100,100067,100,99919,100,100074,100,99918,100,100076,100,99914,100,100089,100,99907,100,100111,100,99849,100,100129,200,,,100149,100,,
2019-06-28 09:30:00.000000054,99992,100,99988,100,99995,100,99985,200,100019,100,99972,100,100067,100,99960,100,100074,100,99919,100,100076,100,99918,100,100089,100,99914,100,100111,100,99907,100,100129,200,99849,100,100149,100,,
2019-06-28 09:30:00.000000055,99992,100,99988,100,99995,100,99985,200,100019,100,99972,100,100067,100,99960,100,100074,100,99919,100,100076,100,99918,100,100089,100,99914,100,100105,100,99907,100,100111,100,99849,100,100129,200,,
2019-06-28 09:30:00.000000057,99992,100,99988,100,99995,100,99985,200,100019,100,99972,100,100067,100,99960,100,100074,100,99937,100,100076,100,99919,100,100089,100,99918,100,100105,100,99914,100,100111,100,99907,100,100129,200,99849,100
2019-06-28 09:30:00.000000058,99992,100,99988,100,99995,100,99985,200,100019,100,99972,100,100067,100,99960,100,100074,100,99937,100,100076,100,99919,100,100089,100,99918,100,100105,100,99914,100,100111,100,99907,100,100129,200,99893,100
2019-06-28 09:30:00.000000059,99992,100,99988,100,99995,100,99985,300,100009,100,99972,100,100019,100,99960,100,100067,100,99937,100,100074,100,99919,100,100076,100,99918,100,100089,100,99914,100,100105,100,99907,100,100111,100,99893,100
2019-06-28 09:30:00.000000063,99995,100,99988,100,100009,100,99985,300,100019,100,99972,100,100067,100,99960,100,100074,100,99937,100,100076,100,99919,100,100089,100,99918,100,100105,100,99914,100,100111,100,99907,100,100129,200,99893,100
2019-06-28 09:30:00.000000065,99995,100,99988,100,100009,100,99985,300,100019,100,99972,100,100067,100,99960,100,100074,100,99943,100,100076,100,99937,100,100089,100,99919,100,100105,100,99918,100,100111,100,99914,100,100129,200,99907,100
2019-06-28 09:30:00.000000067,100019,100,99988,100,100028,100,99985,300,100067,100,99972,100,100074,100,99970,100,100076,100,99960,100,100089,100,99943,100,100105,100,99937,100,100111,100,99919,100,100129,200,99918,100,100149,100,99914,100
2019-06-28 09:30:00.000000069,100019,100,99995,100,100028,100,99988,100,100067,100,99985,300,100074,100,99972,100,100076,100,99970,100,100089,100,99960,100,100105,100,99943,100,100111,100,99937,100,100129,200,99919,100,100140,100,99918,100
2019-06-28 09:30:00.000000073,100019,100,100005,100,100028,100,99995,100,100067,100,99988,100,100074,100,99985,300,100076,100,99972,100,100089,100,99970,100,100105,100,99960,100,100111,100,99943,100,100129,200,99937,100,100140,100,99919,100
2019-06-28 09:30:00.000000074,100019,100,100005,100,100028,100,99995,100,100067,100,99988,100,100074,100,99985,300,100076,100,99980,100,100089,100,99972,100,100105,100,99970,100,100111,100,99960,100,100129,200,99943,100,100140,100,99937,100
2019-06-28 09:30:00.000000080,100009,100,100005,100,100019,100,99995,100,100028,100,99988,100,100067,100,99985,300,100074,100,99980,100,100076,100,99972,100,100089,100,99970,100,100098,100,99960,100,100105,100,99943,100,100111,100,99937,100
2019-06-28 09:30:00.000000083,100009,100,100005,100,100019,100,99995,300,100028,100,99988,100,100053,100,99985,300,100067,100,99980,100,100074,100,99972,100,100076,100,99970,100,100089,100,99960,100,100098,100,99943,100,100105,100,99937,100
2019-06-28 09:30:00.000000084,100009,100,100005,100,100011,100,99995,300,100019,100,99988,100,100028,100,99985,300,100053,100,99980,100,100067,100,99972,100,100074,100,99970,100,100076,100,99960,100,100089,100,99943,100,100098,100,99937,100
2019-06-28 09:30:00.000000085,100009,100,100005,100,100011,100,99995,400,100019,100,99988,100,100028,100,99985,300,100053,100,99980,100,100067,100,99972,100,100074,100,99970,100,100076,100,99960,100,100089,100,99943,100,100098,100,99937,100
2019-06-28 09:30:00.000000087,100009,100,99995,400,100011,100,99988,100,100019,100,99985,300,100028,100,99980,100,100053,100,99972,100,100067,100,99970,100,100074,100,99960,100,100076,100,99943,100,100089,100,99937,100,100098,100,99924,100
2019-06-28 09:30:00.000000090,100009,100,99995,400,100011,100,99988,100,100019,100,99985,300,100028,100,99980,100,100053,100,99972,100,100067,100,99970,100,100074,100,99960,100,100076,100,99943,100,100089,100,99937,100,100098,100,99924,100
2019-06-28 09:30:00.000000091,100009,100,99995,400,100011,100,99988,100,100019,100,99985,300,100028,100,99980,100,100053,100,99972,100,100057,100,99970,100,100067,100,99960,100,100074,100,99943,100,100076,100,99937,100,100089,100,99924,100
2019-06-28 09:30:00.000000093,100009,100,99995,300,100011,100,99988,100,100019,100,99985,300,100028,100,99980,100,100053,100,99972,100,100057,100,99970,100,100067,100,99960,100,100074,100,99943,100,100076,100,99937,100,100089,100,99924,100
2019-06-28 09:30:00.000000095,100009,100,99995,300,100011,100,99988,100,100019,100,99985,300,100024,100,99980,100,100028,100,99972,100,100053,100,99970,100,100057,100,99960,100,100067,100,99943,100,100074,100,99937,100,100076,100,99924,100
2019-06-28 09:30:00.000000097,100009,200,99995,300,100011,100,99988,100,100019,100,99985,300,100024,100,99980,100,100028,100,99972,100,100053,100,99970,100,100057,100,99960,100,100067,100,99943,100,100074,100,99937,100,100076,100,99936,100
2019-06-28 09:30:10.000000000,100009,280,99995,380,100011,180,99988,180,100019,180,99985,380,100024,180,99980,180,100028,100,99972,100,100053,100,99970,100,100057,100,99960,100,100067,100,99943,100,100074,100,99937,100,100076,100,99936,100
2019-06-28 09:30:20.000000000,100009,309,99995,409,100011,206,99988,206,100019,206,99985,406,100024,100,99980,100,100028,100,99972,100,100053,100,99970,100,100057,100,99960,100,100067,100,99943,100,100074,100,99937,100,100076,100,99936,100
2019-06-28 09:30:30.000000000,100009,309,99995,409,100011,206,99988,206,100019,206,99985,406,100024,100,99980,100,100028,100,99972,100,100053,100,99970,100,100057,100,99960,100,100067,100,99943,100,100074,100,99937,100,100076,100,99936,100
2019-06-28 09:30:35.033863252,100009,309,99996,100,100011,206,99995,409,100019,206,99988,206,100024,100,99985,306,100028,100,99980,100,100053,100,99972,100,100057,100,99970,100,100067,100,99960,100,100074,100,99943,100,100076,100,99937,100
2019-06-28 09:30:37.266251176,100009,309,99996,100,100011,206,99995,409,100019,206,99988,206,100024,100,99985,306,100028,100,99980,100,100053,100,99972,100,100057,100,99970,100,100067,100,99960,100,100074,100,99943,100,100076,100,99937,100
2019-06-28 09:30:40.000000000,100009,360,99996,260,100011,260,99995,460,100019,100,99988,100,100024,100,99985,200,100028,100,99980,100,100053,100,99972,100,100057,100,99970,100,100067,100,99960,100,100074,100,99943,100,100076,100,99937,100
2019-06-28 09:30:50.000000000,100009,309,99996,209,100011,206,99995,406,100019,206,99988,206,100024,100,99985,200,100028,100,99980,100,100053,100,99972,100,100057,100,99970,100,100067,100,99960,100,100074,100,99943,100,100076,100,99937,100
2019-06-28 09:31:00.000000000,100009,280,99996,180,100011,180,99995,380,100019,180,99988,180,100024,180,99985,280,100028,100,99980,100,100053,100,99972,100,100057,100,99970,100,100067,100,99960,100,100074,100,99943,100,100076,100,99937,100
2019-06-28 09:31:04.041140958,100009,280,99996,180,100011,180,99995,380,100019,180,99988,180,100024,180,99985,280,100028,100,99980,100,100053,100,99972,100,100057,100,99970,100,100067,100,99960,100,100074,100,99943,100,100089,100,99937,100
2019-06-28 09:31:10.000000000,100009,264,99996,164,100011,164,99995,364,100019,164,99988,164,100024,164,99985,264,100028,164,99980,164,100053,100,99972,100,100057,100,99970,100,100067,100,99960,100,100074,100,99943,100,100089,100,99937,100
2019-06-28 09:31:20.000000000,100009,309,99996,209,100011,206,99995,406,100019,206,99988,206,100024,100,99985,200,100028,100,99980,100,100053,100,99972,100,100057,100,99970,100,100067,100,99960,100,100074,100,99943,100,100089,100,99937,100
2019-06-28 09:31:25.470122260,100009,209,99996,209,100011,206,99995,406,100019,206,99988,206,100024,100,99985,200,100028,100,99980,100,100053,100,99972,100,100057,100,99970,100,100067,100,99960,100,100074,100,99943,100,100089,100,99937,100
2019-06-28 09:31:30.000000000,100009,209,99996,209,100011,206,99995,406,100019,206,99988,206,100024,100,99985,200,100028,100,99980,100,100053,100,99972,100,100057,100,99970,100,100067,100,99960,100,100074,100,99943,100,100089,100,99937,100
2019-06-28 09:31:39.255539460,100009,209,99996,209,100011,206,99995,406,100019,206,99988,206,100024,100,99985,200,100028,100,99980,100,100053,100,99972,100,100057,100,99970,100,100067,100,99960,100,100074,100,99943,100,100089,100,99937,100
2019-06-28 09:31:40.000000000,100009,180,99996,180,100011,180,99995,380,100019,180,99988,180,100024,180,99985,280,100028,100,99980,100,100053,100,99972,100,100057,100,99970,100,100067,100,99960,100,100074,100,99943,100,100089,100,99937,100
2019-06-28 09:31:50.000000000,100009,164,99996,164,100011,164,99995,364,100019,164,99988,164,100024,164,99985,264,100028,164,99980,164,100053,100,99972,100,100057,100,99970,100,100067,100,99960,100,100074,100,99943,100,100089,100,99937,100
2019-06-28 09:31:53.247283615,100009,64,99996,164,100011,164,99995,364,100019,164,99988,164,100024,164,99985,264,100028,164,99980,164,100053,100,99972,100,100057,100,99970,100,100067,100,99960,100,100074,100,99943,100,100089,100,99937,100
2019-06-28 09:31:56.234263390,100009,64,99996,164,100011,164,99995,264,100019,164,99988,164,100024,164,99985,264,100028,164,99980,164,100053,100,99972,100,100057,100,99970,100,100067,100,99960,100,100074,100,99943,100,100089,100,99937,100
2019-06-28 09:31:58.387496338,100009,64,99996,164,100011,164,99995,264,100019,164,99988,164,100024,164,99985,264,100028,164,99980,164,100057,100,99972,100,100067,100,99970,100,100074,100,99960,100,100089,100,99943,100,100098,100,99937,100
2019-06-28 09:32:00.000000000,100011,164,99996,164,100019,164,99995,264,100024,164,99988,164,100028,164,99985,264,100057,164,99980,164,100067,100,99972,100,100074,100,99970,100,100089,100,99960,100,100098,100,99943,100,100105,100,99937,100
2019-06-28 09:32:10.000000000,100011,421,99996,421,100019,100,99995,200,100024,100,99988,100,100028,100,99985,200,100057,100,99980,100,100067,100,99972,100,100074,100,99970,100,100089,100,99960,100,100098,100,99943,100,100105,100,99937,100
2019-06-28 09:32:18.217655507,100011,421,99996,421,100019,100,99995,200,100024,100,99988,100,100028,100,99985,200,100057,100,99980,100,100067,100,99972,100,100074,100,99970,100,100098,100,99960,100,100105,100,99943,100,100111,100,99937,100
2019-06-28 09:32:20.000000000,100011,209,99996,209,100019,206,99995,306,100024,206,99988,206,100028,100,99985,200,100057,100,99980,100,100067,100,99972,100,100074,100,99970,100,100098,100,99960,100,100105,100,99943,100,100111,100,99937,100
2019-06-28 09:32:30.000000000,100011,209,99996,209,100019,206,99995,306,100024,206,99988,206,100028,100,99985,200,100057,100,99980,100,100067,100,99972,100,100074,100,99970,100,100098,100,99960,100,100105,100,99943,100,100111,100,99937,100
2019-06-28 09:32:40.000000000,100011,164,99996,164,100019,164,99995,264,100024,164,99988,164,100028,164,99985,264,100057,164,99980,164,100067,100,99972,100,100074,100,99970,100,100098,100,99960,100,100105,100,99943,100,100111,100,99937,100
2019-06-28 09:32:50.000000000,100011,164,99996,164,100019,164,99995,264,100024,164,99988,164,100028,164,99985,264,100057,164,99980,164,100067,100,99972,100,100074,100,99970,100,100098,100,99960,100,100105,100,99943,100,100111,100,99937,100
2019-06-28 09:32:53.181355375,100011,164,99996,164,100019,164,99995,264,100024,164,99988,64,100028,164,99985,264,100057,164,99980,164,100067,100,99972,100,100074,100,99970,100,100098,100,99960,100,100105,100,99943,100,100111,100,99937,100
2019-06-28 09:33:00.000000000,100011,180,99996,180,100019,180,99995,280,100024,180,99985,280,100028,180,99980,180,100057,100,99972,100,100067,100,99970,100,100074,100,99960,100,100098,100,99943,100,100105,100,99937,100,100111,100,99936,100
2019-06-28 09:33:01.378239442,100011,180,99996,180,100019,180,99995,280,100024,180,99985,280,100028,180,99980,180,100057,100,99972,100,100067,100,99970,100,100074,100,99960,100,100098,100,99943,100,100105,100,99937,100,100111,100,99936,100
2019-06-28 09:33:10.000000000,100011,180,99996,180,100019,180,99995,280,100024,180,99985,280,100028,180,99980,180,100057,100,99972,100,100067,100,99970,100,100074,100,99960,100,100098,100,99943,100,100105,100,99937,100,100111,100,99936,100
2019-06-28 09:33:20.000000000,100011,421,99996,421,100019,100,99995,200,100024,100,99985,200,100028,100,99980,100,100057,100,99972,100,100067,100,99970,100,100074,100,99960,100,100098,100,99943,100,100105,100,99937,100,100111,100,99936,100
2019-06-28 09:33:22.474493417,100011,421,100009,100,100019,100,99996,421,100024,100,99995,200,100028,100,99985,200,100057,100,99980,100,100067,100,99972,100,100074,100,99970,100,100098,100,99960,100,100105,100,99943,100,100111,100,99937,100
2019-06-28 09:33:30.000000000,100011,209,100009,209,100019,206,99996,206,100024,206,99995,306,100028,100,99985,200,100057,100,99980,100,100067,100,99972,100,100074,100,99970,100,100098,100,99960,100,100105,100,99943,100,100111,100,99937,100
2019-06-28 09:33:40.000000000,100011,260,100009,260,100019,260,99996,260,100024,100,99995,200,100028,100,99985,200,100057,100,99980,100,100067,100,99972,100,100074,100,99970,100,100098,100,99960,100,100105,100,99943,100,100111,100,99937,100
2019-06-28 09:33:43.197887633,100011,260,100009,260,100019,160,99996,260,100024,100,99995,200,100028,100,99985,200,100057,100,99980,100,100067,100,99972,100,100074,100,99970,100,100098,100,99960,100,100105,100,99943,100,100111,100,99937,100
2019-06-28 09:33:50.000000000,100011,260,100009,260,100024,260,99996,260,100028,100,99995,200,100057,100,99985,200,100067,100,99980,100,100074,100,99972,100,100098,100,99970,100,100105,100,99960,100,100111,100,99943,100,100129,200,99937,100
2019-06-28 09:34:00.000000000,100011,164,100009,164,100024,164,99996,164,100028,164,99995,264,100057,164,99985,264,100067,164,99980,164,100074,100,99972,100,100098,100,99970,100,100105,100,99960,100,100111,100,99943,100,100129,200,99937,100
2019-06-28 09:34:10.000000000,100011,260,100009,260,100024,260,99996,260,100028,100,99995,200,100057,100,99985,200,100067,100,99980,100,100074,100,99972,100,100098,100,99970,100,100105,100,99960,100,100111,100,99943,100,100129,200,99937,100
2019-06-28 09:34:10.308045805,100011,260,100009,360,100024,260,99996,260,100028,100,99995,100,100057,100,99985,200,100067,100,99980,100,100074,100,99972,100,100098,100,99970,100,100105,100,99960,100,100111,100,99943,100,100129,200,99937,100
2019-06-28 09:34:15.943595442,100011,260,100009,460,100024,260,99996,260,100028,100,99985,200,100057,100,99980,100,100067,100,99972,100,100074,100,99970,100,100098,100,99960,100,100105,100,99943,100,100111,100,99937,100,100129,200,99936,100
2019-06-28 09:34:18.999103229,100011,260,100009,460,100024,260,99996,260,100028,100,99985,200,100057,100,99980,100,100067,100,99972,100,100074,100,99970,100,100098,100,99960,100,100105,100,99943,100,100111,100,99937,100,100129,200,99936,100
2019-06-28 09:34:20.000000000,100011,180,100009,380,100024,180,99996,180,100028,180,99985,280,100057,180,99980,180,100067,100,99972,100,100074,100,99970,100,100098,100,99960,100,100105,100,99943,100,100111,100,99937,100,100129,200,99936,100
2019-06-28 09:34:20.234193982,100011,180,100009,480,100024,180,99996,180,100028,180,99985,280,100057,180,99980,180,100067,100,99972,100,100074,100,99970,100,100098,100,99960,100,100105,100,99943,100,100111,100,99937,100,100129,200,99936,100
2019-06-28 09:34:26.257054434,100011,180,100009,580,100024,180,99996,80,100028,180,99985,280,100057,180,99980,180,100067,100,99972,100,100074,100,99970,100,100098,100,99960,100,100105,100,99943,100,100111,100,99937,100,100129,200,99936,100
2019-06-28 09:34:30.000000000,100011,421,100009,821,100024,100,99985,200,100028,100,99980,100,100057,100,99972,100,100067,100,99970,100,100074,100,99960,100,100098,100,99943,100,100105,100,99937,100,100111,100,99936,100,100129,200,99924,100
2019-06-28 09:34:40.000000000,100011,421,100009,821,100024,100,99985,200,100028,100,99980,100,100057,100,99972,100,100067,100,99970,100,100074,100,99960,100,100098,100,99943,100,100105,100,99937,100,100111,100,99936,100,100129,200,99924,100
2019-06-28 09:34:50.000000000,100011,209,100009,609,100024,206,99985,306,100028,206,99980,206,100057,100,99972,100,100067,100,99970,100,100074,100,99960,100,100098,100,99943,100,100105,100,99937,100,100111,100,99936,100,100129,200,99924,100
2019-06-28 09:34:53.151329315,100011,209,100009,609,100024,206,99985,306,100028,206,99980,206,100057,100,99972,100,100067,100,99970,100,100074,100,99960,100,100098,100,99943,100,100105,100,99937,100,100111,100,99936,100,100129,100,99924,100
2019-06-28 09:35:00.000000000,100011,421,100009,821,100024,100,99985,200,100028,100,99980,100,100057,100,99972,100,100067,100,99970,100,100074,100,99960,100,100098,100,99943,100,100105,100,99937,100,100111,100,99936,100,100129,100,99924,100
2019-06-28 09:35:10.000000000,100011,164,100009,564,100024,164,99985,264,100028,164,99980,164,100057,164,99972,164,100067,164,99970,164,100074,100,99960,100,100098,100,99943,100,100105,100,99937,100,100111,100,99936,100,100129,100,99924,100
2019-06-28 09:35:11.312280610,100011,64,100009,564,100024,164,99985,264,100028,164,99980,164,100057,164,99972,164,100067,164,99970,164,100074,100,99960,100,100098,100,99943,100,100105,100,99937,100,100111,100,99936,100,100139,100,99924,100
2019-06-28 09:35:14.619186653,100011,64,100010,100,100024,164,100009,564,100028,164,99985,264,100057,164,99980,164,100067,164,99972,164,100074,100,99970,164,100098,100,99960,100,100105,100,99943,100,100111,100,99937,100,100139,100,99936,100
2019-06-28 09:35:20.000000000,100024,180,100010,180,100028,180,100009,580,100057,180,99985,280,100067,180,99980,180,100074,100,99972,100,100098,100,99970,100,100105,100,99960,100,100111,100,99943,100,100139,100,99937,100,100140,100,99936,100
2019-06-28 09:35:20.049121548,100024,180,100010,180,100028,180,100009,580,100057,180,99985,280,100067,180,99980,180,100074,100,99972,100,100098,100,99970,100,100105,100,99960,100,100111,100,99943,100,100139,100,99937,100,100140,100,99936,100
2019-06-28 09:35:30.000000000,100024,260,100010,260,100028,260,100009,660,100057,100,99985,200,100067,100,99980,100,100074,100,99972,100,100098,100,99970,100,100105,100,99960,100,100111,100,99943,100,100139,100,99937,100,100140,100,99936,100
2019-06-28 09:35:40.000000000,100024,164,100010,164,100028,164,100009,564,100057,164,99985,264,100067,164,99980,164,100074,164,99972,164,100098,100,99970,100,100105,100,99960,100,100111,100,99943,100,100139,100,99937,100,100140,100,99936,100
2019-06-28 09:35:41.051377207,100024,164,100010,264,100028,164,100009,564,100057,164,99985,264,100067,164,99980,164,100074,164,99972,164,100098,100,99970,100,100105,100,99960,100,100111,100,99943,100,100139,100,99937,100,100140,100,99936,100
2019-06-28 09:35:50.000000000,100024,260,100010,360,100028,260,100009,660,100057,100,99985,200,100067,100,99980,100,100074,100,99972,100,100098,100,99970,100,100105,100,99960,100,100111,100,99943,100,100139,100,99937,100,100140,100,99936,100
2019-06-28 09:36:00.000000000,100024,421,100010,521,100028,100,100009,500,100057,100,99985,200,100067,100,99980,100,100074,100,99972,100,100098,100,99970,100,100105,100,99960,100,100111,100,99943,100,100139,100,99937,100,100140,100,99936,100
2019-06-28 09:36:02.427044657,100024,321,100010,521,100028,100,100009,500,100057,100,99985,200,100067,100,99980,100,100074,100,99972,100,100098,100,99970,100,100105,100,99960,100,100111,100,99943,100,100139,100,99937,100,100140,100,99936,100
2019-06-28 09:36:02.634718201,100024,321,100011,100,100028,100,100010,421,100057,100,100009,500,100067,100,99985,200,100074,100,99980,100,100098,100,99972,100,100105,100,99970,100,100111,100,99960,100,100139,100,99943,100,100140,100,99937,100
2019-06-28 09:36:10.000000000,100028,164,100011,164,100057,164,100010,164,100067,164,100009,564,100074,164,99985,264,100098,164,99980,164,100105,100,99972,100,100111,100,99970,100,100139,100,99960,100,100140,100,99943,100,100167,100,99937,100
2019-06-28 09:36:20.000000000,100028,164,100011,164,100057,164,100010,164,100067,164,100009,564,100074,164,99985,264,100098,164,99980,164,100105,100,99972,100,100111,100,99970,100,100139,100,99960,100,100140,100,99943,100,100167,100,99937,100
2019-06-28 09:36:30.000000000,100028,421,100011,421,100057,100,100010,100,100067,100,100009,500,100074,100,99985,200,100098,100,99980,100,100105,100,99972,100,100111,100,99970,100,100139,100,99960,100,100140,100,99943,100,100167,100,99937,100
2019-06-28 09:36:40.000000000,100028,164,100011,164,100057,164,100010,164,100067,164,100009,564,100074,164,99985,264,100098,164,99980,164,100105,100,99972,100,100111,100,99970,100,100139,100,99960,100,100140,100,99943,100,100167,100,99937,100
2019-06-28 09:36:45.840763900,100028,64,100011,164,100057,164,100010,164,100067,164,100009,564,100074,164,99985,264,100098,164,99980,164,100111,100,99972,100,100139,100,99970,100,100140,100,99960,100,100167,100,99943,100,100554,100,99937,100
2019-06-28 09:36:50.000000000,100057,164,100011,164,100067,164,100010,164,100074,164,100009,564,100098,164,99985,264,100111,164,99980,164,100139,100,99972,100,100140,100,99970,100,100167,100,99960,100,100554,100,99943,100,100790,100,99937,100
2019-06-28 09:37:00.000000000,100057,180,100011,180,100067,180,100010,180,100074,180,100009,580,100098,180,99985,280,100111,100,99980,100,100139,100,99972,100,100140,100,99970,100,100167,100,99960,100,100554,100,99943,100,100790,100,99937,100
2019-06-28 09:37:10.000000000,100057,209,100011,209,100067,206,100010,206,100074,206,100009,606,100098,100,99985,200,100111,100,99980,100,100139,100,99972,100,100140,100,99970,100,100167,100,99960,100,100554,100,99943,100,100790,100,99937,100
2019-06-28 09:37:16.578421215,100057,209,100011,209,100067,206,100010,206,100074,206,100009,606,100089,100,99985,200,100098,100,99980,100,100111,100,99972,100,100139,100,99970,100,100140,100,99960,100,100167,100,99943,100,100554,100,99936,100
2019-06-28 09:37:20.000000000,100057,164,100011,164,100067,164,100010,164,100074,164,100009,564,100089,164,99985,264,100098,164,99980,164,100111,100,99972,100,100139,100,99970,100,100140,100,99960,100,100167,100,99943,100,100554,100,99936,100
2019-06-28 09:37:20.811493191,100057,164,100011,64,100067,164,100010,164,100074,64,100009,564,100089,164,99985,264,100098,164,99980,164,100111,100,99972,100,100139,100,99970,100,100140,100,99960,100,100167,100,99943,100,100554,100,99936,100
2019-06-28 09:37:21.294528030,100057,164,100011,64,100067,164,100010,164,100074,64,100009,564,100083,100,99985,264,100089,164,99980,164,100098,164,99972,100,100111,100,99970,100,100139,100,99960,100,100140,100,99943,100,100167,100,99936,100
2019-06-28 09:37:26.352551569,100057,64,100011,64,100067,164,100010,164,100074,64,100009,564,100083,100,99985,264,100089,164,99980,164,100098,64,99972,100,100111,100,99970,100,100139,100,99960,100,100140,100,99943,100,100167,100,99936,100
2019-06-28 09:37:26.847210831,100057,64,100011,64,100067,164,100010,164,100074,64,100009,564,100083,100,99985,264,100089,164,99980,164,100098,64,99972,100,100111,100,99970,100,100139,100,99960,100,100140,100,99943,100,100155,100,99936,100
2019-06-28 09:37:30.000000000,100067,260,100010,260,100083,260,100009,660,100089,100,99985,200,100111,100,99980,100,100139,100,99972,100,100140,100,99970,100,100155,100,99960,100,100167,100,99943,100,100554,100,99936,100,100790,100,99924,100
2019-06-28 09:37:40.000000000,100067,209,100010,209,100083,206,100009,606,100089,206,99985,306,100111,100,99980,100,100139,100,99972,100,100140,100,99970,100,100155,100,99960,100,100167,100,99943,100,100554,100,99936,100,100790,100,99924,100
2019-06-28 09:37:50.000000000,100067,421,100010,421,100083,100,100009,500,100089,100,99985,200,100111,100,99980,100,100139,100,99972,100,100140,100,99970,100,100155,100,99960,100,100167,100,99943,100,100554,100,99936,100,100790,100,99924,100
2019-06-28 09:37:51.633679572,100067,421,100010,421,100083,100,100009,500,100089,100,100005,100,100111,100,99985,200,100139,100,99980,100,100140,100,99972,100,100155,100,99970,100,100167,100,99960,100,100554,100,99943,100,100790,100,99936,100
2019-06-28 09:38:00.000000000,100067,164,100010,164,100083,164,100009,564,100089,164,100005,164,100111,164,99985,264,100139,164,99980,164,100140,100,99972,100,100155,100,99970,100,100167,100,99960,100,100554,100,99943,100,100790,100,99936,100
2019-06-28 09:38:10.000000000,100067,180,100010,180,100083,180,100009,580,100089,180,100005,180,100111,180,99985,280,100139,100,99980,100,100140,100,99972,100,100155,100,99970,100,100167,100,99960,100,100554,100,99943,100,100790,100,99936,100
2019-06-28 09:38:20.000000000,100067,164,100010,164,100083,164,100009,564,100089,164,100005,164,100111,164,99985,264,100139,164,99980,164,100140,100,99972,100,100155,100,99970,100,100167,100,99960,100,100554,100,99943,100,100790,100,99936,100
2019-06-28 09:38:22.482166656,100067,64,100010,164,100083,164,100009,564,100089,164,100005,164,100111,164,99985,264,100139,164,99980,164,100140,100,99972,100,100155,100,99970,100,100167,100,99943,100,100554,100,99936,100,100790,100,99924,100
2019-06-28 09:38:30.000000000,100083,421,100010,421,100089,100,100009,500,100111,100,100005,100,100139,100,99985,200,100140,100,99980,100,100155,100,99972,100,100167,100,99970,100,100554,100,99943,100,100790,100,99936,100,100881,100,99924,100
2019-06-28 09:38:32.009934295,100083,321,100010,421,100089,100,100009,500,100111,100,100005,100,100139,100,99985,200,100140,100,99980,100,100155,100,99972,100,100167,100,99970,100,100554,100,99943,100,100790,100,99936,100,100881,100,99924,100
2019-06-28 09:38:40.000000000,100089,209,100010,209,100111,206,100009,606,100139,206,100005,206,100140,100,99985,200,100155,100,99980,100,100167,100,99972,100,100554,100,99970,100,100790,100,99943,100,100881,100,99936,100,101212,100,99924,100
2019-06-28 09:38:50.000000000,100089,421,100010,421,100111,100,100009,500,100139,100,100005,100,100140,100,99985,200,100155,100,99980,100,100167,100,99972,100,100554,100,99970,100,100790,100,99943,100,100881,100,99936,100,101212,100,99924,100
2019-06-28 09:38:55.918190001,100089,421,100010,421,100111,100,100009,500,100139,100,100005,100,100140,100,99985,200,100155,100,99980,100,100167,100,99972,100,100554,100,99970,100,100790,100,99943,100,100881,100,99936,100,100978,100,99924,100
2019-06-28 09:39:00.000000000,100089,164,100010,164,100111,164,100009,564,100139,164,100005,164,100140,164,99985,264,100155,164,99980,164,100167,100,99972,100,100554,100,99970,100,100790,100,99943,100,100881,100,99936,100,100978,100,99924,100
2019-06-28 09:39:06.084232641,100089,164,100067,100,100111,164,100010,164,100139,164,100009,564,100140,164,100005,164,100155,164,99985,264,100167,100,99980,164,100554,100,99972,100,100790,100,99970,100,100881,100,99943,100,100978,100,99936,100
2019-06-28 09:39:10.000000000,100089,209,100067,209,100111,206,100010,206,100139,206,100009,606,100140,100,100005,100,100155,100,99985,200,100167,100,99980,100,100554,100,99972,100,100790,100,99970,100,100881,100,99943,100,100978,100,99936,100
2019-06-28 09:39:13.044658384,100089,209,100067,309,100111,206,100010,206,100139,206,100009,606,100140,100,100005,100,100155,100,99985,100,100167,100,99980,100,100554,100,99972,100,100790,100,99970,100,100881,100,99943,100,100978,100,99936,100
2019-06-28 09:39:20.000000000,100089,260,100067,360,100111,260,100010,260,100139,100,100009,500,100140,100,100005,100,100155,100,99985,100,100167,100,99980,100,100554,100,99972,100,100790,100,99970,100,100881,100,99943,100,100978,100,99936,100
2019-06-28 09:39:30.000000000,100089,421,100067,521,100111,100,100010,100,100139,100,100009,500,100140,100,100005,100,100155,100,99985,100,100167,100,99980,100,100554,100,99972,100,100790,100,99970,100,100881,100,99943,100,100978,100,99936,100
2019-06-28 09:39:40.000000000,100089,164,100067,264,100111,164,100010,164,100139,164,100009,564,100140,164,100005,164,100155,164,99985,164,100167,100,99980,100,100554,100,99972,100,100790,100,99970,100,100881,100,99943,100,100978,100,99936,100
2019-06-28 09:39:42.136259107,100089,164,100067,364,100111,164,100010,164,100139,164,100009,564,100140,164,100005,164,100155,164,99985,164,100167,100,99980,100,100554,100,99972,100,100790,100,99970,100,100881,100,99943,100,100978,100,99936,100
2019-06-28 09:39:50.000000000,100089,180,100067,380,100111,180,100010,180,100139,180,100009,580,100140,180,100005,180,100155,100,99985,100,100167,100,99980,100,100554,100,99972,100,100790,100,99970,100,100881,100,99943,100,100978,100,99936,100
2019-06-28 09:39:54.217934488,100089,180,100067,380,100111,180,100010,180,100139,180,100009,580,100140,180,100005,180,100155,100,99985,100,100167,100,99980,100,100554,100,99972,100,100790,100,99970,100,100978,100,99943,100,101046,100,99936,100
2019-06-28 09:40:00.000000000,100089,209,100067,409,100111,206,100010,206,100139,206,100009,606,100140,100,100005,100,100155,100,99985,100,100167,100,99980,100,100554,100,99972,100,100790,100,99970,100,100978,100,99943,100,101046,100,99936,100
2019-06-28 09:40:10.000000000,100089,164,100067,364,100111,164,100010,164,100139,164,100009,564,100140,164,100005,164,100155,164,99985,164,100167,100,99980,100,100554,100,99972,100,100790,100,99970,100,100978,100,99943,100,101046,100,99936,100
2019-06-28 09:40:17.917184684,100089,64,100067,364,100111,164,100010,164,100139,164,100009,564,100140,164,100005,164,100155,164,99985,164,100167,100,99980,100,100554,100,99972,100,100790,100,99943,100,100978,100,99936,100,101046,100,99924,100
2019-06-28 09:40:20.000000000,100111,421,100067,621,100139,100,100010,100,100140,100,100009,500,100155,100,100005,100,100167,100,99985,100,100554,100,99980,100,100790,100,99972,100,100978,100,99943,100,101046,100,99936,100,101212,100,99924,100
2019-06-28 09:40:30.000000000,100111,209,100067,409,100139,206,100010,206,100140,206,100009,606,100155,100,100005,100,100167,100,99985,100,100554,100,99980,100,100790,100,99972,100,100978,100,99943,100,101046,100,99936,100,101212,100,99924,100
2019-06-28 09:40:40.000000000,100111,164,100067,364,100139,164,100010,164,100140,164,100009,564,100155,164,100005,164,100167,164,99985,164,100554,100,99980,100,100790,100,99972,100,100978,100,99943,100,101046,100,99936,100,101212,100,99924,100
2019-06-28 09:40:50.000000000,100111,260,100067,460,100139,260,100010,260,100140,100,100009,500,100155,100,100005,100,100167,100,99985,100,100554,100,99980,100,100790,100,99972,100,100978,100,99943,100,101046,100,99936,100,101212,100,99924,100
2019-06-28 09:41:00.000000000,100111,209,100067,409,100139,206,100010,206,100140,206,100009,606,100155,100,100005,100,100167,100,99985,100,100554,100,99980,100,100790,100,99972,100,100978,100,99943,100,101046,100,99936,100,101212,100,99924,100
2019-06-28 09:41:01.593007023,100111,109,100067,409,100139,206,100010,206,100140,206,100009,606,100155,100,100005,100,100167,100,99985,100,100554,100,99980,100,100790,100,99972,100,100978,100,99943,100,101046,100,99936,100,101212,100,99924,100
2019-06-28 09:41:10.000000000,100139,260,100067,460,100140,260,100010,260,100155,100,100009,500,100167,100,100005,100,100554,100,99985,100,100790,100,99980,100,100978,100,99972,100,101046,100,99943,100,101212,100,99936,100,101250,100,99924,100
2019-06-28 09:41:18.103951955,100139,260,100067,460,100140,260,100010,260,100155,100,100009,500,100167,100,100005,100,100554,100,99985,100,100790,100,99980,100,100978,100,99972,100,101046,100,99943,100,101070,100,99936,100,101212,100,99924,100
2019-06-28 09:41:20.000000000,100139,180,100067,380,100140,180,100010,180,100155,180,100009,580,100167,180,100005,180,100554,100,99985,100,100790,100,99980,100,100978,100,99972,100,101046,100,99943,100,101070,100,99936,100,101212,100,99924,100
2019-06-28 09:41:24.280652537,100139,180,100089,100,100140,180,100067,380,100155,180,100010,180,100167,180,100009,580,100554,100,100005,180,100790,100,99985,100,100978,100,99980,100,101046,100,99972,100,101070,100,99943,100,101212,100,99936,100
2019-06-28 09:41:30.000000000,100139,164,100089,164,100140,164,100067,364,100155,164,100010,164,100167,164,100009,564,100554,164,100005,164,100790,100,99985,100,100978,100,99980,100,101046,100,99972,100,101070,100,99943,100,101212,100,99936,100
2019-06-28 09:41:40.000000000,100139,421,100089,421,100140,100,100067,300,100155,100,100010,100,100167,100,100009,500,100554,100,100005,100,100790,100,99985,100,100978,100,99980,100,101046,100,99972,100,101070,100,99943,100,101212,100,99936,100
2019-06-28 09:41:50.000000000,100139,421,100089,421,100140,100,100067,300,100155,100,100010,100,100167,100,100009,500,100554,100,100005,100,100790,100,99985,100,100978,100,99980,100,101046,100,99972,100,101070,100,99943,100,101212,100,99936,100
2019-06-28 09:41:54.156614162,100139,421,100089,521,100140,100,100067,300,100155,100,100010,100,100167,100,100009,400,100554,100,100005,100,100790,100,99985,100,100978,100,99980,100,101046,100,99972,100,101070,100,99943,100,101212,100,99936,100
2019-06-28 09:42:00.000000000,100139,164,100089,264,100140,164,100067,364,100155,164,100010,164,100167,164,100009,464,100554,164,100005,164,100790,100,99985,100,100978,100,99980,100,101046,100,99972,100,101070,100,99943,100,101212,100,99936,100
2019-06-28 09:42:06.420735719,100139,64,100089,264,100140,164,100067,364,100155,164,100010,164,100167,164,100009,464,100554,164,100005,164,100790,100,99985,100,100978,100,99980,100,101046,100,99972,100,101070,100,99943,100,101212,100,99936,100
2019-06-28 09:42:10.000000000,100140,421,100089,521,100155,100,100067,300,100167,100,100010,100,100554,100,100009,400,100790,100,100005,100,100978,100,99985,100,101046,100,99980,100,101070,100,99972,100,101212,100,99943,100,101250,100,99936,100
2019-06-28 09:42:20.000000000,100140,164,100089,264,100155,164,100067,364,100167,164,100010,164,100554,164,100009,464,100790,164,100005,164,100978,100,99985,100,101046,100,99980,100,101070,100,99972,100,101212,100,99943,100,101250,100,99936,100
2019-06-28 09:42:21.505564693,100140,64,100089,264,100155,164,100067,364,100167,164,100010,164,100554,164,100009,464,100790,164,100005,164,100978,100,99985,100,101046,100,99980,100,101070,100,99972,100,101212,100,99943,100,101250,100,99936,100
2019-06-28 09:42:30.000000000,100155,260,100089,360,100167,260,100067,460,100554,100,100010,100,100790,100,100009,400,100978,100,100005,100,101046,100,99985,100,101070,100,99980,100,101212,100,99972,100,101250,100,99943,100,101285,100,99936,100
2019-06-28 09:42:30.521308942,100155,260,100139,100,100167,260,100089,360,100554,100,100067,360,100790,100,100010,100,100978,100,100009,400,101046,100,100005,100,101070,100,99985,100,101212,100,99980,100,101250,100,99972,100,101285,100,99943,100
2019-06-28 09:42:40.000000000,100155,180,100139,180,100167,180,100089,280,100554,180,100067,280,100790,180,100010,180,100978,100,100009,400,101046,100,100005,100,101070,100,99985,100,101212,100,99980,100,101250,100,99972,100,101285,100,99943,100
2019-06-28 09:42:41.322613073,100155,180,100139,280,100167,180,100089,280,100554,180,100067,280,100790,180,100010,180,100978,100,100009,400,101046,100,100005,100,101070,100,99985,100,101212,100,99980,100,101250,100,99972,100,101285,100,99943,100
2019-06-28 09:42:48.451529256,100155,180,100139,280,100167,180,100089,280,100554,180,100067,280,100790,180,100010,180,100978,100,100009,400,101046,100,100005,100,101070,100,99985,100,101189,100,99980,100,101212,100,99972,100,101250,100,99943,100
2019-06-28 09:42:50.000000000,100155,164,100139,264,100167,164,100089,264,100554,164,100067,264,100790,164,100010,164,100978,164,100009,464,101046,100,100005,100,101070,100,99985,100,101189,100,99980,100,101212,100,99972,100,101250,100,99943,100
2019-06-28 09:43:00.000000000,100155,260,100139,360,100167,260,100089,360,100554,100,100067,200,100790,100,100010,100,100978,100,100009,400,101046,100,100005,100,101070,100,99985,100,101189,100,99980,100,101212,100,99972,100,101250,100,99943,100
2019-06-28 09:43:00.794265622,100155,260,100139,360,100167,260,100089,360,100554,100,100067,200,100790,100,100010,100,100978,100,100009,400,100995,100,100005,100,101046,100,99985,100,101070,100,99980,100,101189,100,99972,100,101212,100,99943,100
2019-06-28 09:43:10.000000000,100155,180,100139,280,100167,180,100089,280,100554,180,100067,280,100790,180,100010,180,100978,100,100009,400,100995,100,100005,100,101046,100,99985,100,101070,100,99980,100,101189,100,99972,100,101212,100,99943,100
2019-06-28 09:43:20.000000000,100155,421,100139,521,100167,100,100089,200,100554,100,100067,200,100790,100,100010,100,100978,100,100009,400,100995,100,100005,100,101046,100,99985,100,101070,100,99980,100,101189,100,99972,100,101212,100,99943,100
2019-06-28 09:43:30.000000000,100155,164,100139,264,100167,164,100089,264,100554,164,100067,264,100790,164,100010,164,100978,164,100009,464,100995,100,100005,100,101046,100,99985,100,101070,100,99980,100,101189,100,99972,100,101212,100,99943,100
2019-06-28 09:43:37.165308198,100155,164,100139,264,100167,164,100089,264,100554,164,100067,264,100790,164,100010,164,100978,164,100009,464,100995,100,100005,100,101046,100,99985,100,101070,100,99980,100,101189,100,99972,100,101212,100,99943,100
2019-06-28 09:43:40.000000000,100155,180,100139,280,100167,180,100089,280,100554,180,100067,280,100790,180,100010,180,100978,100,100009,400,100995,100,100005,100,101046,100,99985,100,101070,100,99980,100,101189,100,99972,100,101212,100,99943,100
2019-06-28 09:43:41.613193763,100155,80,100139,280,100167,180,100089,280,100554,180,100067,280,100790,180,100010,180,100978,100,100009,400,100995,100,100005,100,101046,100,99985,100,101070,100,99980,100,101189,100,99972,100,101212,100,99943,100
2019-06-28 09:43:50.000000000,100167,164,100139,264,100554,164,100089,264,100790,164,100067,264,100978,164,100010,164,100995,164,100009,464,101046,100,100005,100,101070,100,99985,100,101189,100,99980,100,101212,100,99972,100,101250,100,99943,100
2019-06-28 09:43:53.557253375,100167,164,100139,264,100554,164,100089,264,100790,164,100067,264,100978,164,100010,164,100995,164,100009,364,101046,100,100005,100,101070,100,99985,100,101189,100,99980,100,101212,100,99972,100,101250,100,99943,100
2019-06-28 09:44:00.000000000,100167,164,100139,264,100554,164,100089,264,100790,164,100067,264,100978,164,100010,164,100995,164,100009,364,101046,100,100005,100,101070,100,99985,100,101189,100,99980,100,101212,100,99972,100,101250,100,99943,100
2019-06-28 09:44:10.000000000,100167,180,100139,280,100554,180,100089,280,100790,180,100067,280,100978,180,100010,180,100995,100,100009,300,101046,100,100005,100,101070,100,99985,100,101189,100,99980,100,101212,100,99972,100,101250,100,99943,100
2019-06-28 09:44:20.000000000,100167,421,100139,521,100554,100,100089,200,100790,100,100067,200,100978,100,100010,100,100995,100,100009,300,101046,100,100005,100,101070,100,99985,100,101189,100,99980,100,101212,100,99972,100,101250,100,99943,100
2019-06-28 09:44:30.000000000,100167,209,100139,309,100554,206,100089,306,100790,206,100067,306,100978,100,100010,100,100995,100,100009,300,101046,100,100005,100,101070,100,99985,100,101189,100,99980,100,101212,100,99972,100,101250,100,99943,100
2019-06-28 09:44:33.302446704,100167,109,100139,309,100554,206,100089,306,100790,206,100067,306,100978,100,100010,100,100995,100,100009,300,101046,100,100005,100,101070,100,99985,100,101189,100,99980,100,101212,100,99972,100,101250,100,99943,100
2019-06-28 09:44:40.000000000,100554,421,100139,521,100790,100,100089,200,100978,100,100067,200,100995,100,100010,100,101046,100,100009,300,101070,100,100005,100,101189,100,99985,100,101212,100,99980,100,101250,100,99972,100,101285,100,99943,100
2019-06-28 09:44:45.232354038,100554,421,100553,100,100790,100,100139,521,100978,100,100089,200,100995,100,100067,200,101046,100,100010,100,101070,100,100009,300,101189,100,100005,100,101212,100,99985,100,101250,100,99980,100,101285,100,99972,100
2019-06-28 09:44:50.000000000,100554,260,100553,260,100790,260,100139,360,100978,100,100089,200,100995,100,100067,200,101046,100,100010,100,101070,100,100009,300,101189,100,100005,100,101212,100,99985,100,101250,100,99980,100,101285,100,99972,100
2019-06-28 09:45:00.000000000,100554,164,100553,164,100790,164,100139,264,100978,164,100089,264,100995,164,100067,264,101046,164,100010,164,101070,100,100009,300,101189,100,100005,100,101212,100,99985,100,101250,100,99980,100,101285,100,99972,100
2019-06-28 09:45:02.471006273,100554,164,100553,164,100671,100,100139,264,100790,164,100089,264,100978,164,100067,264,100995,164,100010,164,101046,64,100009,300,101070,100,100005,100,101189,100,99985,100,101212,100,99980,100,101250,100,99972,100
2019-06-28 09:45:05.956623545,100554,164,100553,64,100671,100,100139,264,100733,100,100089,264,100790,164,100067,264,100978,164,100010,164,100995,164,100009,300,101046,64,100005,100,101070,100,99985,100,101189,100,99980,100,101212,100,99972,100
2019-06-28 09:45:08.713433745,100554,164,100553,64,100671,100,100139,264,100733,100,100089,264,100790,164,100067,264,100846,100,100010,164,100978,164,100009,300,100995,164,100005,100,101046,64,99985,100,101070,100,99980,100,101189,100,99972,100
2019-06-28 09:45:10.000000000,100554,180,100139,280,100671,180,100089,280,100733,180,100067,280,100790,180,100010,180,100846,100,100009,300,100978,100,100005,100,100995,100,99985,100,101070,100,99980,100,101189,100,99972,100,101212,100,99943,100
2019-06-28 09:45:10.559495444,100554,180,100139,280,100620,100,100089,280,100671,180,100067,280,100733,180,100010,180,100790,180,100009,300,100846,100,100005,100,100978,100,99985,100,100995,100,99980,100,101070,100,99972,100,101189,100,99943,100
2019-06-28 09:45:20.000000000,100554,209,100139,309,100620,206,100089,306,100671,206,100067,306,100733,100,100010,100,100790,100,100009,300,100846,100,100005,100,100978,100,99985,100,100995,100,99980,100,101070,100,99972,100,101189,100,99943,100
2019-06-28 09:45:23.109261394,100554,109,100139,309,100620,206,100089,306,100671,206,100067,306,100733,100,100010,100,100790,100,100009,300,100846,100,100005,100,100978,100,99985,100,100995,100,99980,100,101070,100,99972,100,101189,100,99943,100
2019-06-28 09:45:30.000000000,100620,164,100139,264,100671,164,100089,264,100733,164,100067,264,100790,164,100010,164,100846,164,100009,364,100978,100,100005,100,100995,100,99985,100,101070,100,99980,100,101189,100,99972,100,101212,100,99943,100
2019-06-28 09:45:40.000000000,100620,260,100139,360,100671,260,100089,360,100733,100,100067,200,100790,100,100010,100,100846,100,100009,300,100978,100,100005,100,100995,100,99985,100,101070,100,99980,100,101189,100,99972,100,101212,100,99943,100
2019-06-28 09:45:50.000000000,100620,164,100139,264,100671,164,100089,264,100733,164,100067,264,100790,164,100010,164,100846,164,100009,364,100978,100,100005,100,100995,100,99985,100,101070,100,99980,100,101189,100,99972,100,101212,100,99943,100
2019-06-28 09:45:57.101297999,100620,164,100139,264,100671,164,100089,264,100733,164,100067,264,100790,164,100010,164,100846,164,100009,364,100978,100,100005,100,100995,100,99985,100,101070,100,99980,100,101189,100,99972,100,101212,100,99943,100
2019-06-28 09:46:00.000000000,100620,209,100139,309,100671,206,100089,306,100733,206,100067,306,100790,100,100010,100,100846,100,100009,300,100978,100,100005,100,100995,100,99985,100,101070,100,99980,100,101189,100,99972,100,101212,100,99943,100
2019-06-28 09:46:10.000000000,100620,180,100139,280,100671,180,100089,280,100733,180,100067,280,100790,180,100010,180,100846,100,100009,300,100978,100,100005,100,100995,100,99985,100,101070,100,99980,100,101189,100,99972,100,101212,100,99943,100
2019-06-28 09:46:18.087117518,100620,180,100167,100,100671,180,100139,280,100733,180,100089,280,100790,180,100067,280,100846,100,100010,180,100978,100,100009,300,100995,100,100005,100,101070,100,99985,100,101189,100,99980,100,101212,100,99972,100
2019-06-28 09:46:20.000000000,100620,260,100167,260,100671,260,100139,360,100733,100,100089,200,100790,100,100067,200,100846,100,100010,100,100978,100,100009,300,100995,100,100005,100,101070,100,99985,100,101189,100,99980,100,101212,100,99972,100
2019-06-28 09:46:29.953960504,100620,260,100167,260,100671,260,100139,360,100733,100,100089,200,100790,100,100067,200,100846,100,100010,100,100978,100,100009,300,100995,100,100005,100,101049,100,99985,100,101070,100,99980,100,101189,100,99972,100
2019-06-28 09:46:30.000000000,100620,180,100167,180,100671,180,100139,280,100733,180,100089,280,100790,180,100067,280,100846,100,100010,100,100978,100,100009,300,100995,100,100005,100,101049,100,99985,100,101070,100,99980,100,101189,100,99972,100
2019-06-28 09:46:37.430036954,100620,180,100167,80,100671,180,100139,280,100733,180,100089,280,100790,180,100067,280,100846,100,100010,100,100978,100,100009,300,100995,100,100005,100,101049,100,99985,100,101070,100,99980,100,101189,100,99972,100
2019-06-28 09:46:40.000000000,100620,421,100139,521,100671,100,100089,200,100733,100,100067,200,100790,100,100010,100,100846,100,100009,300,100978,100,100005,100,100995,100,99985,100,101049,100,99980,100,101070,100,99972,100,101189,100,99943,100
2019-06-28 09:46:48.325484068,100620,321,100139,521,100671,100,100089,200,100733,100,100067,200,100790,100,100010,100,100846,100,100009,300,100978,100,100005,100,100995,100,99985,100,101049,100,99980,100,101070,100,99972,100,101189,100,99943,100
2019-06-28 09:46:50.000000000,100671,209,100139,309,100733,206,100089,306,100790,206,100067,306,100846,100,100010,100,100978,100,100009,300,100995,100,100005,100,101049,100,99985,100,101070,100,99980,100,101189,100,99972,100,101212,100,99943,100
2019-06-28 09:47:00.000000000,100671,260,100139,360,100733,260,100089,360,100790,100,100067,200,100846,100,100010,100,100978,100,100009,300,100995,100,100005,100,101049,100,99985,100,101070,100,99980,100,101189,100,99972,100,101212,100,99943,100
2019-06-28 09:47:00.520461715,100671,160,100139,360,100733,260,100089,360,100790,100,100067,200,100846,100,100010,100,100978,100,100009,300,100995,100,100005,100,101049,100,99985,100,101070,100,99980,100,101189,100,99972,100,101212,100,99943,100
2019-06-28 09:47:00.715125232,100671,160,100620,100,100733,260,100139,360,100790,100,100089,360,100846,100,100067,200,100978,100,100010,100,100995,100,100009,300,101049,100,100005,100,101070,100,99985,100,101189,100,99980,100,101212,100,99972,100
2019-06-28 09:47:06.356398141,100671,160,100620,100,100733,260,100139,360,100790,100,100089,360,100846,100,100067,200,100978,100,100010,100,100995,100,100009,300,101049,100,100005,100,101070,100,99985,100,101085,100,99980,100,101189,100,99972,100
2019-06-28 09:47:10.000000000,100733,260,100620,260,100790,260,100139,360,100846,100,100089,200,100978,100,100067,200,100995,100,100010,100,101049,100,100009,300,101070,100,100005,100,101085,100,99985,100,101189,100,99980,100,101212,100,99972,100
2019-06-28 09:47:11.029508869,100733,260,100620,360,100790,260,100139,360,100846,100,100089,200,100978,100,100067,100,100995,100,100010,100,101049,100,100009,300,101070,100,100005,100,101085,100,99985,100,101189,100,99980,100,101212,100,99972,100
2019-06-28 09:47:20.000000000,100733,164,100620,264,100790,164,100139,264,100846,164,100089,264,100978,164,100067,164,100995,164,100010,164,101049,100,100009,300,101070,100,100005,100,101085,100,99985,100,101189,100,99980,100,101212,100,99972,100
2019-06-28 09:47:30.000000000,100733,421,100620,521,100790,100,100139,200,100846,100,100089,200,100978,100,100067,100,100995,100,100010,100,101049,100,100009,300,101070,100,100005,100,101085,100,99985,100,101189,100,99980,100,101212,100,99972,100
2019-06-28 09:47:32.468392568,100733,421,100712,100,100790,100,100620,521,100846,100,100139,200,100978,100,100089,200,100995,100,100067,100,101049,100,100010,100,101070,100,100009,300,101085,100,100005,100,101189,100,99985,100,101212,100,99980,100
2019-06-28 09:47:40.000000000,100733,260,100712,260,100790,260,100620,360,100846,100,100139,200,100978,100,100089,200,100995,100,100067,100,101049,100,100010,100,101070,100,100009,300,101085,100,100005,100,101189,100,99985,100,101212,100,99980,100
2019-06-28 09:47:43.067764101,100733,260,100712,260,100790,260,100620,260,100846,100,100139,200,100978,100,100089,200,100995,100,100067,100,101049,100,100010,100,101070,100,100009,300,101085,100,100005,100,101189,100,99985,100,101212,100,99980,100
2019-06-28 09:47:50.000000000,100733,209,100712,209,100790,206,100620,206,100846,206,100139,306,100978,100,100089,200,100995,100,100067,100,101049,100,100010,100,101070,100,100009,300,101085,100,100005,100,101189,100,99985,100,101212,100,99980,100
2019-06-28 09:47:55.292965019,100733,209,100712,209,100790,206,100620,206,100846,206,100139,306,100978,100,100089,200,100995,100,100067,100,101049,100,100010,100,101070,100,100009,300,101085,100,99985,100,101120,100,99980,100,101189,100,99972,100
2019-06-28 09:47:59.254683446,100733,209,100712,209,100790,206,100620,206,100846,206,100139,306,100978,100,100089,200,100995,100,100067,100,101049,100,100010,100,101070,100,100009,300,101081,100,99985,100,101085,100,99980,100,101189,100,99972,100
2019-06-28 09:48:00.000000000,100733,209,100712,209,100790,206,100620,206,100846,206,100139,306,100978,100,100089,200,100995,100,100067,100,101049,100,100010,100,101070,100,100009,300,101081,100,99985,100,101085,100,99980,100,101189,100,99972,100
2019-06-28 09:48:04.399989943,100733,209,100712,209,100790,206,100620,306,100846,206,100139,206,100978,100,100089,200,100995,100,100067,100,101049,100,100010,100,101070,100,100009,300,101081,100,99985,100,101085,100,99980,100,101189,100,99972,100
2019-06-28 09:48:10.000000000,100733,260,100712,260,100790,260,100620,360,100846,100,100139,100,100978,100,100089,200,100995,100,100067,100,101049,100,100010,100,101070,100,100009,300,101081,100,99985,100,101085,100,99980,100,101189,100,99972,100
2019-06-28 09:48:17.077654868,100733,260,100712,260,100790,260,100620,360,100846,100,100139,100,100978,100,100089,200,100989,100,100067,100,100995,100,100010,100,101049,100,100009,300,101070,100,99985,100,101081,100,99980,100,101085,100,99972,100
2019-06-28 09:48:17.998072912,100733,160,100712,260,100790,260,100620,360,100846,100,100139,100,100978,100,100089,200,100989,100,100067,100,100995,100,100010,100,101049,100,100009,300,101070,100,99985,100,101081,100,99980,100,101085,100,99972,100
2019-06-28 09:48:20.000000000,100790,421,100712,421,100846,100,100620,200,100978,100,100139,100,100989,100,100089,200,100995,100,100067,100,101049,100,100010,100,101070,100,100009,300,101081,100,99985,100,101085,100,99980,100,101189,100,99972,100
2019-06-28 09:48:26.668986629,100790,421,100712,421,100846,100,100620,200,100978,100,100536,100,100989,100,100139,100,100995,100,100089,200,101049,100,100067,100,101070,100,100010,100,101081,100,100009,300,101085,100,99985,100,101212,100,99980,100
2019-06-28 09:48:30.000000000,100790,260,100712,260,100846,260,100620,360,100978,100,100536,100,100989,100,100139,100,100995,100,100089,200,101049,100,100067,100,101070,100,100010,100,101081,100,100009,300,101085,100,99985,100,101212,100,99980,100
2019-06-28 09:48:32.922442735,100790,260,100714,100,100846,260,100712,260,100978,100,100620,360,100989,100,100536,100,100995,100,100139,100,101049,100,100089,200,101070,100,100067,100,101081,100,100010,100,101085,100,100009,300,101212,100,99985,100
2019-06-28 09:48:40.000000000,100790,260,100714,260,100846,260,100712,260,100978,100,100620,200,100989,100,100536,100,100995,100,100139,100,101049,100,100089,200,101070,100,100067,100,101081,100,100010,100,101085,100,100009,300,101212,100,99985,100
2019-06-28 09:48:50.000000000,100790,164,100714,164,100846,164,100712,164,100978,164,100620,264,100989,164,100536,164,100995,164,100139,164,101049,100,100089,200,101070,100,100067,100,101081,100,100010,100,101085,100,100009,300,101212,100,99985,100
2019-06-28 09:48:55.186854747,100790,64,100714,164,100846,164,100712,164,100978,164,100620,264,100989,164,100536,164,100995,164,100139,164,101049,100,100089,200,101081,100,100067,100,101085,100,100010,100,101212,100,100009,300,101285,100,99985,100
2019-06-28 09:49:00.000000000,100846,209,100714,209,100978,206,100712,206,100989,206,100620,306,100995,100,100536,100,101049,100,100139,100,101081,100,100089,200,101085,100,100067,100,101212,100,100010,100,101285,100,100009,300,101418,100,99985,100
2019-06-28 09:49:10.000000000,100846,180,100714,180,100978,180,100712,180,100989,180,100620,280,100995,180,100536,180,101049,100,100139,100,101081,100,100089,200,101085,100,100067,100,101212,100,100010,100,101285,100,100009,300,101418,100,99985,100
2019-06-28 09:49:20.000000000,100846,421,100714,421,100978,100,100712,100,100989,100,100620,200,100995,100,100536,100,101049,100,100139,100,101081,100,100089,200,101085,100,100067,100,101212,100,100010,100,101285,100,100009,300,101418,100,99985,100
2019-06-28 09:49:30.000000000,100846,421,100714,421,100978,100,100712,100,100989,100,100620,200,100995,100,100536,100,101049,100,100139,100,101081,100,100089,200,101085,100,100067,100,101212,100,100010,100,101285,100,100009,300,101418,100,99985,100
2019-06-28 09:49:33.378750036,100846,421,100714,321,100978,100,100712,100,100989,100,100620,200,100995,100,100536,100,101049,100,100139,100,101081,100,100089,200,101085,100,100067,100,101212,100,100010,100,101285,100,100009,300,101418,100,99985,100
2019-06-28 09:49:40.000000000,100846,260,100712,260,100978,260,100620,360,100989,100,100536,100,100995,100,100139,100,101049,100,100089,200,101081,100,100067,100,101085,100,100010,100,101212,100,100009,300,101285,100,99985,100,101418,100,99980,100
2019-06-28 09:49:41.096755733,100846,260,100712,260,100978,260,100620,360,100989,100,100536,100,100995,100,100461,100,101049,100,100139,100,101081,100,100089,200,101085,100,100067,100,101212,100,100010,100,101285,100,100009,300,101418,100,99985,100
2019-06-28 09:49:44.121507625,100846,260,100712,260,100978,260,100620,360,100989,100,100536,100,100995,100,100461,100,101049,100,100359,100,101081,100,100139,100,101085,100,100089,200,101212,100,100067,100,101285,100,100010,100,101418,100,100009,300
2019-06-28 09:49:48.894610336,100846,260,100712,160,100978,260,100620,360,100989,100,100536,100,100995,100,100461,100,101049,100,100359,100,101085,100,100139,100,101212,100,100089,200,101285,100,100067,100,101418,100,100010,100,,,100009,300
2019-06-28 09:49:50.000000000,100846,180,100620,280,100978,180,100536,180,100989,180,100461,180,100995,180,100359,180,101049,100,100139,100,101085,100,100089,200,101212,100,100067,100,101285,100,100010,100,101418,100,100009,300,,,99985,100
2019-06-28 09:49:57.697694948,100846,180,100620,280,100978,180,100536,180,100989,180,100461,180,100995,180,100444,100,101049,100,100359,180,101085,100,100139,100,101212,100,100089,200,101285,100,100067,100,101418,100,100010,100,,,100009,300
2019-06-28 09:50:00.000000000,100846,209,100620,309,100978,206,100536,206,100989,206,100461,206,100995,100,100444,100,101049,100,100359,100,101085,100,100139,100,101212,100,100089,200,101285,100,100067,100,101418,100,100010,100,,,100009,300
2019-06-28 09:50:10.000000000,100846,164,100620,264,100978,164,100536,164,100989,164,100461,164,100995,164,100444,164,101049,164,100359,164,101085,100,100139,100,101212,100,100089,200,101285,100,100067,100,101418,100,100010,100,,,100009,300
2019-06-28 09:50:15.448926280,100846,164,100620,264,100978,164,100536,164,100989,164,100461,164,100995,164,100444,164,101049,164,100359,164,101085,100,100089,200,101212,100,100067,100,101285,100,100010,100,101418,100,100009,300,,,99985,100
2019-06-28 09:50:15.596671612,100846,164,100620,264,100978,164,100545,100,100989,164,100536,164,100995,164,100461,164,101049,164,100444,164,101085,100,100359,164,101212,100,100089,200,101285,100,100067,100,101418,100,100010,100,,,100009,300
2019-06-28 09:50:20.000000000,100846,260,100620,360,100978,260,100545,260,100989,100,100536,100,100995,100,100461,100,101049,100,100444,100,101085,100,100359,100,101212,100,100089,200,101285,100,100067,100,101418,100,100010,100,,,100009,300
2019-06-28 09:50:21.897272566,100846,260,100750,100,100978,260,100620,360,100989,100,100545,260,100995,100,100536,100,101049,100,100461,100,101085,100,100444,100,101212,100,100359,100,101285,100,100089,200,101418,100,100067,100,,,100010,100
2019-06-28 09:50:30.000000000,100846,209,100750,209,100978,206,100620,306,100989,206,100545,206,100995,100,100536,100,101049,100,100461,100,101085,100,100444,100,101212,100,100359,100,101285,100,100089,200,101418,100,100067,100,,,100010,100
2019-06-28 09:50:40.000000000,100846,164,100750,164,100978,164,100620,264,100989,164,100545,164,100995,164,100536,164,101049,164,100461,164,101085,100,100444,100,101212,100,100359,100,101285,100,100089,200,101418,100,100067,100,,,100010,100
2019-06-28 09:50:45.477554663,100846,164,100750,164,100978,164,100620,264,100989,164,100545,164,100995,164,100536,164,101049,164,100461,164,101085,100,100444,100,101212,100,100359,100,101285,100,100089,100,101418,100,100067,100,,,100010,100
2019-06-28 09:50:48.799988946,100846,164,100750,164,100978,164,100715,100,100989,164,100620,264,100995,164,100545,164,101049,164,100536,164,101085,100,100461,164,101212,100,100444,100,101285,100,100359,100,101418,100,100089,100,,,100067,100
2019-06-28 09:50:50.000000000,100846,164,100750,164,100978,164,100715,164,100989,164,100620,264,100995,164,100545,164,101049,164,100536,164,101085,100,100461,100,101212,100,100444,100,101285,100,100359,100,101418,100,100089,100,,,100067,100
2019-06-28 09:51:00.000000000,100846,260,100750,260,100978,260,100715,260,100989,100,100620,200,100995,100,100545,100,101049,100,100536,100,101085,100,100461,100,101212,100,100444,100,101285,100,100359,100,101418,100,100089,100,,,100067,100
2019-06-28 09:51:02.881377595,100846,260,100750,160,100978,260,100715,260,100989,100,100620,200,100995,100,100545,100,101049,100,100536,100,101085,100,100461,100,101212,100,100444,100,101285,100,100359,100,101418,100,100089,100,,,100067,100
2019-06-28 09:51:10.000000000,100846,260,100715,260,100978,260,100620,360,100989,100,100545,100,100995,100,100536,100,101049,100,100461,100,101085,100,100444,100,101212,100,100359,100,101285,100,100089,100,101418,100,100067,100,,,100010,100
2019-06-28 09:51:20.000000000,100846,260,100715,260,100978,260,100620,360,100989,100,100545,100,100995,100,100536,100,101049,100,100461,100,101085,100,100444,100,101212,100,100359,100,101285,100,100089,100,101418,100,100067,100,,,100010,100
2019-06-28 09:51:30.000000000,100846,164,100715,164,100978,164,100620,264,100989,164,100545,164,100995,164,100536,164,101049,164,100461,164,101085,100,100444,100,101212,100,100359,100,101285,100,100089,100,101418,100,100067,100,,,100010,100
2019-06-28 09:51:31.190688377,100846,164,100715,164,100978,164,100620,264,100989,164,100545,164,100995,164,100536,164,101049,164,100461,164,101085,100,100444,100,101212,100,100414,100,101285,100,100359,100,101418,100,100089,100,,,100067,100
2019-06-28 09:51:40.000000000,100846,260,100715,260,100978,260,100620,360,100989,100,100545,100,100995,100,100536,100,101049,100,100461,100,101085,100,100444,100,101212,100,100414,100,101285,100,100359,100,101418,100,100089,100,,,100067,100
2019-06-28 09:51:50.000000000,100846,209,100715,209,100978,206,100620,306,100989,206,100545,206,100995,100,100536,100,101049,100,100461,100,101085,100,100444,100,101212,100,100414,100,101285,100,100359,100,101418,100,100089,100,,,100067,100
2019-06-28 09:51:53.817334086,100846,209,100737,100,100978,206,100715,209,100989,206,100620,306,100995,100,100545,206,101049,100,100536,100,101085,100,100461,100,101212,100,100444,100,101285,100,100414,100,101418,100,100359,100,,,100089,100
2019-06-28 09:52:00.000000000,100846,209,100737,209,100978,206,100715,206,100989,206,100620,306,100995,100,100545,100,101049,100,100536,100,101085,100,100461,100,101212,100,100444,100,101285,100,100414,100,101418,100,100359,100,,,100089,100
2019-06-28 09:52:08.765266289,100836,100,100737,209,100846,209,100715,206,100978,206,100620,306,100989,206,100545,100,100995,100,100536,100,101049,100,100461,100,101085,100,100444,100,101212,100,100414,100,101285,100,100359,100,101418,100,100089,100
2019-06-28 09:52:10.000000000,100836,260,100737,260,100846,260,100715,260,100978,100,100620,200,100989,100,100545,100,100995,100,100536,100,101049,100,100461,100,101085,100,100444,100,101212,100,100414,100,101285,100,100359,100,101418,100,100089,100
2019-06-28 09:52:20.000000000,100836,164,100737,164,100846,164,100715,164,100978,164,100620,264,100989,164,100545,164,100995,164,100536,164,101049,100,100461,100,101085,100,100444,100,101212,100,100414,100,101285,100,100359,100,101418,100,100089,100
2019-06-28 09:52:30.000000000,100836,260,100737,260,100846,260,100715,260,100978,100,100620,200,100989,100,100545,100,100995,100,100536,100,101049,100,100461,100,101085,100,100444,100,101212,100,100414,100,101285,100,100359,100,101418,100,100089,100
2019-06-28 09:52:31.587026674,100836,260,100737,260,100846,260,100715,260,100978,100,100620,200,100989,100,100545,100,100995,100,100536,100,101049,100,100461,100,101085,100,100444,100,101212,100,100414,100,101285,100,100359,100,101418,100,100276,100
2019-06-28 09:52:40.000000000,100836,260,100737,260,100846,260,100715,260,100978,100,100620,200,100989,100,100545,100,100995,100,100536,100,101049,100,100461,100,101085,100,100444,100,101212,100,100414,100,101285,100,100359,100,101418,100,100276,100
2019-06-28 09:52:48.268070160,100750,100,100737,260,100836,260,100715,260,100846,260,100620,200,100978,100,100545,100,100989,100,100536,100,100995,100,100461,100,101049,100,100444,100,101085,100,100414,100,101212,100,100359,100,101285,100,100276,100
2019-06-28 09:52:50.000000000,100750,209,100737,209,100836,206,100715,206,100846,206,100620,306,100978,100,100545,100,100989,100,100536,100,100995,100,100461,100,101049,100,100444,100,101085,100,100414,100,101212,100,100359,100,101285,100,100276,100
2019-06-28 09:53:00.000000000,100750,260,100737,260,100836,260,100715,260,100846,100,100620,200,100978,100,100545,100,100989,100,100536,100,100995,100,100461,100,101049,100,100444,100,101085,100,100414,100,101212,100,100359,100,101285,100,100276,100
2019-06-28 09:53:00.073226158,100750,260,100737,160,100836,260,100715,260,100846,100,100620,200,100978,100,100545,100,100989,100,100536,100,100995,100,100461,100,101049,100,100444,100,101085,100,100414,100,101212,100,100359,100,101285,100,100276,100
2019-06-28 09:53:10.000000000,100750,164,100715,164,100836,164,100620,264,100846,164,100545,164,100978,164,100536,164,100989,164,100461,164,100995,100,100444,100,101049,100,100414,100,101085,100,100359,100,101212,100,100276,100,101285,100,100089,100
2019-06-28 09:53:20.000000000,100750,180,100715,180,100836,180,100620,280,100846,180,100545,180,100978,180,100536,180,100989,100,100461,100,100995,100,100444,100,101049,100,100414,100,101085,100,100359,100,101212,100,100276,100,101285,100,100089,100
2019-06-28 09:53:25.754242720,100750,180,100715,180,100836,180,100620,280,100846,180,100545,180,100978,180,100536,180,100989,100,100461,100,100995,100,100444,100,101049,100,100414,100,101085,100,100359,100,101212,100,100276,100,101285,100,100182,100
2019-06-28 09:53:30.000000000,100750,421,100715,421,100836,100,100620,200,100846,100,100545,100,100978,100,100536,100,100989,100,100461,100,100995,100,100444,100,101049,100,100414,100,101085,100,100359,100,101212,100,100276,100,101285,100,100182,100
2019-06-28 09:53:40.000000000,100750,260,100715,260,100836,260,100620,360,100846,100,100545,100,100978,100,100536,100,100989,100,100461,100,100995,100,100444,100,101049,100,100414,100,101085,100,100359,100,101212,100,100276,100,101285,100,100182,100
2019-06-28 09:53:50.000000000,100750,180,100715,180,100836,180,100620,280,100846,180,100545,180,100978,180,100536,180,100989,100,100461,100,100995,100,100444,100,101049,100,100414,100,101085,100,100359,100,101212,100,100276,100,101285,100,100182,100
2019-06-28 09:53:55.683100661,100750,180,100715,80,100836,180,100620,280,100846,180,100545,180,100978,180,100536,180,100989,100,100461,100,100995,100,100444,100,101049,100,100414,100,101085,100,100359,100,101212,100,100276,100,101285,100,100182,100
2019-06-28 09:53:58.099399290,100750,180,100715,80,100836,180,100620,280,100846,180,100545,180,100978,180,100536,180,100989,100,100461,100,100995,100,100444,100,101049,100,100414,100,101085,100,100359,100,101212,100,100276,100,101285,100,100182,100
2019-06-28 09:54:00.000000000,100750,209,100620,309,100836,206,100545,206,100846,206,100536,206,100978,100,100461,100,100989,100,100444,100,100995,100,100414,100,101049,100,100359,100,101085,100,100276,100,101212,100,100182,100,101285,100,100089,100
2019-06-28 09:54:02.998793375,100750,209,100620,309,100836,206,100545,206,100846,206,100536,206,100978,100,100461,100,100989,100,100444,100,100995,100,100414,100,101049,100,100359,100,101085,100,100276,100,101212,100,100182,100,101285,100,100089,100
2019-06-28 09:54:10.000000000,100750,260,100620,360,100836,260,100545,260,100846,100,100536,100,100978,100,100461,100,100989,100,100444,100,100995,100,100414,100,101049,100,100359,100,101085,100,100276,100,101212,100,100182,100,101285,100,100089,100
2019-06-28 09:54:20.000000000,100750,421,100620,521,100836,100,100545,100,100846,100,100536,100,100978,100,100461,100,100989,100,100444,100,100995,100,100414,100,101049,100,100359,100,101085,100,100276,100,101212,100,100182,100,101285,100,100089,100
2019-06-28 09:54:20.267368161,100737,100,100620,521,100750,421,100545,100,100836,100,100536,100,100846,100,100461,100,100978,100,100444,100,100989,100,100414,100,100995,100,100359,100,101049,100,100276,100,101085,100,100182,100,101212,100,100089,100
2019-06-28 09:54:24.539341491,100737,100,100620,421,100750,421,100545,100,100836,100,100536,100,100846,100,100444,100,100978,100,100414,100,100989,100,100359,100,100995,100,100276,100,101049,100,100182,100,101085,100,100089,100,101212,100,100067,100
2019-06-28 09:54:26.458825636,100737,100,100620,321,100750,421,100545,100,100836,100,100536,100,100846,100,100444,100,100978,100,100414,100,100995,100,100359,100,101049,100,100276,100,101085,100,100182,100,101212,100,100089,100,101285,100,100067,100
2019-06-28 09:54:30.000000000,100737,180,100545,180,100750,180,100536,180,100836,180,100444,180,100846,180,100414,180,100978,100,100359,100,100995,100,100276,100,101049,100,100182,100,101085,100,100089,100,101212,100,100067,100,101285,100,100010,100
2019-06-28 09:54:40.000000000,100737,164,100545,164,100750,164,100536,164,100836,164,100444,164,100846,164,100414,164,100978,164,100359,164,100995,100,100276,100,101049,100,100182,100,101085,100,100089,100,101212,100,100067,100,101285,100,100010,100
2019-06-28 09:54:46.970319014,100737,164,100545,64,100750,164,100536,164,100836,164,100444,164,100846,164,100414,164,100978,164,100359,164,100995,100,100276,100,101049,100,100182,100,101085,100,100089,100,101212,100,100067,100,101418,100,100010,100
2019-06-28 09:54:50.000000000,100737,209,100536,209,100750,206,100444,206,100836,206,100414,206,100846,100,100359,100,100978,100,100276,100,100995,100,100182,100,101049,100,100089,100,101085,100,100067,100,101212,100,100010,100,101418,100,100009,300
2019-06-28 09:54:50.573366216,100737,209,100536,209,100750,206,100444,206,100836,206,100414,206,100846,100,100359,100,100978,100,100276,100,100995,100,100182,100,101049,100,100089,100,101085,100,100067,100,101212,100,100010,100,101418,100,100009,300
2019-06-28 09:55:00.000000000,100737,421,100536,421,100750,100,100444,100,100836,100,100414,100,100846,100,100359,100,100978,100,100276,100,100995,100,100182,100,101049,100,100089,100,101085,100,100067,100,101212,100,100010,100,101418,100,100009,300
2019-06-28 09:55:03.968299317,100737,421,100536,421,100750,100,100444,100,100836,100,100414,100,100846,100,100359,100,100978,100,100276,100,100995,100,100182,100,101049,100,100089,100,101085,100,100067,100,101212,100,100010,100,101418,100,100009,300
2019-06-28 09:55:10.000000000,100737,260,100536,260,100750,260,100444,260,100836,100,100414,100,100846,100,100359,100,100978,100,100276,100,100995,100,100182,100,101049,100,100089,100,101085,100,100067,100,101212,100,100010,100,101418,100,100009,300
2019-06-28 09:55:14.993314511,100620,100,100536,260,100737,260,100444,260,100750,160,100414,100,100836,100,100359,100,100846,100,100276,100,100978,100,100182,100,100995,100,100089,100,101049,100,100067,100,101085,100,100010,100,101212,100,100009,300
2019-06-28 09:55:20.000000000,100620,421,100536,421,100737,100,100444,100,100836,100,100414,100,100846,100,100359,100,100978,100,100276,100,100995,100,100182,100,101049,100,100089,100,101085,100,100067,100,101212,100,100010,100,101418,100,100009,300
2019-06-28 09:55:24.476856631,100620,421,100536,321,100737,100,100444,100,100836,100,100414,100,100846,100,100359,100,100978,100,100276,100,100995,100,100182,100,101049,100,100089,100,101085,100,100067,100,101212,100,100010,100,101418,100,100009,300
2019-06-28 09:55:30.000000000,100620,260,100444,260,100737,260,100414,260,100836,100,100359,100,100846,100,100276,100,100978,100,100182,100,100995,100,100089,100,101049,100,100067,100,101085,100,100010,100,101212,100,100009,300,101418,100,99985,100
2019-06-28 09:55:40.000000000,100620,209,100444,209,100737,206,100414,206,100836,206,100359,206,100846,100,100276,100,100978,100,100182,100,100995,100,100089,100,101049,100,100067,100,101085,100,100010,100,101212,100,100009,300,101418,100,99985,100
2019-06-28 09:55:42.402084189,100620,209,100444,109,100737,206,100414,206,100836,206,100359,206,100846,100,100182,100,100978,100,100089,100,100995,100,100067,100,101049,100,100010,100,101085,100,100009,300,101212,100,99985,100,101418,100,99980,100
2019-06-28 09:55:50.000000000,100620,209,100414,209,100737,206,100359,206,100836,206,100182,206,100846,100,100089,100,100978,100,100067,100,100995,100,100010,100,101049,100,100009,300,101085,100,99985,100,101212,100,99980,100,101418,100,99972,100
2019-06-28 09:55:51.056113461,100620,209,100414,109,100737,206,100359,206,100836,206,100182,206,100846,100,100089,100,100978,100,100067,100,100995,100,100010,100,101049,100,100009,300,101085,100,99985,100,101212,100,99980,100,101418,100,99972,100
2019-06-28 09:56:00.000000000,100620,164,100359,164,100737,164,100182,164,100836,164,100089,164,100846,164,100067,164,100978,164,100010,164,100995,100,100009,300,101049,100,99985,100,101085,100,99980,100,101212,100,99972,100,101418,100,99936,100
2019-06-28 09:56:09.560100363,100620,164,100359,64,100737,164,100182,164,100836,64,100089,164,100846,164,100067,164,100978,164,100010,164,100995,100,100009,300,101049,100,99985,100,101085,100,99980,100,101212,100,99972,100,101418,100,99936,100
2019-06-28 09:56:10.000000000,100620,209,100182,209,100737,206,100089,206,100846,206,100067,206,100978,100,100010,100,100995,100,100009,300,101049,100,99985,100,101085,100,99980,100,101212,100,99972,100,101418,100,99936,100,,,99885,100
2019-06-28 09:56:13.173604310,100620,209,100182,109,100737,206,100089,206,100846,206,100067,206,100978,100,100010,100,100995,100,100009,300,101049,100,99985,100,101085,100,99980,100,101212,100,99972,100,101418,100,99936,100,,,99885,100
2019-06-28 09:56:20.000000000,100620,180,100089,180,100737,180,100067,180,100846,180,100010,180,100978,180,100009,380,100995,100,99985,100,101049,100,99980,100,101085,100,99972,100,101212,100,99936,100,101418,100,99885,100,,,99855,100
2019-06-28 09:56:26.039739662,100359,100,100089,180,100620,180,100067,180,100737,180,100010,180,100846,180,100009,380,100978,180,99985,100,100995,100,99980,100,101049,100,99972,100,101085,100,99936,100,101212,100,99885,100,101418,100,99855,100
2019-06-28 09:56:30.000000000,100359,421,100089,421,100620,100,100067,100,100737,100,100010,100,100846,100,100009,300,100978,100,99985,100,100995,100,99980,100,101049,100,99972,100,101085,100,99936,100,101212,100,99885,100,101418,100,99855,100
2019-06-28 09:56:40.000000000,100359,260,100089,260,100620,260,100067,260,100737,100,100010,100,100846,100,100009,300,100978,100,99985,100,100995,100,99980,100,101049,100,99972,100,101085,100,99936,100,101212,100,99885,100,101418,100,99855,100
2019-06-28 09:56:50.000000000,100359,164,100089,164,100620,164,100067,164,100737,164,100010,164,100846,164,100009,364,100978,164,99985,164,100995,100,99980,100,101049,100,99972,100,101085,100,99936,100,101212,100,99885,100,101418,100,99855,100
2019-06-28 09:57:00.000000000,100359,209,100089,209,100620,206,100067,206,100737,206,100010,206,100846,100,100009,300,100978,100,99985,100,100995,100,99980,100,101049,100,99972,100,101085,100,99936,100,101212,100,99885,100,101418,100,99855,100
2019-06-28 09:57:02.112644106,100139,100,100089,209,100359,209,100067,206,100620,206,100010,206,100737,206,100009,300,100846,100,99985,100,100978,100,99980,100,100995,100,99972,100,101049,100,99936,100,101085,100,99885,100,101212,100,99855,100
2019-06-28 09:57:05.153886152,100134,100,100089,209,100139,100,100067,206,100359,209,100010,206,100620,206,100009,300,100737,206,99985,100,100846,100,99980,100,100978,100,99972,100,100995,100,99936,100,101049,100,99885,100,101085,100,99855,100
2019-06-28 09:57:08.838504415,100134,100,100089,209,100139,100,100067,206,100359,309,100010,206,100620,206,100009,300,100737,206,99985,100,100846,100,99980,100,100978,100,99972,100,100995,100,99936,100,101049,100,99885,100,101085,100,99855,100
2019-06-28 09:57:10.000000000,100134,180,100089,180,100139,180,100067,180,100359,280,100010,180,100620,180,100009,380,100737,100,99985,100,100846,100,99980,100,100978,100,99972,100,100995,100,99936,100,101049,100,99885,100,101085,100,99855,100
2019-06-28 09:57:13.467892628,100134,180,100089,180,100139,180,100067,180,100258,100,100010,180,100359,280,100009,380,100620,180,99985,100,100737,100,99980,100,100846,100,99972,100,100978,100,99936,100,100995,100,99885,100,101049,100,99855,100
2019-06-28 09:57:20.000000000,100134,260,100089,260,100139,260,100067,260,100258,100,100010,100,100359,200,100009,300,100620,100,99985,100,100737,100,99980,100,100846,100,99972,100,100978,100,99936,100,100995,100,99885,100,101049,100,99855,100
2019-06-28 09:57:30.000000000,100134,180,100089,180,100139,180,100067,180,100258,180,100010,180,100359,280,100009,380,100620,100,99985,100,100737,100,99980,100,100846,100,99972,100,100978,100,99936,100,100995,100,99885,100,101049,100,99855,100
2019-06-28 09:57:31.832478289,100134,180,100089,80,100139,180,100067,180,100258,180,100010,180,100359,280,100009,380,100620,100,99985,100,100737,100,99980,100,100846,100,99972,100,100978,100,99936,100,100995,100,99885,100,101049,100,99855,100
2019-06-28 09:57:34.222740321,100134,180,100089,80,100139,180,100067,180,100258,180,100010,180,100359,380,100009,380,100620,100,99985,100,100737,100,99980,100,100846,100,99972,100,100978,100,99936,100,100995,100,99885,100,101049,100,99855,100
2019-06-28 09:57:39.418869378,100089,20,100067,180,100134,180,100010,180,100139,180,100009,380,100258,180,99985,100,100359,380,99980,100,100620,100,99972,100,100737,100,99936,100,100846,100,99855,100,100978,100,99671,100,100995,100,99574,100
2019-06-28 09:57:40.000000000,100089,180,100067,260,100134,260,100010,260,100139,100,100009,300,100258,100,99985,100,100359,300,99980,100,100620,100,99972,100,100737,100,99936,100,100846,100,99855,100,100978,100,99671,100,100995,100,99574,100
2019-06-28 09:57:48.229044135,100089,180,100067,260,100134,260,100010,260,100139,100,100009,300,100220,100,99985,100,100258,100,99980,100,100359,300,99972,100,100620,100,99936,100,100737,100,99855,100,100846,100,99671,100,100978,100,99574,100
2019-06-28 09:57:49.774581207,100089,180,100067,260,100134,260,100010,260,100139,100,100009,300,100220,100,99985,100,100258,100,99980,100,100359,300,99972,100,100620,100,99936,100,100737,100,99855,100,100846,100,99671,100,100978,100,99618,100
2019-06-28 09:57:50.000000000,100089,84,100067,164,100134,164,100010,164,100139,164,100009,364,100220,164,99985,164,100258,164,99980,164,100359,300,99972,100,100620,100,99936,100,100737,100,99855,100,100846,100,99671,100,100978,100,99618,100
2019-06-28 09:57:53.199366838,100089,84,100067,64,100134,164,100010,164,100139,164,100009,364,100220,164,99985,164,100258,164,99980,164,100359,300,99972,100,100620,100,99936,100,100737,100,99855,100,100846,100,99671,100,100978,100,99618,100
2019-06-28 09:58:00.000000000,100089,129,100010,209,100134,206,100009,406,100139,206,99985,206,100220,100,99980,100,100258,100,99972,100,100359,300,99936,100,100620,100,99855,100,100737,100,99671,100,100846,100,99618,100,100978,100,99574,100
2019-06-28 09:58:10.000000000,100089,129,100010,209,100134,206,100009,406,100139,206,99985,206,100220,100,99980,100,100258,100,99972,100,100359,300,99936,100,100620,100,99855,100,100737,100,99671,100,100846,100,99618,100,100978,100,99574,100
2019-06-28 09:58:10.033839217,100089,129,100010,209,100134,206,100009,406,100139,206,99985,206,100220,100,99980,100,100258,100,99972,100,100359,300,99936,100,100620,100,99855,100,100737,100,99671,100,100846,100,99654,100,100978,100,99618,100
2019-06-28 09:58:19.188997053,100089,129,100010,209,100134,206,100009,406,100139,206,99985,206,100220,100,99980,100,100258,100,99972,100,100359,300,99936,100,100620,100,99855,100,100737,100,99671,100,100846,100,99654,100,100978,100,99618,100
2019-06-28 09:58:20.000000000,100089,341,100010,421,100134,100,100009,300,100139,100,99985,100,100220,100,99980,100,100258,100,99972,100,100359,300,99936,100,100620,100,99855,100,100737,100,99671,100,100846,100,99654,100,100978,100,99618,100
2019-06-28 09:58:30.000000000,100089,129,100010,209,100134,206,100009,406,100139,206,99985,206,100220,100,99980,100,100258,100,99972,100,100359,300,99936,100,100620,100,99855,100,100737,100,99671,100,100846,100,99654,100,100978,100,99618,100
2019-06-28 09:58:31.080360992,100089,129,100010,209,100134,206,100009,406,100139,206,99985,206,100220,100,99980,100,100258,100,99972,100,100359,300,99936,100,100620,100,99855,100,100737,100,99671,100,100846,100,99654,100,100978,100,99618,100
2019-06-28 09:58:40.000000000,100089,84,100010,164,100134,164,100009,364,100139,164,99985,164,100220,164,99980,164,100258,164,99972,164,100359,300,99936,100,100620,100,99855,100,100737,100,99671,100,100846,100,99654,100,100978,100,99618,100
2019-06-28 09:58:50.000000000,100089,180,100010,260,100134,260,100009,460,100139,100,99985,100,100220,100,99980,100,100258,100,99972,100,100359,300,99936,100,100620,100,99855,100,100737,100,99671,100,100846,100,99654,100,100978,100,99618,100
2019-06-28 09:59:00.000000000,100089,100,100010,180,100134,180,100009,380,100139,180,99985,180,100220,180,99980,180,100258,100,99972,100,100359,300,99936,100,100620,100,99855,100,100737,100,99671,100,100846,100,99654,100,100978,100,99618,100
2019-06-28 09:59:02.207908473,100089,100,100010,180,100134,180,100009,380,100139,180,99985,180,100220,180,99980,180,100258,100,99972,100,100359,300,99936,100,100620,100,99855,100,100737,100,99671,100,100846,100,99654,100,100978,100,99618,100
2019-06-28 09:59:10.000000000,100089,84,100010,164,100134,164,100009,364,100139,164,99985,164,100220,164,99980,164,100258,164,99972,164,100359,300,99936,100,100620,100,99855,100,100737,100,99671,100,100846,100,99654,100,100978,100,99618,100
2019-06-28 09:59:20.000000000,100089,180,100010,260,100134,260,100009,460,100139,100,99985,100,100220,100,99980,100,100258,100,99972,100,100359,300,99936,100,100620,100,99855,100,100737,100,99671,100,100846,100,99654,100,100978,100,99618,100
2019-06-28 09:59:22.804244309,100089,180,100010,260,100134,260,100009,460,100139,100,99985,100,100220,100,99980,100,100258,100,99972,100,100359,300,99936,100,100620,100,99855,100,100737,100,99671,100,100846,100,99654,100,100978,100,99618,100
2019-06-28 09:59:30.000000000,100089,129,100010,209,100134,206,100009,406,100139,206,99985,206,100220,100,99980,100,100258,100,99972,100,100359,300,99936,100,100620,100,99855,100,100737,100,99671,100,100846,100,99654,100,100978,100,99618,100
2019-06-28 09:59:36.568805309,100089,129,100010,209,100134,206,100009,406,100139,206,99985,206,100220,100,99980,100,100258,100,99972,100,100359,300,99936,100,100620,100,99855,100,100737,100,99671,100,100846,100,99654,100,100978,100,99618,100
2019-06-28 09:59:39.464710097,100089,129,100010,109,100134,206,100009,406,100139,206,99985,206,100220,100,99980,100,100258,100,99972,100,100359,300,99936,100,100620,100,99855,100,100737,100,99671,100,100846,100,99654,100,100978,100,99618,100
2019-06-28 09:59:40.000000000,100089,100,100009,380,100134,180,99985,180,100139,180,99980,180,100220,180,99972,180,100258,100,99936,100,100359,300,99855,100,100620,100,99671,100,100737,100,99654,100,100846,100,99618,100,100978,100,99489,100
2019-06-28 09:59:45.095839634,100067,100,100009,380,100089,100,99985,180,100134,180,99980,180,100139,180,99972,180,100220,180,99936,100,100258,100,99855,100,100359,300,99671,100,100620,100,99654,100,100737,100,99618,100,100846,100,99489,100
2019-06-28 09:59:50.000000000,100067,209,100009,409,100089,126,99985,206,100134,206,99980,206,100139,100,99972,100,100220,100,99936,100,100258,100,99855,100,100359,300,99671,100,100620,100,99654,100,100737,100,99618,100,100846,100,99489,100
2019-06-28 09:59:56.906775863,100067,309,100009,309,100089,126,99985,206,100134,206,99980,206,100139,100,99972,100,100220,100,99936,100,100258,100,99855,100,100359,300,99671,100,100620,100,99654,100,100737,100,99618,100,100846,100,99489,100
2019-06-28 09:59:57.137469808,100067,309,100009,209,100089,126,99985,206,100134,206,99980,206,100139,100,99972,100,100220,100,99936,100,100258,100,99855,100,100359,300,99671,100,100620,100,99654,100,100737,100,99618,100,100846,100,99489,100
2019-06-28 10:00:00.000000000,100067,280,100009,180,100089,100,99985,180,100134,180,99980,180,100139,180,99972,180,100220,100,99936,100,100258,100,99855,100,100359,300,99671,100,100620,100,99654,100,100737,100,99618,100,100846,100,99489,100
2019-06-28 10:00:00.337444791,100010,100,100009,180,100067,280,99985,180,100089,100,99980,180,100134,180,99972,180,100139,180,99936,100,100220,100,99855,100,100258,100,99671,100,100359,300,99654,100,100620,100,99618,100,100737,100,99489,100
2019-06-28 10:00:04.614950939,100010,100,100009,180,100067,280,99985,180,100089,100,99980,180,100134,180,99972,180,100139,180,99936,100,100220,100,99855,100,100258,100,99671,100,100359,300,99654,100,100620,100,99618,100,100737,100,99489,100
2019-06-28 10:00:10.000000000,100010,421,100009,421,100067,200,99985,100,100089,20,99980,100,100134,100,99972,100,100139,100,99936,100,100220,100,99855,100,100258,100,99671,100,100359,300,99654,100,100620,100,99618,100,100737,100,99489,100
2019-06-28 10:00:20.000000000,100010,209,100009,209,100067,306,99985,206,100089,126,99980,206,100134,100,99972,100,100139,100,99936,100,100220,100,99855,100,100258,100,99671,100,100359,300,99654,100,100620,100,99618,100,100737,100,99489,100
2019-06-28 10:00:25.503965442,100010,209,100009,209,100067,306,99985,206,100089,126,99980,206,100134,100,99936,100,100139,100,99855,100,100220,100,99671,100,100258,100,99654,100,100359,300,99618,100,100620,100,99489,100,100737,100,99469,100
2019-06-28 10:00:30.000000000,100010,421,100009,421,100067,200,99985,100,100089,20,99980,100,100134,100,99936,100,100139,100,99855,100,100220,100,99671,100,100258,100,99654,100,100359,300,99618,100,100620,100,99489,100,100737,100,99469,100
2019-06-28 10:00:40.000000000,100010,209,100009,209,100067,306,99985,206,100089,126,99980,206,100134,100,99936,100,100139,100,99855,100,100220,100,99671,100,100258,100,99654,100,100359,300,99618,100,100620,100,99489,100,100737,100,99469,100
2019-06-28 10:00:44.912688635,100010,209,100009,109,100067,306,99985,206,100089,126,99980,206,100134,100,99936,100,100139,100,99855,100,100220,100,99671,100,100258,100,99654,100,100359,300,99618,100,100620,100,99489,100,100737,100,99469,100
2019-06-28 10:00:47.730603819,100010,209,100009,109,100067,306,99985,206,100089,126,99980,206,100134,100,99936,100,100139,100,99855,100,100220,100,99671,100,100258,100,99654,100,100359,300,99618,100,100620,100,99489,100,100737,100,99469,100
2019-06-28 10:00:50.000000000,100010,164,99985,164,100067,264,99980,164,100089,84,99936,164,100134,164,99855,164,100139,164,99671,164,100220,100,99654,100,100258,100,99618,100,100359,300,99489,100,100620,100,99469,100,100737,100,99401,100
2019-06-28 10:00:51.912031605,100010,164,99985,164,100067,264,99980,164,100089,84,99936,164,100134,164,99855,164,100139,164,99671,164,100220,100,99654,100,100258,100,99618,100,100359,300,99489,100,100620,100,99469,100,100737,100,99401,100
2019-06-28 10:01:00.000000000,100010,260,99985,260,100067,360,99980,260,100089,20,99936,100,100134,100,99855,100,100139,100,99671,100,100220,100,99654,100,100258,100,99618,100,100359,300,99489,100,100620,100,99469,100,100737,100,99401,100
2019-06-28 10:01:09.270065346,100010,260,99985,160,100067,360,99980,260,100089,20,99936,100,100134,100,99855,100,100220,100,99671,100,100258,100,99654,100,100359,300,99618,100,100620,100,99489,100,100737,100,99469,100,100978,100,99401,100
2019-06-28 10:01:10.000000000,100010,164,99980,164,100067,264,99936,164,100089,84,99855,164,100134,164,99671,164,100220,164,99654,164,100258,100,99618,100,100359,300,99489,100,100620,100,99469,100,100737,100,99401,100,100978,100,99343,100
2019-06-28 10:01:20.000000000,100010,260,99980,260,100067,360,99936,260,100089,20,99855,100,100134,100,99671,100,100220,100,99654,100,100258,100,99618,100,100359,300,99489,100,100620,100,99469,100,100737,100,99401,100,100978,100,99343,100
2019-06-28 10:01:30.000000000,100010,180,99980,180,100067,280,99936,180,100089,100,99855,180,100134,180,99671,180,100220,100,99654,100,100258,100,99618,100,100359,300,99489,100,100620,100,99469,100,100737,100,99401,100,100978,100,99343,100
2019-06-28 10:01:40.000000000,100010,209,99980,209,100067,306,99936,206,100089,126,99855,206,100134,100,99671,100,100220,100,99654,100,100258,100,99618,100,100359,300,99489,100,100620,100,99469,100,100737,100,99401,100,100978,100,99343,100
2019-06-28 10:01:50.000000000,100010,164,99980,164,100067,264,99936,164,100089,84,99855,164,100134,164,99671,164,100220,164,99654,164,100258,100,99618,100,100359,300,99489,100,100620,100,99469,100,100737,100,99401,100,100978,100,99343,100
2019-06-28 10:02:00.000000000,100010,421,99980,421,100067,200,99936,100,100089,20,99855,100,100134,100,99671,100,100220,100,99654,100,100258,100,99618,100,100359,300,99489,100,100620,100,99469,100,100737,100,99401,100,100978,100,99343,100
2019-06-28 10:02:07.810422932,100010,421,99980,421,100067,200,99936,100,100089,20,99855,100,100134,100,99671,100,100220,100,99654,100,100258,100,99618,100,100359,300,99489,100,100620,100,99469,100,100737,100,99401,100,100978,100,99343,100
2019-06-28 10:02:10.000000000,100010,209,99980,209,100067,306,99936,206,100089,126,99855,206,100134,100,99671,100,100220,100,99654,100,100258,100,99618,100,100359,300,99489,100,100620,100,99469,100,100737,100,99401,100,100978,100,99343,100
2019-06-28 10:02:18.218784185,100010,209,99980,209,100067,306,99936,206,100089,126,99855,206,100134,100,99671,100,100220,100,99654,100,100258,100,99618,100,100359,300,99489,100,100620,100,99469,100,100737,100,99401,100,100978,100,99343,100
2019-06-28 10:02:20.000000000,100010,180,99980,180,100067,280,99936,180,100089,100,99855,180,100134,180,99671,180,100220,100,99654,100,100258,100,99618,100,100359,300,99489,100,100620,100,99469,100,100737,100,99401,100,100978,100,99343,100
2019-06-28 10:02:30.000000000,100010,260,99980,260,100067,360,99936,260,100089,20,99855,100,100134,100,99671,100,100220,100,99654,100,100258,100,99618,100,100359,300,99489,100,100620,100,99469,100,100737,100,99401,100,100978,100,99343,100
2019-06-28 10:02:32.818263118,100010,260,99980,260,100067,360,99936,260,100089,20,99855,100,100134,100,99671,100,100220,100,99654,100,100258,100,99618,100,100359,300,99489,100,100620,100,99469,100,100737,100,99401,100,100995,100,99343,100
2019-06-28 10:02:40.000000000,100010,209,99980,209,100067,306,99936,206,100089,126,99855,206,100134,100,99671,100,100220,100,99654,100,100258,100,99618,100,100359,300,99489,100,100620,100,99469,100,100737,100,99401,100,100995,100,99343,100
2019-06-28 10:02:50.000000000,100010,260,99980,260,100067,360,99936,260,100089,20,99855,100,100134,100,99671,100,100220,100,99654,100,100258,100,99618,100,100359,300,99489,100,100620,100,99469,100,100737,100,99401,100,100995,100,99343,100
2019-06-28 10:02:50.589397895,100010,260,99980,260,100067,360,99936,260,100089,20,99855,100,100134,100,99671,100,100220,100,99654,100,100258,100,99618,100,100359,300,99489,100,100620,100,99469,100,100737,100,99401,100,100995,100,99343,100
2019-06-28 10:03:00.000000000,100010,164,99980,164,100067,264,99936,164,100089,84,99855,164,100134,164,99671,164,100220,164,99654,164,100258,100,99618,100,100359,300,99489,100,100620,100,99469,100,100737,100,99401,100,100995,100,99343,100
2019-06-28 10:03:08.418199098,99980,36,99936,164,100010,164,99855,164,100067,264,99671,164,100089,84,99654,164,100134,164,99618,100,100220,164,99489,100,100258,100,99469,100,100359,300,99401,100,100620,100,99343,100,100737,100,99322,100
2019-06-28 10:03:10.000000000,99980,100,99936,164,100010,164,99855,164,100067,264,99671,164,100089,84,99654,164,100134,164,99618,164,100220,100,99489,100,100258,100,99469,100,100359,300,99401,100,100620,100,99343,100,100737,100,99322,100
2019-06-28 10:03:20.000000000,99980,145,99936,209,100010,206,99855,206,100067,306,99671,206,100089,20,99654,100,100134,100,99618,100,100220,100,99489,100,100258,100,99469,100,100359,300,99401,100,100620,100,99343,100,100737,100,99322,100
2019-06-28 10:03:22.733553804,99980,145,99936,209,100010,206,99855,206,100067,306,99671,206,100089,20,99654,100,100134,100,99618,100,100220,100,99489,100,100258,100,99469,100,100359,300,99401,100,100620,100,99343,100,100737,100,99322,100
2019-06-28 10:03:30.000000000,99980,100,99936,164,100010,164,99855,164,100067,264,99671,164,100089,84,99654,164,100134,164,99618,164,100220,100,99489,100,100258,100,99469,100,100359,300,99401,100,100620,100,99343,100,100737,100,99322,100
2019-06-28 10:03:40.000000000,99980,100,99936,164,100010,164,99855,164,100067,264,99671,164,100089,84,99654,164,100134,164,99618,164,100220,100,99489,100,100258,100,99469,100,100359,300,99401,100,100620,100,99343,100,100737,100,99322,100
2019-06-28 10:03:42.258533204,99980,100,99936,164,99985,100,99855,164,100010,164,99671,164,100067,264,99654,164,100089,84,99618,164,100134,164,99489,100,100220,100,99469,100,100258,100,99401,100,100359,300,99343,100,100620,100,99322,100
2019-06-28 10:03:50.000000000,99980,196,99936,260,99985,260,99855,260,100010,100,99671,100,100067,200,99654,100,100089,20,99618,100,100134,100,99489,100,100220,100,99469,100,100258,100,99401,100,100359,300,99343,100,100620,100,99322,100
2019-06-28 10:04:00.000000000,99980,196,99936,260,99985,260,99855,260,100010,100,99671,100,100067,200,99654,100,100089,20,99618,100,100134,100,99489,100,100220,100,99469,100,100258,100,99401,100,100359,300,99343,100,100620,100,99322,100
2019-06-28 10:04:03.716835234,99980,196,99936,160,99985,260,99855,260,100010,100,99671,100,100067,200,99654,100,100089,20,99618,100,100134,100,99489,100,100220,100,99469,100,100258,100,99343,100,100359,300,99322,100,100620,100,99230,100
2019-06-28 10:04:06.029784133,99980,196,99936,160,99985,260,99855,260,100010,100,99671,100,100067,200,99654,100,100089,20,99618,100,100134,100,99489,100,100220,100,99469,100,100258,100,99343,100,100359,300,99230,100,100620,100,99181,100
2019-06-28 10:04:10.000000000,99980,196,99855,260,99985,260,99671,260,100010,100,99654,100,100067,200,99618,100,100089,20,99489,100,100134,100,99469,100,100220,100,99343,100,100258,100,99230,100,100359,300,99181,100,100620,100,98965,100
2019-06-28 10:04:13.578587993,99980,196,99855,160,99985,260,99671,260,100010,100,99654,100,100067,200,99618,100,100089,20,99489,100,100134,100,99469,100,100220,100,99343,100,100258,100,99230,100,100359,300,99181,100,100620,100,98965,100
2019-06-28 10:04:20.000000000,99980,145,99671,209,99985,206,99654,206,100010,206,99618,206,100067,200,99489,100,100089,20,99469,100,100134,100,99343,100,100220,100,99230,100,100258,100,99181,100,100359,300,98965,100,100620,100,98251,100
2019-06-28 10:04:30.000000000,99980,145,99671,209,99985,206,99654,206,100010,206,99618,206,100067,200,99489,100,100089,20,99469,100,100134,100,99343,100,100220,100,99230,100,100258,100,99181,100,100359,300,98965,100,100620,100,98251,100
2019-06-28 10:04:40.000000000,99980,145,99671,209,99985,206,99654,206,100010,206,99618,206,100067,200,99489,100,100089,20,99469,100,100134,100,99343,100,100220,100,99230,100,100258,100,99181,100,100359,300,98965,100,100620,100,98251,100
2019-06-28 10:04:50.000000000,99980,357,99671,421,99985,100,99654,100,100010,100,99618,100,100067,200,99489,100,100089,20,99469,100,100134,100,99343,100,100220,100,99230,100,100258,100,99181,100,100359,300,98965,100,100620,100,98251,100
2019-06-28 10:05:00.000000000,99980,145,99671,209,99985,206,99654,206,100010,206,99618,206,100067,200,99489,100,100089,20,99469,100,100134,100,99343,100,100220,100,99230,100,100258,100,99181,100,100359,300,98965,100,100620,100,98251,100
2019-06-28 10:05:10.000000000,99980,196,99671,260,99985,260,99654,260,100010,100,99618,100,100067,200,99489,100,100089,20,99469,100,100134,100,99343,100,100220,100,99230,100,100258,100,99181,100,100359,300,98965,100,100620,100,98251,100
2019-06-28 10:05:12.335792458,99980,196,99671,260,99985,260,99654,260,100010,100,99618,100,100067,200,99489,100,100089,20,99469,100,100134,100,99343,100,100220,100,99181,100,100258,100,98965,100,100359,300,98765,100,100620,100,98251,100
2019-06-28 10:05:20.000000000,99980,196,99671,260,99985,260,99654,260,100010,100,99618,100,100067,200,99489,100,100089,20,99469,100,100134,100,99343,100,100220,100,99181,100,100258,100,98965,100,100359,300,98765,100,100620,100,98251,100
2019-06-28 10:05:22.470305315,99980,196,99671,260,99985,260,99654,260,100010,100,99618,100,100067,200,99489,100,100089,20,99469,100,100134,100,99343,100,100220,100,99181,100,100258,100,98965,100,100359,300,98765,100,100620,100,98447,100
2019-06-28 10:05:30.000000000,99980,100,99671,164,99985,164,99654,164,100010,164,99618,164,100067,264,99489,164,100089,84,99469,164,100134,100,99343,100,100220,100,99181,100,100258,100,98965,100,100359,300,98765,100,100620,100,98447,100
2019-06-28 10:05:39.462159723,99980,100,99671,164,99985,164,99654,164,100010,164,99618,164,100067,264,99489,164,100089,84,99469,164,100220,100,99343,100,100258,100,99181,100,100359,300,98965,100,100620,100,98765,100,100737,100,98613,100
2019-06-28 10:05:40.000000000,99980,196,99671,260,99985,260,99654,260,100010,100,99618,100,100067,200,99489,100,100089,20,99469,100,100220,100,99343,100,100258,100,99181,100,100359,300,98965,100,100620,100,98765,100,100737,100,98613,100
2019-06-28 10:05:50.000000000,99980,357,99671,421,99985,100,99654,100,100010,100,99618,100,100067,200,99489,100,100089,20,99469,100,100220,100,99343,100,100258,100,99181,100,100359,300,98965,100,100620,100,98765,100,100737,100,98613,100
2019-06-28 10:06:00.000000000,99980,100,99671,164,99985,164,99654,164,100010,164,99618,164,100067,264,99489,164,100089,84,99469,164,100220,100,99343,100,100258,100,99181,100,100359,300,98965,100,100620,100,98765,100,100737,100,98613,100
2019-06-28 10:06:10.000000000,99980,196,99671,260,99985,260,99654,260,100010,100,99618,100,100067,200,99489,100,100089,20,99469,100,100220,100,99343,100,100258,100,99181,100,100359,300,98965,100,100620,100,98765,100,100737,100,98613,100
2019-06-28 10:06:20.000000000,99980,145,99671,209,99985,206,99654,206,100010,206,99618,206,100067,200,99489,100,100089,20,99469,100,100220,100,99343,100,100258,100,99181,100,100359,300,98965,100,100620,100,98765,100,100737,100,98613,100
2019-06-28 10:06:30.000000000,99980,145,99671,209,99985,206,99654,206,100010,206,99618,206,100067,200,99489,100,100089,20,99469,100,100220,100,99343,100,100258,100,99181,100,100359,300,98965,100,100620,100,98765,100,100737,100,98613,100
2019-06-28 10:06:31.087976901,99980,145,99671,209,99985,206,99654,206,100010,206,99618,206,100067,100,99489,100,100089,20,99469,100,100220,100,99343,100,100258,100,99181,100,100359,300,98965,100,100620,100,98765,100,100737,100,98613,100
2019-06-28 10:06:37.492431118,99980,145,99671,209,99985,206,99654,206,100010,206,99618,206,100067,100,99489,100,100089,20,99469,100,100220,100,99343,100,100258,100,99181,100,100359,300,98965,100,100620,100,98765,100,100737,100,98613,100
2019-06-28 10:06:40.000000000,99980,196,99671,260,99985,260,99654,260,100010,100,99618,100,100067,100,99489,100,100089,20,99469,100,100220,100,99343,100,100258,100,99181,100,100359,300,98965,100,100620,100,98765,100,100737,100,98613,100
