,ask_price_1,ask_size_1,bid_price_1,bid_size_1,ask_price_2,ask_size_2,bid_price_2,bid_size_2,ask_price_3,ask_size_3,bid_price_3,bid_size_3,ask_price_4,ask_size_4,bid_price_4,bid_size_4,ask_price_5,ask_size_5,bid_price_5,bid_size_5,ask_price_6,ask_size_6,bid_price_6,bid_size_6,ask_price_7,ask_size_7,bid_price_7,bid_size_7,ask_price_8,ask_size_8,bid_price_8,bid_size_8,ask_price_9,ask_size_9,bid_price_9,bid_size_9,ask_price_10,ask_size_10,bid_price_10,bid_size_10
2019-06-28 09:30:00.000000002,,,99865,100,,,,,,,,,,,,,,,,,,,,,,,,,,,,,,,,,,,,
2019-06-28 09:30:00.000000003,99995,100,99865,100,100052,100,,,,,,,,,,,,,,,,,,,,,,,,,,,,,,,,,,
2019-06-28 09:30:00.000000004,99995,100,99865,100,100052,100,,,100060,100,,,,,,,,,,,,,,,,,,,,,,,,,,,,,,
2019-06-28 09:30:00.000000007,100052,100,99865,100,100060,100,,,,,,,,,,,,,,,,,,,,,,,,,,,,,,,,,,
2019-06-28 09:30:00.000000009,99992,100,99865,100,100052,100,,,100060,100,,,,,,,,,,,,,,,,,,,,,,,,,,,,,,
2019-06-28 09:30:00.000000010,99992,100,99964,100,100052,100,99865,100,100060,100,,,100128,100,,,,,,,,,,,,,,,,,,,,,,,,,,
2019-06-28 09:30:00.000000011,99992,100,99964,100,100052,100,99865,100,100060,100,,,100091,100,,,100128,100,,,100180,100,,,,,,,,,,,,,,,,,,
2019-06-28 09:30:00.000000014,99987,100,99964,100,99992,100,99865,100,100052,100,,,100060,100,,,100091,100,,,100098,100,,,100128,100,,,100180,100,,,,,,,,,,
2019-06-28 09:30:00.000000015,99987,100,99964,100,99992,100,99865,100,100052,200,,,100060,100,,,100091,100,,,100098,100,,,100128,100,,,100180,100,,,,,,,,,,
2019-06-28 09:30:00.000000016,99987,100,99964,100,99992,100,99865,100,100010,100,99751,100,100052,200,,,100060,100,,,100088,100,,,100091,100,,,100098,100,,,100128,100,,,100180,100,,
2019-06-28 09:30:00.000000017,99987,100,99964,100,99992,100,99916,100,100010,100,99865,100,100052,200,99751,100,100060,100,,,100088,100,,,100091,100,,,100098,100,,,100128,100,,,100180,100,,
2019-06-28 09:30:00.000000019,99992,100,99964,100,100010,100,99916,100,100052,200,99865,100,100060,100,99751,100,100088,100,,,100091,100,,,100098,100,,,100128,100,,,100180,100,,,,,,
2019-06-28 09:30:00.000000021,99992,100,99964,100,100010,100,99916,100,100022,100,99865,100,100052,200,99751,100,100060,100,,,100088,100,,,100091,100,,,100098,100,,,100128,100,,,100180,100,,
2019-06-28 09:30:00.000000027,99992,100,99964,100,100010,100,99932,100,100022,100,99924,100,100052,200,99916,100,100060,100,99865,100,100088,100,99751,100,100091,100,,,100098,100,,,100128,100,,,100180,100,,
2019-06-28 09:30:00.000000028,99992,100,99982,100,100010,100,99964,100,100022,100,99932,100,100052,200,99924,100,100060,100,99916,100,100088,100,99865,100,100091,100,99751,100,100098,100,,,100128,100,,,100180,100,,
2019-06-28 09:30:00.000000030,99992,100,99982,100,100010,100,99964,100,100022,100,99932,100,100046,100,99924,100,100052,200,99916,100,100060,100,99865,100,100088,100,99751,100,100091,100,,,100098,100,,,100128,100,,
2019-06-28 09:30:00.000000035,100010,100,99982,100,100022,100,99964,100,100046,100,99932,100,100052,200,99924,100,100060,100,99916,100,100088,100,99865,100,100091,100,99751,100,100098,100,,,100128,100,,,100180,100,,
2019-06-28 09:30:00.000000036,99992,100,99982,100,100010,100,99964,100,100022,100,99932,100,100046,100,99924,100,100052,200,99916,100,100060,100,99865,100,100088,100,99751,100,100091,200,,,100098,100,,,100128,100,,
2019-06-28 09:30:00.000000037,99992,200,99982,100,100010,100,99964,100,100022,100,99932,100,100046,100,99924,100,100052,200,99916,100,100060,100,99865,100,100088,100,99751,100,100091,200,,,100098,100,,,100128,100,,
2019-06-28 09:30:00.000000038,99992,200,99982,100,100010,100,99964,100,100022,100,99932,100,100046,100,99924,100,100052,200,99916,100,100060,100,99865,100,100088,100,99751,100,100091,200,,,100098,100,,,100101,100,,
2019-06-28 09:30:00.000000039,99992,100,99982,100,100010,100,99964,100,100022,100,99932,100,100046,100,99924,100,100052,200,99916,100,100054,100,99865,100,100060,100,99751,100,100088,100,,,100091,200,,,100098,100,,
2019-06-28 09:30:00.000000041,100010,100,99982,100,100022,100,99964,100,100046,100,99932,100,100052,200,99924,100,100054,100,99916,100,100060,100,99865,100,100088,100,99751,100,100091,200,,,100098,100,,,100101,100,,
2019-06-28 09:30:00.000000042,100003,100,99982,100,100010,100,99964,100,100022,100,99932,100,100046,100,99924,100,100052,200,99916,100,100054,100,99865,100,100060,100,99751,100,100088,100,,,100091,200,,,100098,100,,
2019-06-28 09:30:00.000000044,100003,100,99982,100,100010,100,99964,100,100022,100,99932,100,100046,100,99924,100,100052,200,99916,100,100054,100,99865,100,100060,100,99751,100,100088,100,,,100091,200,,,100098,100,,
2019-06-28 09:30:00.000000045,100003,100,99982,100,100010,100,99969,100,100022,100,99964,100,100046,100,99932,100,100052,200,99924,100,100054,100,99916,100,100060,100,99865,100,100088,100,99751,100,100091,200,,,100098,100,,
2019-06-28 09:30:00.000000048,100010,100,99982,100,100022,100,99969,100,100046,100,99964,100,100052,200,99932,100,100054,100,99924,100,100060,100,99916,100,100088,100,99865,100,100091,200,99751,100,100098,100,,,100101,100,,
2019-06-28 09:30:00.000000049,100010,100,99992,100,100022,100,99982,100,100046,100,99969,100,100052,200,99964,100,100054,100,99932,100,100060,100,99924,100,100088,100,99916,100,100091,200,99865,100,100098,100,99751,100,100101,100,,
2019-06-28 09:30:00.000000053,100010,100,99992,100,100022,100,99982,100,100046,100,99978,100,100052,200,99969,100,100054,100,99964,100,100060,100,99932,100,100088,100,99924,100,100091,200,99916,100,100098,100,99865,100,100101,100,99751,100
2019-06-28 09:30:00.000000057,100010,100,99982,100,100022,100,99978,100,100046,100,99969,100,100052,200,99964,100,100054,100,99932,100,100060,100,99924,100,100062,100,99916,100,100088,100,99865,100,100091,200,99751,100,100098,100,,
2019-06-28 09:30:00.000000058,100022,100,99982,100,100046,100,99978,100,100052,200,99969,100,100054,100,99964,100,100060,100,99957,100,100062,100,99932,100,100088,100,99924,100,100091,200,99916,100,100098,100,99865,100,100101,100,99751,100
2019-06-28 09:30:00.000000060,100022,100,99982,100,100046,100,99978,100,100052,200,99969,100,100054,100,99964,100,100060,100,99957,100,100062,100,99932,100,100088,100,99924,100,100091,200,99916,100,100098,100,99895,100,100101,100,99865,100
2019-06-28 09:30:00.000000061,100046,100,99982,100,100052,200,99978,100,100054,100,99969,100,100060,100,99964,100,100062,100,99957,100,100088,100,99932,100,100091,200,99924,100,100098,100,99916,100,100101,100,99895,100,100120,100,99877,100
2019-06-28 09:30:00.000000062,100046,100,99982,100,100052,200,99979,100,100054,100,99978,100,100060,100,99969,100,100062,100,99964,100,100088,100,99957,100,100091,200,99932,100,100098,100,99924,100,100101,100,99916,100,100120,100,99895,100
2019-06-28 09:30:00.000000074,100046,100,99979,100,100052,200,99978,100,100054,100,99969,100,100060,100,99964,100,100062,100,99957,100,100088,100,99932,100,100091,200,99924,100,100098,100,99916,100,100101,100,99895,100,100120,100,99877,100
2019-06-28 09:30:00.000000076,100022,100,100000,100,100046,100,99979,100,100052,200,99978,100,100054,200,99969,100,100060,100,99964,100,100062,100,99957,100,100088,100,99932,100,100091,200,99924,100,100098,100,99916,100,100101,100,99895,100
2019-06-28 09:30:00.000000077,100022,200,100000,100,100046,100,99979,100,100052,200,99978,100,100054,200,99969,100,100060,100,99964,100,100062,100,99957,100,100088,100,99932,100,100091,200,99924,100,100098,100,99916,100,100101,100,99895,100
2019-06-28 09:30:00.000000078,100022,200,100000,100,100046,100,99979,100,100052,200,99978,100,100054,200,99969,100,100060,100,99964,100,100062,100,99957,100,100088,100,99932,100,100091,200,99924,100,100098,100,99916,100,100101,100,99898,100
2019-06-28 09:30:00.000000080,100022,200,100000,100,100046,100,99979,100,100052,200,99978,100,100054,200,99969,200,100060,100,99964,100,100062,100,99957,100,100088,100,99932,100,100091,200,99924,100,100098,100,99916,100,100101,100,99898,100
2019-06-28 09:30:00.000000081,100022,300,100000,100,100046,100,99979,100,100052,200,99978,100,100054,200,99969,200,100060,100,99964,100,100062,100,99957,100,100088,100,99932,100,100091,200,99924,100,100098,100,99917,100,100101,100,99916,100
2019-06-28 09:30:00.000000084,100022,300,99979,100,100046,100,99978,100,100052,200,99969,200,100054,200,99964,100,100060,100,99957,100,100062,100,99932,100,100088,100,99924,100,100091,200,99917,100,100098,100,99916,100,100101,100,99898,100
2019-06-28 09:30:00.000000092,100022,300,99982,200,100046,100,99979,100,100052,200,99978,100,100054,200,99969,200,100060,100,99964,100,100062,100,99957,100,100088,100,99932,100,100091,200,99924,100,100098,100,99917,100,100101,100,99916,100
2019-06-28 09:30:00.000000093,99998,100,99982,200,100022,300,99979,100,100046,100,99978,100,100052,200,99969,200,100054,200,99964,100,100060,100,99957,100,100062,100,99932,100,100088,100,99924,100,100091,200,99917,100,100098,100,99916,100
2019-06-28 09:30:00.000000094,99998,100,99982,200,100022,300,99979,100,100046,100,99978,100,100052,200,99969,200,100054,200,99964,100,100060,100,99957,100,100062,100,99934,100,100088,100,99932,100,100091,200,99924,100,100098,100,99917,100
2019-06-28 09:30:00.000000095,99998,100,99982,200,100000,100,99979,100,100022,300,99978,100,100046,100,99969,200,100052,200,99964,100,100054,200,99957,100,100060,100,99934,100,100062,100,99932,100,100088,100,99924,100,100091,200,99917,100
2019-06-28 09:30:00.000000097,99998,100,99982,300,100000,100,99979,100,100022,300,99978,100,100046,100,99969,200,100052,200,99964,100,100054,200,99957,100,100060,100,99934,100,100062,100,99932,100,100088,100,99924,100,100091,200,99917,100
2019-06-28 09:30:10.000000000,99998,180,99982,380,100000,180,99979,180,100022,380,99978,180,100046,180,99969,280,100052,280,99964,180,100054,200,99957,100,100060,100,99934,100,100062,100,99932,100,100088,100,99924,100,100091,200,99917,100
2019-06-28 09:30:20.000000000,99998,502,99982,702,100000,100,99979,100,100022,300,99978,100,100046,100,99969,200,100052,200,99964,100,100054,200,99957,100,100060,100,99934,100,100062,100,99932,100,100088,100,99924,100,100091,200,99917,100
2019-06-28 09:30:27.486179067,99998,502,99982,702,100000,100,99979,100,100022,300,99978,100,100046,100,99969,200,100052,200,99964,100,100054,200,99957,100,100060,100,99934,100,100062,100,99932,100,100088,100,99924,100,100091,200,99917,100
2019-06-28 09:30:30.000000000,99998,180,99982,380,100000,180,99979,180,100022,380,99978,180,100046,180,99969,280,100052,280,99964,180,100054,200,99957,100,100060,100,99934,100,100062,100,99932,100,100088,100,99924,100,100091,200,99917,100
2019-06-28 09:30:30.049856187,99998,180,99982,280,100000,180,99979,180,100022,380,99978,180,100046,180,99969,280,100052,280,99964,180,100054,200,99957,100,100060,100,99934,100,100062,100,99932,100,100088,100,99924,100,100091,200,99917,100
2019-06-28 09:30:31.604494086,99998,180,99982,380,100000,180,99979,180,100022,380,99978,180,100046,180,99969,280,100052,280,99964,180,100054,200,99957,100,100060,100,99934,100,100062,100,99932,100,100088,100,99924,100,100091,200,99917,100
2019-06-28 09:30:36.890505792,99998,180,99982,380,100000,180,99979,180,100022,380,99978,180,100046,180,99969,280,100052,280,99964,180,100054,200,99957,100,100060,100,99934,100,100062,100,99932,100,100088,100,99924,100,100091,100,99917,100
2019-06-28 09:30:40.000000000,99998,237,99982,437,100000,233,99979,233,100022,433,99978,233,100046,100,99969,200,100052,200,99964,100,100054,200,99957,100,100060,100,99934,100,100062,100,99932,100,100088,100,99924,100,100091,100,99917,100
2019-06-28 09:30:41.259991817,99998,137,99982,437,100000,233,99979,233,100022,433,99978,233,100046,100,99969,200,100052,200,99964,100,100054,200,99957,100,100060,100,99934,100,100062,100,99932,100,100088,100,99924,100,100091,100,99917,100
2019-06-28 09:30:46.440166608,99998,37,99982,437,100000,233,99979,233,100022,433,99978,233,100046,100,99969,200,100052,200,99964,100,100054,200,99957,100,100060,100,99934,100,100062,100,99932,100,100088,100,99917,100,100091,100,99916,100
2019-06-28 09:30:47.726528506,100000,233,99998,63,100022,433,99982,437,100046,100,99979,233,100052,200,99978,233,100054,200,99969,200,100060,100,99964,100,100062,100,99957,100,100088,100,99934,100,100091,100,99932,100,100098,100,99917,100
2019-06-28 09:30:50.000000000,100000,301,99998,264,100022,501,99982,501,100046,100,99979,100,100052,200,99978,100,100054,200,99969,200,100060,100,99964,100,100062,100,99957,100,100088,100,99934,100,100091,100,99932,100,100098,100,99917,100
2019-06-28 09:31:00.000000000,100000,237,99998,200,100022,433,99982,433,100046,233,99979,233,100052,200,99978,100,100054,200,99969,200,100060,100,99964,100,100062,100,99957,100,100088,100,99934,100,100091,100,99932,100,100098,100,99917,100
2019-06-28 09:31:02.813994630,100000,137,99998,200,100022,433,99982,433,100046,233,99979,233,100052,200,99978,100,100054,200,99969,200,100060,100,99964,100,100062,100,99957,100,100088,100,99934,100,100091,100,99932,100,100098,100,99917,100
2019-06-28 09:31:10.000000000,100022,380,99998,143,100046,180,99982,380,100052,280,99979,180,100054,280,99978,180,100060,180,99969,280,100062,100,99964,100,100088,100,99957,100,100091,100,99934,100,100098,100,99932,100,100101,100,99917,100
2019-06-28 09:31:15.119094183,100022,380,99998,143,100046,180,99982,380,100052,280,99979,180,100054,280,99978,180,100060,180,99969,280,100062,100,99964,100,100088,100,99957,100,100091,100,99934,100,100098,100,99932,100,100101,100,99917,100
2019-06-28 09:31:18.759926974,100022,380,99998,143,100046,180,99982,380,100052,280,99979,180,100054,280,99978,180,100060,180,99969,280,100062,100,99964,100,100088,100,99957,100,100091,100,99934,100,100098,100,99932,100,100101,100,99917,100
2019-06-28 09:31:20.000000000,100022,380,99998,143,100046,180,99982,380,100052,280,99979,180,100054,280,99978,180,100060,180,99969,280,100062,100,99964,100,100088,100,99957,100,100091,100,99934,100,100098,100,99932,100,100101,100,99917,100
2019-06-28 09:31:26.866840169,100022,280,99998,143,100046,180,99982,380,100052,280,99979,180,100054,280,99978,180,100060,180,99969,280,100062,100,99964,100,100088,100,99957,100,100091,100,99934,100,100098,100,99932,100,100101,100,99917,100
2019-06-28 09:31:30.000000000,100022,602,99998,465,100046,100,99982,300,100052,200,99979,100,100054,200,99978,100,100060,100,99969,200,100062,100,99964,100,100088,100,99957,100,100091,100,99934,100,100098,100,99932,100,100101,100,99917,100
2019-06-28 09:31:40.000000000,100022,300,99998,163,100046,200,99982,400,100052,300,99979,200,100054,300,99978,200,100060,100,99969,200,100062,100,99964,100,100088,100,99957,100,100091,100,99934,100,100098,100,99932,100,100101,100,99917,100
2019-06-28 09:31:50.000000000,100022,337,99998,200,100046,233,99982,433,100052,333,99979,233,100054,200,99978,100,100060,100,99969,200,100062,100,99964,100,100088,100,99957,100,100091,100,99934,100,100098,100,99932,100,100101,100,99917,100
2019-06-28 09:31:56.835064101,100022,337,100017,100,100046,233,99998,200,100052,333,99982,433,100054,200,99979,233,100060,100,99978,100,100062,100,99969,200,100088,100,99964,100,100091,100,99957,100,100098,100,99934,100,100101,100,99932,100
2019-06-28 09:32:00.000000000,100022,280,100017,180,100046,180,99998,143,100052,280,99982,380,100054,280,99979,180,100060,180,99978,180,100062,100,99969,200,100088,100,99964,100,100091,100,99957,100,100098,100,99934,100,100101,100,99932,100
2019-06-28 09:32:10.000000000,100022,337,100017,237,100046,233,99998,196,100052,333,99982,433,100054,200,99979,100,100060,100,99978,100,100062,100,99969,200,100088,100,99964,100,100091,100,99957,100,100098,100,99934,100,100101,100,99932,100
2019-06-28 09:32:17.681065504,100022,337,100017,237,100046,233,99998,196,100052,333,99982,433,100054,200,99979,100,100060,100,99978,100,100062,100,99969,200,100091,100,99964,100,100098,100,99957,100,100101,100,99934,100,100128,100,99932,100
2019-06-28 09:32:20.000000000,100022,401,100017,301,100046,301,99998,264,100052,200,99982,300,100054,200,99979,100,100060,100,99978,100,100062,100,99969,200,100091,100,99964,100,100098,100,99957,100,100101,100,99934,100,100128,100,99932,100
2019-06-28 09:32:25.240598445,100022,301,100017,301,100046,301,99998,264,100052,200,99982,300,100054,200,99979,100,100060,100,99978,100,100062,100,99969,200,100091,100,99964,100,100098,100,99957,100,100101,100,99934,100,100128,100,99932,100
2019-06-28 09:32:30.000000000,100022,301,100017,301,100046,301,99998,264,100052,200,99982,300,100054,200,99979,100,100060,100,99978,100,100062,100,99969,200,100091,100,99964,100,100098,100,99957,100,100101,100,99934,100,100128,100,99932,100
2019-06-28 09:32:31.283644914,100022,201,100017,301,100046,301,99998,264,100052,200,99982,300,100054,200,99979,100,100060,100,99978,100,100062,100,99969,200,100091,100,99964,100,100098,100,99957,100,100101,100,99934,100,100128,100,99932,100
2019-06-28 09:32:32.767522670,100022,201,100017,301,100046,301,99998,264,100052,200,99982,300,100054,200,99979,100,100060,100,99978,100,100062,100,99969,200,100091,100,99964,100,100098,100,99957,100,100101,100,99934,100,100128,100,99932,100
2019-06-28 09:32:39.179960710,100022,101,100017,301,100046,301,99998,264,100052,200,99982,300,100054,200,99979,100,100060,100,99978,100,100062,100,99969,200,100091,100,99964,100,100098,100,99957,100,100101,100,99934,100,100128,100,99932,100
2019-06-28 09:32:40.000000000,100046,237,100017,237,100052,333,99998,196,100054,333,99982,433,100060,100,99979,100,100062,100,99978,100,100091,100,99969,200,100098,100,99964,100,100101,100,99957,100,100128,100,99934,100,100138,100,99932,100
2019-06-28 09:32:50.000000000,100046,237,100017,237,100052,333,99998,196,100054,333,99982,433,100060,100,99979,100,100062,100,99978,100,100091,100,99969,200,100098,100,99964,100,100101,100,99957,100,100128,100,99934,100,100138,100,99932,100
2019-06-28 09:33:00.000000000,100046,180,100017,180,100052,280,99998,143,100054,280,99982,380,100060,180,99979,180,100062,180,99978,180,100091,100,99969,200,100098,100,99964,100,100101,100,99957,100,100128,100,99934,100,100138,100,99932,100
2019-06-28 09:33:03.891926154,100046,80,100017,180,100052,280,99998,143,100054,280,99982,380,100060,180,99979,180,100062,180,99978,80,100091,100,99969,200,100098,100,99964,100,100101,100,99957,100,100128,100,99934,100,100138,100,99932,100
2019-06-28 09:33:07.069284899,100046,80,100017,180,100052,280,99998,143,100054,280,99982,280,100060,180,99979,180,100062,180,99978,80,100091,100,99969,200,100098,100,99964,100,100101,100,99957,100,100128,100,99934,100,100138,100,99932,100
2019-06-28 09:33:10.000000000,100052,280,100017,180,100054,280,99998,143,100060,180,99982,280,100062,180,99979,180,100091,180,99969,280,100098,100,99964,100,100101,100,99957,100,100128,100,99934,100,100138,100,99932,100,100187,100,99917,100
2019-06-28 09:33:18.707176733,100052,180,100017,180,100054,280,99998,143,100060,180,99982,280,100062,180,99979,180,100091,180,99969,280,100098,100,99964,100,100101,100,99957,100,100128,100,99934,100,100187,100,99932,100,100432,100,99917,100
2019-06-28 09:33:20.000000000,100052,180,100017,180,100054,280,99998,143,100060,180,99982,280,100062,180,99979,180,100091,180,99969,280,100098,100,99964,100,100101,100,99957,100,100128,100,99934,100,100187,100,99932,100,100432,100,99917,100
2019-06-28 09:33:30.000000000,100052,502,100017,502,100054,200,99998,63,100060,100,99982,200,100062,100,99979,100,100091,100,99969,200,100098,100,99964,100,100101,100,99957,100,100128,100,99934,100,100187,100,99932,100,100432,100,99917,100
2019-06-28 09:33:40.000000000,100052,180,100017,180,100054,280,99998,143,100060,180,99982,280,100062,180,99979,180,100091,180,99969,280,100098,100,99964,100,100101,100,99957,100,100128,100,99934,100,100187,100,99932,100,100432,100,99917,100
2019-06-28 09:33:49.701969148,100052,180,100017,180,100054,280,99998,143,100060,180,99982,280,100062,180,99979,180,100091,180,99969,280,100098,100,99964,100,100101,100,99957,100,100128,100,99934,100,100187,100,99932,100,100432,100,99917,100
2019-06-28 09:33:50.000000000,100052,200,100017,200,100054,300,99998,163,100060,200,99982,300,100062,200,99979,200,100091,100,99969,200,100098,100,99964,100,100101,100,99957,100,100128,100,99934,100,100187,100,99932,100,100432,100,99917,100
2019-06-28 09:33:53.676856275,100052,100,100017,200,100054,300,99998,163,100060,200,99982,300,100062,200,99979,200,100091,100,99969,200,100098,100,99964,100,100101,100,99957,100,100128,100,99934,100,100187,100,99932,100,100432,100,99917,100
2019-06-28 09:34:00.000000000,100054,300,100017,200,100060,200,99998,163,100062,200,99982,300,100091,200,99979,200,100098,100,99969,200,100101,100,99964,100,100128,100,99957,100,100187,100,99934,100,100432,100,99932,100,100522,100,99917,100
2019-06-28 09:34:06.188051805,100054,200,100017,200,100060,200,99998,163,100062,200,99982,300,100091,200,99979,200,100098,100,99969,200,100101,100,99964,100,100128,100,99957,100,100187,100,99934,100,100432,100,99932,100,100522,100,99917,100
2019-06-28 09:34:10.000000000,100054,502,100017,502,100060,100,99998,63,100062,100,99982,200,100091,100,99979,100,100098,100,99969,200,100101,100,99964,100,100128,100,99957,100,100187,100,99934,100,100432,100,99932,100,100522,100,99917,100
2019-06-28 09:34:20.000000000,100054,301,100017,301,100060,301,99998,264,100062,100,99982,200,100091,100,99979,100,100098,100,99969,200,100101,100,99964,100,100128,100,99957,100,100187,100,99934,100,100432,100,99932,100,100522,100,99917,100
2019-06-28 09:34:24.453642368,100054,201,100017,301,100060,301,99998,264,100062,100,99982,200,100091,100,99979,100,100098,100,99969,200,100101,100,99964,100,100128,100,99957,100,100187,100,99934,100,100432,100,99932,100,100522,100,99917,100
2019-06-28 09:34:30.000000000,100060,237,100017,237,100062,233,99998,196,100091,233,99982,333,100098,100,99979,100,100101,100,99969,200,100128,100,99964,100,100187,100,99957,100,100432,100,99934,100,100522,100,99932,100,100526,100,99917,100
2019-06-28 09:34:40.000000000,100060,237,100017,237,100062,233,99998,196,100091,233,99982,333,100098,100,99979,100,100101,100,99969,200,100128,100,99964,100,100187,100,99957,100,100432,100,99934,100,100522,100,99932,100,100526,100,99917,100
2019-06-28 09:34:47.239319478,100060,237,100028,100,100062,233,100017,237,100091,233,99998,196,100098,100,99982,333,100101,100,99979,100,100128,100,99969,200,100187,100,99964,100,100432,100,99957,100,100522,100,99934,100,100526,100,99932,100
2019-06-28 09:34:50.000000000,100060,301,100028,301,100062,301,100017,301,100091,100,99998,63,100098,100,99982,200,100101,100,99979,100,100128,100,99969,200,100187,100,99964,100,100432,100,99957,100,100522,100,99934,100,100526,100,99932,100
2019-06-28 09:34:56.185249212,100060,301,100028,201,100062,301,100017,301,100091,100,99998,63,100098,100,99982,200,100101,100,99979,100,100128,100,99969,200,100187,100,99964,100,100432,100,99957,100,100522,100,99934,100,100526,100,99932,100
2019-06-28 09:35:00.000000000,100060,180,100017,180,100062,180,99998,143,100091,180,99982,280,100098,180,99979,180,100101,180,99969,280,100128,100,99964,100,100187,100,99957,100,100432,100,99934,100,100522,100,99932,100,100526,100,99917,100
2019-06-28 09:35:10.000000000,100060,180,100017,180,100062,180,99998,143,100091,180,99982,280,100098,180,99979,180,100101,180,99969,280,100128,100,99964,100,100187,100,99957,100,100432,100,99934,100,100522,100,99932,100,100526,100,99917,100
2019-06-28 09:35:14.948896622,100060,180,100017,180,100062,180,99998,143,100091,180,99982,280,100098,180,99979,180,100101,180,99969,280,100128,100,99964,100,100432,100,99957,100,100522,100,99934,100,100526,100,99932,100,,,99917,100
2019-06-28 09:35:15.664313855,100060,180,100017,80,100062,180,99998,143,100091,180,99982,280,100098,180,99979,180,100101,180,99969,180,100128,100,99964,100,100432,100,99957,100,100522,100,99934,100,100526,100,99932,100,,,99917,100
2019-06-28 09:35:20.000000000,100060,200,99998,163,100062,200,99982,300,100091,200,99979,200,100098,200,99969,200,100101,100,99964,100,100128,100,99957,100,100432,100,99934,100,100522,100,99932,100,100526,100,99917,100,,,99895,100
2019-06-28 09:35:30.000000000,100060,502,99998,465,100062,100,99982,200,100091,100,99979,100,100098,100,99969,100,100101,100,99964,100,100128,100,99957,100,100432,100,99934,100,100522,100,99932,100,100526,100,99917,100,,,99895,100
2019-06-28 09:35:40.000000000,100060,301,99998,264,100062,301,99982,401,100091,100,99979,100,100098,100,99969,100,100101,100,99964,100,100128,100,99957,100,100432,100,99934,100,100522,100,99932,100,100526,100,99917,100,,,99895,100
2019-06-28 09:35:50.000000000,100060,502,99998,465,100062,100,99982,200,100091,100,99979,100,100098,100,99969,100,100101,100,99964,100,100128,100,99957,100,100432,100,99934,100,100522,100,99932,100,100526,100,99917,100,,,99895,100
2019-06-28 09:36:00.000000000,100060,200,99998,163,100062,200,99982,300,100091,200,99979,200,100098,200,99969,200,100101,100,99964,100,100128,100,99957,100,100432,100,99934,100,100522,100,99932,100,100526,100,99917,100,,,99895,100
2019-06-28 09:36:10.000000000,100060,237,99998,200,100062,233,99982,333,100091,233,99979,233,100098,100,99969,100,100101,100,99964,100,100128,100,99957,100,100432,100,99934,100,100522,100,99932,100,100526,100,99917,100,,,99895,100
2019-06-28 09:36:19.445327382,100028,100,99998,200,100060,237,99982,333,100062,233,99979,233,100091,233,99969,100,100098,100,99964,100,100101,100,99957,100,100128,100,99934,100,100432,100,99932,100,100522,100,99917,100,100526,100,99895,100
2019-06-28 09:36:20.000000000,100028,180,99998,143,100060,180,99982,280,100062,180,99979,180,100091,180,99969,180,100098,180,99964,180,100101,100,99957,100,100128,100,99934,100,100432,100,99932,100,100522,100,99917,100,100526,100,99895,100
2019-06-28 09:36:30.000000000,100028,237,99998,200,100060,233,99982,333,100062,233,99979,233,100091,100,99969,100,100098,100,99964,100,100101,100,99957,100,100128,100,99934,100,100432,100,99932,100,100522,100,99917,100,100526,100,99895,100
2019-06-28 09:36:40.000000000,100028,200,99998,163,100060,200,99982,300,100062,200,99979,200,100091,200,99969,200,100098,100,99964,100,100101,100,99957,100,100128,100,99934,100,100432,100,99932,100,100522,100,99917,100,100526,100,99895,100
2019-06-28 09:36:50.000000000,100028,301,99998,264,100060,301,99982,401,100062,100,99979,100,100091,100,99969,100,100098,100,99964,100,100101,100,99957,100,100128,100,99934,100,100432,100,99932,100,100522,100,99917,100,100526,100,99895,100
2019-06-28 09:36:50.721926112,100028,301,99998,164,100060,301,99982,401,100062,100,99979,100,100091,100,99969,100,100098,100,99964,100,100128,100,99957,100,100432,100,99934,100,100522,100,99932,100,100526,100,99917,100,,,99895,100
2019-06-28 09:37:00.000000000,100028,200,99982,300,100060,200,99979,200,100062,200,99969,200,100091,200,99964,200,100098,100,99957,100,100128,100,99934,100,100432,100,99932,100,100522,100,99917,100,100526,100,99895,100,,,99878,100
2019-06-28 09:37:08.667378658,100017,100,99982,300,100028,200,99979,200,100060,200,99969,200,100062,200,99964,200,100091,200,99957,100,100098,100,99934,100,100128,100,99932,100,100432,100,99917,100,100522,100,99895,100,100526,100,99878,100
2019-06-28 09:37:10.000000000,100017,502,99982,602,100028,100,99979,100,100060,100,99969,100,100062,100,99964,100,100091,100,99957,100,100098,100,99934,100,100128,100,99932,100,100432,100,99917,100,100522,100,99895,100,100526,100,99878,100
2019-06-28 09:37:20.000000000,100017,301,99982,401,100028,301,99979,301,100060,100,99969,100,100062,100,99964,100,100091,100,99957,100,100098,100,99934,100,100128,100,99932,100,100432,100,99917,100,100522,100,99895,100,100526,100,99878,100
2019-06-28 09:37:30.000000000,100017,301,99982,401,100028,301,99979,301,100060,100,99969,100,100062,100,99964,100,100091,100,99957,100,100098,100,99934,100,100128,100,99932,100,100432,100,99917,100,100522,100,99895,100,100526,100,99878,100
2019-06-28 09:37:40.000000000,100017,502,99982,602,100028,100,99979,100,100060,100,99969,100,100062,100,99964,100,100091,100,99957,100,100098,100,99934,100,100128,100,99932,100,100432,100,99917,100,100522,100,99895,100,100526,100,99878,100
2019-06-28 09:37:47.437034327,100017,502,99982,602,100028,100,99979,100,100060,100,99969,100,100062,100,99964,100,100091,100,99957,100,100098,100,99934,100,100128,100,99932,100,100432,100,99917,100,100526,100,99895,100,,,99878,100
2019-06-28 09:37:50.000000000,100017,237,99982,337,100028,233,99979,233,100060,233,99969,233,100062,100,99964,100,100091,100,99957,100,100098,100,99934,100,100128,100,99932,100,100432,100,99917,100,100526,100,99895,100,,,99878,100
2019-06-28 09:38:00.000000000,100017,180,99982,280,100028,180,99979,180,100060,180,99969,180,100062,180,99964,180,100091,180,99957,180,100098,100,99934,100,100128,100,99932,100,100432,100,99917,100,100526,100,99895,100,,,99878,100
2019-06-28 09:38:01.186808597,100017,280,99982,280,100028,180,99979,180,100060,180,99969,180,100062,180,99964,180,100091,180,99957,180,100098,100,99934,100,100128,100,99932,100,100432,100,99917,100,100526,100,99895,100,,,99878,100
2019-06-28 09:38:10.000000000,100017,337,99982,337,100028,233,99979,233,100060,233,99969,233,100062,100,99964,100,100091,100,99957,100,100098,100,99934,100,100128,100,99932,100,100432,100,99917,100,100526,100,99895,100,,,99878,100
2019-06-28 09:38:14.360737276,100017,437,99982,337,100028,233,99979,233,100060,233,99969,233,100062,100,99964,100,100091,100,99957,100,100098,100,99934,100,100128,100,99932,100,100432,100,99917,100,100526,100,99895,100,,,99878,100
2019-06-28 09:38:20.000000000,100017,501,99982,401,100028,301,99979,301,100060,100,99969,100,100062,100,99964,100,100091,100,99957,100,100098,100,99934,100,100128,100,99932,100,100432,100,99917,100,100526,100,99895,100,,,99878,100
2019-06-28 09:38:27.948114464,100017,401,99982,401,100028,301,99979,301,100060,100,99969,100,100062,100,99964,100,100091,100,99957,100,100098,100,99934,100,100128,100,99932,100,100432,100,99917,100,100526,100,99895,100,,,99878,100
2019-06-28 09:38:28.356377514,100017,401,99982,401,100028,201,99979,301,100060,100,99969,100,100062,100,99964,100,100091,100,99957,100,100098,100,99934,100,100128,100,99932,100,100432,100,99917,100,100526,100,99895,100,,,99878,100
2019-06-28 09:38:30.000000000,100017,401,99982,401,100060,301,99979,301,100062,100,99969,100,100091,100,99964,100,100098,100,99957,100,100128,100,99934,100,100432,100,99932,100,100526,100,99917,100,,,99895,100,,,99878,100
2019-06-28 09:38:35.935746903,100017,401,99982,401,100060,301,99979,301,100062,100,99969,100,100091,100,99964,100,100098,100,99957,100,100128,100,99934,100,100432,100,99932,100,100526,100,99917,100,,,99895,100,,,99878,100
2019-06-28 09:38:38.460985810,100017,401,99982,401,100060,301,99979,301,100062,100,99969,100,100091,100,99964,100,100098,100,99957,100,100128,100,99934,100,100432,100,99932,100,100526,100,99917,100,,,99895,100,,,99878,100
2019-06-28 09:38:40.000000000,100017,300,99982,300,100060,200,99979,200,100062,200,99969,200,100091,200,99964,200,100098,100,99957,100,100128,100,99934,100,100432,100,99932,100,100526,100,99917,100,,,99895,100,,,99878,100
2019-06-28 09:38:50.000000000,100017,280,99982,280,100060,180,99979,180,100062,180,99969,180,100091,180,99964,180,100098,180,99957,180,100128,100,99934,100,100432,100,99932,100,100526,100,99917,100,,,99895,100,,,99878,100
2019-06-28 09:39:00.000000000,100017,337,99982,337,100060,233,99979,233,100062,233,99969,233,100091,100,99964,100,100098,100,99957,100,100128,100,99934,100,100432,100,99932,100,100526,100,99917,100,,,99895,100,,,99878,100
2019-06-28 09:39:10.000000000,100017,300,99982,300,100060,200,99979,200,100062,200,99969,200,100091,200,99964,200,100098,100,99957,100,100128,100,99934,100,100432,100,99932,100,100526,100,99917,100,,,99895,100,,,99878,100
2019-06-28 09:39:20.000000000,100017,401,99982,401,100060,301,99979,301,100062,100,99969,100,100091,100,99964,100,100098,100,99957,100,100128,100,99934,100,100432,100,99932,100,100526,100,99917,100,,,99895,100,,,99878,100
2019-06-28 09:39:30.000000000,100017,602,99982,602,100060,100,99979,100,100062,100,99969,100,100091,100,99964,100,100098,100,99957,100,100128,100,99934,100,100432,100,99932,100,100526,100,99917,100,,,99895,100,,,99878,100
2019-06-28 09:39:30.857491168,100017,602,99982,602,100060,100,99979,100,100062,100,99969,100,100091,100,99964,100,100098,100,99957,100,100128,100,99934,100,100432,100,99932,100,100526,100,99917,100,,,99895,100,,,99878,100
2019-06-28 09:39:40.000000000,100017,401,99982,401,100060,301,99979,301,100062,100,99969,100,100091,100,99964,100,100098,100,99957,100,100128,100,99934,100,100432,100,99932,100,100526,100,99917,100,,,99895,100,,,99878,100
2019-06-28 09:39:50.000000000,100017,401,99982,401,100060,301,99979,301,100062,100,99969,100,100091,100,99964,100,100098,100,99957,100,100128,100,99934,100,100432,100,99932,100,100526,100,99917,100,,,99895,100,,,99878,100
2019-06-28 09:39:50.691589087,100017,501,99982,401,100060,301,99979,301,100062,100,99969,100,100091,100,99964,100,100098,100,99957,100,100128,100,99934,100,100432,100,99932,100,100526,100,99917,100,,,99895,100,,,99878,100
2019-06-28 09:40:00.000000000,100017,437,99982,337,100060,233,99979,233,100062,233,99969,233,100091,100,99964,100,100098,100,99957,100,100128,100,99934,100,100432,100,99932,100,100526,100,99917,100,,,99895,100,,,99878,100
2019-06-28 09:40:10.000000000,100017,501,99982,401,100060,301,99979,301,100062,100,99969,100,100091,100,99964,100,100098,100,99957,100,100128,100,99934,100,100432,100,99932,100,100526,100,99917,100,,,99895,100,,,99878,100
2019-06-28 09:40:12.017815602,100017,501,99982,301,100060,301,99979,301,100062,100,99969,100,100091,100,99964,100,100098,100,99957,100,100128,100,99934,100,100432,100,99932,100,100526,100,99917,100,,,99895,100,,,99878,100
2019-06-28 09:40:12.379631385,100017,501,99982,201,100060,301,99979,301,100062,100,99969,100,100091,100,99964,100,100098,100,99934,100,100128,100,99932,100,100432,100,99917,100,100526,100,99895,100,,,99878,100,,,99877,100
2019-06-28 09:40:12.701372629,100017,501,99982,101,100060,301,99979,301,100062,100,99969,100,100091,100,99964,100,100098,100,99934,100,100128,100,99932,100,100432,100,99917,100,100526,100,99895,100,,,99878,100,,,99877,100
2019-06-28 09:40:20.000000000,100017,702,99979,502,100060,100,99969,100,100062,100,99964,100,100091,100,99934,100,100098,100,99932,100,100128,100,99917,100,100432,100,99895,100,100526,100,99878,100,,,99877,100,,,99758,100
2019-06-28 09:40:24.212401060,100017,702,99979,502,100060,100,99969,100,100062,100,99964,100,100091,100,99934,100,100098,100,99932,100,100128,100,99917,100,100432,100,99895,100,100526,100,99878,100,,,99877,100,,,99758,100
2019-06-28 09:40:30.000000000,100017,702,99979,502,100060,100,99969,100,100062,100,99964,100,100091,100,99934,100,100098,100,99932,100,100128,100,99917,100,100432,100,99895,100,100526,100,99878,100,,,99877,100,,,99758,100
2019-06-28 09:40:31.140716232,100017,702,99979,502,100060,100,99969,100,100062,100,99964,100,100091,100,99934,100,100098,100,99932,100,100128,100,99917,100,100432,100,99895,100,100526,100,99878,100,,,99877,100,,,99758,100
2019-06-28 09:40:40.000000000,100017,380,99979,180,100060,180,99969,180,100062,180,99964,180,100091,180,99934,180,100098,180,99932,180,100128,100,99917,100,100432,100,99895,100,100526,100,99878,100,,,99877,100,,,99758,100
2019-06-28 09:40:50.000000000,100017,501,99979,301,100060,301,99969,301,100062,100,99964,100,100091,100,99934,100,100098,100,99932,100,100128,100,99917,100,100432,100,99895,100,100526,100,99878,100,,,99877,100,,,99758,100
2019-06-28 09:41:00.000000000,100017,437,99979,237,100060,233,99969,233,100062,233,99964,233,100091,100,99934,100,100098,100,99932,100,100128,100,99917,100,100432,100,99895,100,100526,100,99878,100,,,99877,100,,,99758,100
2019-06-28 09:41:10.000000000,100017,501,99979,301,100060,301,99969,301,100062,100,99964,100,100091,100,99934,100,100098,100,99932,100,100128,100,99917,100,100432,100,99895,100,100526,100,99878,100,,,99877,100,,,99758,100
2019-06-28 09:41:20.000000000,100017,380,99979,180,100060,180,99969,180,100062,180,99964,180,100091,180,99934,180,100098,180,99932,180,100128,100,99917,100,100432,100,99895,100,100526,100,99878,100,,,99877,100,,,99758,100
2019-06-28 09:41:30.000000000,100017,702,99979,502,100060,100,99969,100,100062,100,99964,100,100091,100,99934,100,100098,100,99932,100,100128,100,99917,100,100432,100,99895,100,100526,100,99878,100,,,99877,100,,,99758,100
2019-06-28 09:41:38.376797229,100017,702,99979,502,100060,100,99969,100,100062,100,99964,100,100091,100,99934,100,100098,100,99932,100,100128,100,99917,100,100432,100,99895,100,,,99878,100,,,99877,100,,,99758,100
2019-06-28 09:41:40.000000000,100017,702,99979,502,100060,100,99969,100,100062,100,99964,100,100091,100,99934,100,100098,100,99932,100,100128,100,99917,100,100432,100,99895,100,,,99878,100,,,99877,100,,,99758,100
2019-06-28 09:41:50.000000000,100017,437,99979,237,100060,233,99969,233,100062,233,99964,233,100091,100,99934,100,100098,100,99932,100,100128,100,99917,100,100432,100,99895,100,,,99878,100,,,99877,100,,,99758,100
2019-06-28 09:41:53.193188035,100017,437,99979,237,100060,233,99969,233,100062,233,99964,233,100091,100,99934,100,100098,100,99932,100,100128,100,99917,100,100432,100,99895,100,,,99878,100,,,99877,100,,,99758,100
2019-06-28 09:42:00.000000000,100017,437,99979,237,100060,233,99969,233,100062,233,99964,233,100091,100,99934,100,100098,100,99932,100,100128,100,99917,100,100432,100,99895,100,,,99878,100,,,99877,100,,,99758,100
2019-06-28 09:42:10.000000000,100017,437,99979,237,100060,233,99969,233,100062,233,99964,233,100091,100,99934,100,100098,100,99932,100,100128,100,99917,100,100432,100,99895,100,,,99878,100,,,99877,100,,,99758,100
2019-06-28 09:42:13.871356849,100017,437,99979,137,100060,233,99969,233,100062,233,99964,233,100091,100,99934,100,100098,100,99932,100,100128,100,99917,100,100432,100,99895,100,,,99878,100,,,99877,100,,,99758,100
2019-06-28 09:42:20.000000000,100017,437,99969,237,100060,233,99964,233,100062,233,99934,233,100091,100,99932,100,100098,100,99917,100,100128,100,99895,100,100432,100,99878,100,,,99877,100,,,99758,100,,,99152,100
2019-06-28 09:42:21.474998580,100017,437,99969,237,100060,233,99964,233,100062,233,99934,233,100091,100,99932,100,100128,100,99917,100,100432,100,99895,100,,,99878,100,,,99877,100,,,99758,100,,,99152,100
2019-06-28 09:42:30.000000000,100017,380,99969,180,100060,180,99964,180,100062,180,99934,180,100091,180,99932,180,100128,180,99917,180,100432,100,99895,100,,,99878,100,,,99877,100,,,99758,100,,,99152,100
2019-06-28 09:42:34.271779757,100017,380,99969,180,100060,180,99964,180,100062,180,99934,180,100091,180,99932,180,100128,180,99917,180,100432,100,99895,100,,,99878,100,,,99877,100,,,99758,100,,,99152,100
2019-06-28 09:42:40.000000000,100017,400,99969,200,100060,200,99964,200,100062,200,99934,200,100091,200,99932,200,100128,100,99917,100,100432,100,99895,100,,,99878,100,,,99877,100,,,99758,100,,,99152,100
2019-06-28 09:42:49.734588505,100017,400,99969,200,100060,200,99964,200,100062,200,99934,200,100091,200,99932,200,100128,100,99917,100,100432,100,99895,100,,,99878,100,,,99877,100,,,99758,100,,,99152,100
2019-06-28 09:42:50.000000000,100017,380,99969,180,100060,180,99964,180,100062,180,99934,180,100091,180,99932,180,100128,180,99917,180,100432,100,99895,100,,,99878,100,,,99877,100,,,99758,100,,,99152,100
2019-06-28 09:43:00.000000000,100017,501,99969,301,100060,301,99964,301,100062,100,99934,100,100091,100,99932,100,100128,100,99917,100,100432,100,99895,100,,,99878,100,,,99877,100,,,99758,100,,,99152,100
2019-06-28 09:43:10.000000000,100017,400,99969,200,100060,200,99964,200,100062,200,99934,200,100091,200,99932,200,100128,100,99917,100,100432,100,99895,100,,,99878,100,,,99877,100,,,99758,100,,,99152,100
2019-06-28 09:43:20.000000000,100017,702,99969,502,100060,100,99964,100,100062,100,99934,100,100091,100,99932,100,100128,100,99917,100,100432,100,99895,100,,,99878,100,,,99877,100,,,99758,100,,,99152,100
2019-06-28 09:43:29.676504619,100017,702,99969,502,100060,100,99964,100,100062,100,99934,100,100091,100,99932,100,100128,100,99917,100,100432,100,99895,100,,,99878,100,,,99877,100,,,99758,100,,,99152,100
2019-06-28 09:43:30.000000000,100017,400,99969,200,100060,200,99964,200,100062,200,99934,200,100091,200,99932,200,100128,100,99917,100,100432,100,99895,100,,,99878,100,,,99877,100,,,99758,100,,,99152,100
2019-06-28 09:43:40.000000000,100017,400,99969,200,100060,200,99964,200,100062,200,99934,200,100091,200,99932,200,100128,100,99917,100,100432,100,99895,100,,,99878,100,,,99877,100,,,99758,100,,,99152,100
2019-06-28 09:43:40.519534006,99982,100,99969,200,100017,400,99964,200,100060,200,99934,200,100062,200,99932,200,100091,200,99917,100,100128,100,99895,100,100432,100,99878,100,,,99877,100,,,99758,100,,,99152,100
2019-06-28 09:43:45.972719504,99982,100,99969,200,100017,400,99964,200,100060,200,99934,200,100062,200,99932,200,100091,200,99917,100,100128,100,99895,100,100432,100,99878,100,,,99877,100,,,99758,100,,,99152,100
2019-06-28 09:43:50.000000000,99982,200,99969,200,100017,400,99964,200,100060,200,99934,200,100062,200,99932,200,100091,100,99917,100,100128,100,99895,100,100432,100,99878,100,,,99877,100,,,99758,100,,,99152,100
2019-06-28 09:43:56.016362265,99982,300,99969,200,100017,400,99964,200,100060,200,99934,200,100062,200,99932,200,100091,100,99917,100,100128,100,99895,100,100432,100,99878,100,,,99877,100,,,99758,100,,,99152,100
2019-06-28 09:44:00.000000000,99982,602,99969,502,100017,300,99964,100,100060,100,99934,100,100062,100,99932,100,100091,100,99917,100,100128,100,99895,100,100432,100,99878,100,,,99877,100,,,99758,100,,,99152,100
2019-06-28 09:44:10.000000000,99982,337,99969,237,100017,433,99964,233,100060,233,99934,233,100062,100,99932,100,100091,100,99917,100,100128,100,99895,100,100432,100,99878,100,,,99877,100,,,99758,100,,,99152,100
2019-06-28 09:44:18.228705889,99982,337,99969,237,100017,433,99964,233,100060,233,99934,233,100062,100,99932,100,100091,100,99917,100,100128,100,99895,100,100432,100,99878,100,,,99877,100,,,99758,100,,,99152,100
2019-06-28 09:44:20.000000000,99982,602,99969,502,100017,300,99964,100,100060,100,99934,100,100062,100,99932,100,100091,100,99917,100,100128,100,99895,100,100432,100,99878,100,,,99877,100,,,99758,100,,,99152,100
2019-06-28 09:44:30.000000000,99982,300,99969,200,100017,400,99964,200,100060,200,99934,200,100062,200,99932,200,100091,100,99917,100,100128,100,99895,100,100432,100,99878,100,,,99877,100,,,99758,100,,,99152,100
2019-06-28 09:44:39.437610102,99982,300,99969,200,100017,400,99964,200,100060,200,99934,200,100062,200,99932,200,100091,100,99917,100,100128,100,99895,100,100432,100,99878,100,,,99877,100,,,99758,100,,,99152,100
2019-06-28 09:44:40.000000000,99982,280,99969,180,100017,380,99964,180,100060,180,99934,180,100062,180,99932,180,100091,180,99917,180,100128,100,99895,100,100432,100,99878,100,,,99877,100,,,99758,100,,,99152,100
2019-06-28 09:44:50.000000000,99982,401,99969,301,100017,501,99964,301,100060,100,99934,100,100062,100,99932,100,100091,100,99917,100,100128,100,99895,100,100432,100,99878,100,,,99877,100,,,99758,100,,,99152,100
2019-06-28 09:45:00.000000000,99982,300,99969,200,100017,400,99964,200,100060,200,99934,200,100062,200,99932,200,100091,100,99917,100,100128,100,99895,100,100432,100,99878,100,,,99877,100,,,99758,100,,,99152,100
2019-06-28 09:45:05.538382694,99982,300,99969,200,100017,400,99964,200,100060,200,99934,200,100062,200,99932,200,100091,100,99917,100,100128,100,99895,100,100432,100,99878,100,,,99877,100,,,99758,100,,,99152,100
2019-06-28 09:45:10.000000000,99982,602,99969,502,100017,300,99964,100,100060,100,99934,100,100062,100,99932,100,100091,100,99917,100,100128,100,99895,100,100432,100,99878,100,,,99877,100,,,99758,100,,,99152,100
2019-06-28 09:45:12.143404609,99982,702,99969,502,100017,300,99964,100,100060,100,99934,100,100062,100,99932,100,100091,100,99917,100,100128,100,99895,100,100432,100,99878,100,,,99877,100,,,99758,100,,,99152,100
2019-06-28 09:45:20.000000000,99982,400,99969,200,100017,400,99964,200,100060,200,99934,200,100062,200,99932,200,100091,100,99917,100,100128,100,99895,100,100432,100,99878,100,,,99877,100,,,99758,100,,,99152,100
2019-06-28 09:45:30.000000000,99982,501,99969,301,100017,501,99964,301,100060,100,99934,100,100062,100,99932,100,100091,100,99917,100,100128,100,99895,100,100432,100,99878,100,,,99877,100,,,99758,100,,,99152,100
2019-06-28 09:45:40.000000000,99982,400,99969,200,100017,400,99964,200,100060,200,99934,200,100062,200,99932,200,100091,100,99917,100,100128,100,99895,100,100432,100,99878,100,,,99877,100,,,99758,100,,,99152,100
2019-06-28 09:45:49.136562518,99982,400,99969,100,100017,400,99964,200,100060,100,99934,200,100062,200,99932,200,100091,100,99917,100,100128,100,99895,100,100432,100,99878,100,,,99877,100,,,99758,100,,,99152,100
2019-06-28 09:45:50.000000000,99982,400,99964,200,100017,400,99934,200,100062,200,99932,200,100091,200,99917,200,100128,100,99895,100,100432,100,99878,100,,,99877,100,,,99758,100,,,99152,100,,,99083,100
2019-06-28 09:45:53.340493573,99979,100,99964,200,99982,400,99934,200,100017,400,99932,200,100062,200,99917,200,100091,200,99895,100,100128,100,99878,100,100432,100,99877,100,,,99758,100,,,99152,100,,,99083,100
2019-06-28 09:45:53.470963249,99979,200,99964,200,99982,400,99934,200,100017,400,99932,200,100062,200,99917,200,100091,200,99895,100,100128,100,99878,100,100432,100,99877,100,,,99758,100,,,99152,100,,,99083,100
2019-06-28 09:46:00.000000000,99979,280,99964,180,99982,380,99934,180,100017,380,99932,180,100062,180,99917,180,100091,180,99895,180,100128,100,99878,100,100432,100,99877,100,,,99758,100,,,99152,100,,,99083,100
2019-06-28 09:46:09.513834132,99979,280,99964,80,99982,380,99934,180,100017,380,99932,180,100062,180,99917,180,100091,180,99895,180,100128,100,99878,100,100432,100,99877,100,,,99758,100,,,99152,100,,,99083,100
2019-06-28 09:46:10.000000000,99979,401,99934,301,99982,501,99932,301,100017,300,99917,100,100062,100,99895,100,100091,100,99878,100,100128,100,99877,100,100432,100,99758,100,,,99152,100,,,99083,100,,,99073,100
2019-06-28 09:46:20.000000000,99979,280,99934,180,99982,380,99932,180,100017,380,99917,180,100062,180,99895,180,100091,180,99878,180,100128,100,99877,100,100432,100,99758,100,,,99152,100,,,99083,100,,,99073,100
2019-06-28 09:46:29.522559189,99979,280,99934,80,99982,380,99932,180,100017,380,99917,180,100062,180,99895,80,100091,180,99878,180,100128,100,99877,100,100432,100,99758,100,,,99152,100,,,99083,100,,,99073,100
2019-06-28 09:46:29.890702689,99934,20,99932,180,99979,280,99917,180,99982,380,99895,80,100017,380,99878,180,100062,180,99877,100,100091,180,99758,100,100128,100,99152,100,100432,100,99083,100,,,99073,100,,,99037,100
2019-06-28 09:46:30.000000000,99934,120,99932,200,99979,300,99917,200,99982,400,99878,200,100017,400,99877,200,100062,100,99758,100,100091,100,99152,100,100128,100,99083,100,100432,100,99073,100,,,99037,100,,,99026,100
2019-06-28 09:46:40.000000000,99934,221,99932,301,99979,401,99917,301,99982,300,99878,100,100017,300,99877,100,100062,100,99758,100,100091,100,99152,100,100128,100,99083,100,100432,100,99073,100,,,99037,100,,,99026,100
2019-06-28 09:46:50.000000000,99934,422,99932,502,99979,200,99917,100,99982,300,99878,100,100017,300,99877,100,100062,100,99758,100,100091,100,99152,100,100128,100,99083,100,100432,100,99073,100,,,99037,100,,,99026,100
2019-06-28 09:47:00.000000000,99934,120,99932,200,99979,300,99917,200,99982,400,99878,200,100017,400,99877,200,100062,100,99758,100,100091,100,99152,100,100128,100,99083,100,100432,100,99073,100,,,99037,100,,,99026,100
2019-06-28 09:47:10.000000000,99934,120,99932,200,99979,300,99917,200,99982,400,99878,200,100017,400,99877,200,100062,100,99758,100,100091,100,99152,100,100128,100,99083,100,100432,100,99073,100,,,99037,100,,,99026,100
2019-06-28 09:47:20.000000000,99934,120,99932,200,99979,300,99917,200,99982,400,99878,200,100017,400,99877,200,100062,100,99758,100,100091,100,99152,100,100128,100,99083,100,100432,100,99073,100,,,99037,100,,,99026,100
2019-06-28 09:47:30.000000000,99934,221,99932,301,99979,401,99917,301,99982,300,99878,100,100017,300,99877,100,100062,100,99758,100,100091,100,99152,100,100128,100,99083,100,100432,100,99073,100,,,99037,100,,,99026,100
2019-06-28 09:47:40.000000000,99934,157,99932,237,99979,333,99917,233,99982,433,99878,233,100017,300,99877,100,100062,100,99758,100,100091,100,99152,100,100128,100,99083,100,100432,100,99073,100,,,99037,100,,,99026,100
2019-06-28 09:47:50.000000000,99934,221,99932,301,99979,401,99917,301,99982,300,99878,100,100017,300,99877,100,100062,100,99758,100,100091,100,99152,100,100128,100,99083,100,100432,100,99073,100,,,99037,100,,,99026,100
2019-06-28 09:47:53.699227043,99934,321,99932,301,99979,301,99917,301,99982,300,99878,100,100017,300,99877,100,100062,100,99758,100,100091,100,99152,100,100128,100,99083,100,100432,100,99073,100,,,99037,100,,,99026,100
2019-06-28 09:47:56.551906730,99934,321,99932,201,99979,301,99917,301,99982,300,99878,100,100017,300,99877,100,100062,100,99152,100,100091,100,99083,100,100128,100,99073,100,100432,100,99037,100,,,99026,100,,,98822,100
2019-06-28 09:48:00.000000000,99934,257,99917,237,99979,233,99878,233,99982,433,99877,233,100017,300,99152,100,100062,100,99083,100,100091,100,99073,100,100128,100,99037,100,100432,100,99026,100,,,98822,100,,,98725,100
2019-06-28 09:48:10.000000000,99934,220,99917,200,99979,200,99878,200,99982,400,99877,200,100017,400,99152,200,100062,100,99083,100,100091,100,99073,100,100128,100,99037,100,100432,100,99026,100,,,98822,100,,,98725,100
2019-06-28 09:48:16.218157720,99933,100,99917,200,99934,220,99878,200,99979,200,99877,200,99982,400,99152,200,100017,400,99083,100,100062,100,99073,100,100091,100,99037,100,100128,100,99026,100,100432,100,98822,100,,,98725,100
2019-06-28 09:48:20.000000000,99933,301,99917,301,99934,321,99878,301,99979,100,99877,100,99982,300,99152,100,100017,300,99083,100,100062,100,99073,100,100091,100,99037,100,100128,100,99026,100,100432,100,98822,100,,,98725,100
2019-06-28 09:48:30.000000000,99933,237,99917,237,99934,253,99878,233,99979,233,99877,233,99982,300,99152,100,100017,300,99083,100,100062,100,99073,100,100091,100,99037,100,100128,100,99026,100,100432,100,98822,100,,,98725,100
2019-06-28 09:48:40.000000000,99933,237,99917,237,99934,253,99878,233,99979,233,99877,233,99982,300,99152,100,100017,300,99083,100,100062,100,99073,100,100091,100,99037,100,100128,100,99026,100,100432,100,98822,100,,,98725,100
2019-06-28 09:48:42.684268189,99933,237,99917,237,99934,253,99878,233,99979,233,99877,233,99982,300,99152,100,100017,300,99083,100,100062,100,99073,100,100091,100,99037,100,100128,100,99026,100,100432,100,98887,100,,,98822,100
2019-06-28 09:48:50.000000000,99933,180,99917,180,99934,200,99878,180,99979,180,99877,180,99982,380,99152,180,100017,380,99083,180,100062,100,99073,100,100091,100,99037,100,100128,100,99026,100,100432,100,98887,100,,,98822,100
2019-06-28 09:49:00.000000000,99933,237,99917,237,99934,253,99878,233,99979,233,99877,233,99982,300,99152,100,100017,300,99083,100,100062,100,99073,100,100091,100,99037,100,100128,100,99026,100,100432,100,98887,100,,,98822,100
2019-06-28 09:49:10.000000000,99933,301,99917,301,99934,321,99878,301,99979,100,99877,100,99982,300,99152,100,100017,300,99083,100,100062,100,99073,100,100091,100,99037,100,100128,100,99026,100,100432,100,98887,100,,,98822,100
2019-06-28 09:49:20.000000000,99933,200,99917,200,99934,220,99878,200,99979,200,99877,200,99982,400,99152,200,100017,300,99083,100,100062,100,99073,100,100091,100,99037,100,100128,100,99026,100,100432,100,98887,100,,,98822,100
2019-06-28 09:49:21.080831053,99933,200,99917,100,99934,220,99878,100,99979,200,99877,200,99982,400,99152,200,100017,300,99083,100,100062,100,99073,100,100091,100,99037,100,100128,100,99026,100,100432,100,98887,100,,,98822,100
2019-06-28 09:49:30.000000000,99933,200,99877,200,99934,220,99152,200,99979,200,99083,200,99982,400,99073,200,100017,300,99037,100,100062,100,99026,100,100091,100,98887,100,100128,100,98822,100,100432,100,98565,100,,,98476,100
2019-06-28 09:49:40.000000000,99933,237,99877,237,99934,253,99152,233,99979,233,99083,233,99982,300,99073,100,100017,300,99037,100,100062,100,99026,100,100091,100,98887,100,100128,100,98822,100,100432,100,98565,100,,,98476,100
2019-06-28 09:49:50.000000000,99933,502,99877,502,99934,120,99152,100,99979,100,99083,100,99982,300,99073,100,100017,300,99037,100,100062,100,99026,100,100091,100,98887,100,100128,100,98822,100,100432,100,98565,100,,,98476,100
2019-06-28 09:49:53.945501458,99933,502,99877,502,99934,120,99152,100,99979,100,99083,100,99982,300,99073,100,100017,300,99037,100,100062,100,99026,100,100091,100,98887,100,100128,100,98628,100,100432,100,98565,100,,,98476,100
2019-06-28 09:50:00.000000000,99933,301,99877,301,99934,321,99152,301,99979,100,99083,100,99982,300,99073,100,100017,300,99037,100,100062,100,99026,100,100091,100,98887,100,100128,100,98628,100,100432,100,98565,100,,,98476,100
2019-06-28 09:50:10.000000000,99933,237,99877,237,99934,253,99152,233,99979,233,99083,233,99982,300,99073,100,100017,300,99037,100,100062,100,99026,100,100091,100,98887,100,100128,100,98628,100,100432,100,98565,100,,,98476,100
2019-06-28 09:50:20.000000000,99933,237,99877,237,99934,253,99152,233,99979,233,99083,233,99982,300,99073,100,100017,300,99037,100,100062,100,99026,100,100091,100,98887,100,100128,100,98628,100,100432,100,98565,100,,,98476,100
2019-06-28 09:50:28.865987889,99933,237,99877,237,99934,253,99152,233,99979,233,99083,233,99982,300,99073,100,100017,300,99037,100,100062,100,99026,100,100091,100,98887,100,100128,100,98714,100,100432,100,98628,100,,,98565,100
2019-06-28 09:50:30.000000000,99933,502,99877,502,99934,120,99152,100,99979,100,99083,100,99982,300,99073,100,100017,300,99037,100,100062,100,99026,100,100091,100,98887,100,100128,100,98714,100,100432,100,98628,100,,,98565,100
2019-06-28 09:50:40.000000000,99933,200,99877,200,99934,220,99152,200,99979,200,99083,200,99982,400,99073,200,100017,300,99037,100,100062,100,99026,100,100091,100,98887,100,100128,100,98714,100,100432,100,98628,100,,,98565,100
2019-06-28 09:50:45.886442266,99933,200,99877,200,99934,220,99152,200,99979,200,99083,200,99982,400,99073,100,100017,300,99037,100,100062,100,99026,100,100091,100,98887,100,100128,100,98714,100,100432,100,98628,100,,,98565,100
2019-06-28 09:50:50.000000000,99933,200,99877,200,99934,220,99152,200,99979,200,99083,200,99982,400,99037,200,100017,300,99026,100,100062,100,98887,100,100091,100,98714,100,100128,100,98628,100,100432,100,98565,100,,,98498,100
2019-06-28 09:51:00.000000000,99933,237,99877,237,99934,253,99152,233,99979,233,99083,233,99982,300,99037,100,100017,300,99026,100,100062,100,98887,100,100091,100,98714,100,100128,100,98628,100,100432,100,98565,100,,,98498,100
2019-06-28 09:51:05.087342954,99933,237,99877,137,99934,253,99152,233,99979,233,99083,233,99982,300,99037,100,100017,300,99026,100,100062,100,98887,100,100091,100,98714,100,100128,100,98628,100,100432,100,98565,100,,,98498,100
2019-06-28 09:51:10.000000000,99933,237,99152,237,99934,253,99083,233,99979,233,99037,233,99982,300,99026,100,100017,300,98887,100,100062,100,98714,100,100091,100,98628,100,100128,100,98565,100,100432,100,98498,100,,,98476,100
2019-06-28 09:51:19.034865005,99933,237,99152,137,99934,253,99083,233,99979,233,99037,233,99982,300,99026,100,100017,300,98887,100,100062,100,98714,100,100091,100,98628,100,100128,100,98565,100,100432,100,98498,100,,,98476,100
2019-06-28 09:51:20.000000000,99933,200,99083,200,99934,220,99037,200,99979,200,99026,200,99982,400,98887,200,100017,300,98714,100,100062,100,98628,100,100091,100,98565,100,100128,100,98498,100,100432,100,98476,100,,,98448,100
2019-06-28 09:51:30.000000000,99933,200,99083,200,99934,220,99037,200,99979,200,99026,200,99982,400,98887,200,100017,300,98714,100,100062,100,98628,100,100091,100,98565,100,100128,100,98498,100,100432,100,98476,100,,,98448,100
2019-06-28 09:51:32.726317887,99933,200,99083,200,99934,220,99037,200,99979,100,99026,200,99982,400,98887,200,100017,300,98714,100,100062,100,98628,100,100091,100,98565,100,100128,100,98498,100,100432,100,98476,100,,,98448,100
2019-06-28 09:51:39.951230529,99933,200,99083,100,99934,220,99037,200,99979,100,99026,200,99982,400,98887,200,100017,300,98714,100,100062,100,98628,100,100091,100,98565,100,100128,100,98498,100,100432,100,98476,100,,,98394,100
2019-06-28 09:51:40.000000000,99933,200,99037,200,99934,220,99026,200,99982,400,98887,200,100017,400,98714,200,100062,100,98628,100,100091,100,98565,100,100128,100,98498,100,100432,100,98476,100,,,98394,100,,,98376,100
2019-06-28 09:51:41.096180441,99933,200,99037,100,99934,220,99026,200,99982,400,98887,200,100017,400,98714,200,100062,100,98565,100,100091,100,98498,100,100128,100,98476,100,100432,100,98394,100,,,98376,100,,,,
2019-06-28 09:51:47.965662575,99933,200,99026,200,99934,220,98887,200,99982,400,98714,200,100017,400,98565,100,100062,100,98498,100,100091,100,98476,100,100128,100,98394,100,100432,100,98376,100,,,,,,,,
2019-06-28 09:51:50.000000000,99933,200,99026,200,99934,220,98887,200,99982,400,98714,200,100017,400,98565,200,100062,100,98498,100,100091,100,98476,100,100128,100,98394,100,100432,100,98376,100,,,,,,,,
2019-06-28 09:52:00.000000000,99933,502,99026,502,99934,120,98887,100,99982,300,98714,100,100017,300,98565,100,100062,100,98498,100,100091,100,98476,100,100128,100,98394,100,100432,100,98376,100,,,,,,,,
2019-06-28 09:52:05.667345103,99933,502,99026,402,99934,120,98887,100,99982,300,98714,100,100017,300,98565,100,100062,100,98498,100,100091,100,98476,100,100128,100,98394,100,100432,100,98376,100,,,,,,,,
2019-06-28 09:52:10.000000000,99933,301,98887,301,99934,321,98714,301,99982,300,98565,100,100017,300,98498,100,100062,100,98476,100,100091,100,98394,100,100128,100,98376,100,100432,100,,,,,,,,,,
2019-06-28 09:52:18.107609767,99933,301,99027,100,99934,321,98887,301,99982,300,98714,301,100017,300,98565,100,100062,100,98498,100,100091,100,98476,100,100128,100,98394,100,100432,100,98376,100,,,,,,,,
2019-06-28 09:52:20.000000000,99933,237,99027,237,99934,253,98887,233,99982,433,98714,233,100017,300,98565,100,100062,100,98498,100,100091,100,98476,100,100128,100,98394,100,100432,100,98376,100,,,,,,,,
2019-06-28 09:52:25.632907013,99213,100,99027,237,99933,237,98887,233,99934,253,98714,233,99982,433,98565,100,100017,300,98498,100,100062,100,98476,100,100091,100,98394,100,100128,100,98376,100,100432,100,,,,,,
2019-06-28 09:52:25.976391598,99213,100,99027,337,99933,237,98887,233,99934,253,98714,233,99982,433,98565,100,100017,300,98498,100,100062,100,98476,100,100091,100,98394,100,100128,100,98376,100,100432,100,,,,,,
2019-06-28 09:52:30.000000000,99213,180,99027,280,99933,180,98887,180,99934,200,98714,180,99982,380,98565,180,100017,380,98498,180,100062,100,98476,100,100091,100,98394,100,100128,100,98376,100,100432,100,,,,,,
2019-06-28 09:52:40.000000000,99213,237,99027,337,99933,233,98887,233,99934,253,98714,233,99982,300,98565,100,100017,300,98498,100,100062,100,98476,100,100091,100,98394,100,100128,100,98376,100,100432,100,,,,,,
2019-06-28 09:52:40.475531251,99067,100,99027,337,99213,237,98887,233,99933,233,98714,233,99934,253,98565,100,99982,300,98498,100,100017,300,98476,100,100062,100,98394,100,100091,100,,,100128,100,,,100432,100,,
2019-06-28 09:52:50.000000000,99067,180,99027,280,99213,180,98887,180,99933,180,98714,180,99934,200,98565,180,99982,380,98498,180,100017,300,98476,100,100062,100,98394,100,100091,100,,,100128,100,,,100432,100,,
2019-06-28 09:52:55.196162160,99037,100,99027,280,99067,180,98887,180,99213,180,98714,180,99933,180,98565,180,99934,200,98498,180,99982,280,98476,100,100017,300,98394,100,100062,100,,,100091,100,,,100128,100,,
2019-06-28 09:52:55.427427279,99037,200,99027,280,99067,180,98887,180,99213,180,98714,180,99933,180,98565,180,99934,200,98498,180,99982,280,98476,100,100017,300,98394,100,100062,100,,,100091,100,,,100128,100,,
2019-06-28 09:52:59.794942933,99037,200,99027,280,99067,180,98887,180,99213,180,98714,180,99933,180,98685,100,99934,200,98565,180,99982,280,98498,180,100017,300,98476,100,100062,100,98394,100,100091,100,,,100128,100,,
2019-06-28 09:53:00.000000000,99037,401,99027,401,99067,301,98887,301,99213,100,98714,100,99933,100,98685,100,99934,120,98565,100,99982,200,98498,100,100017,300,98476,100,100062,100,98394,100,100091,100,,,100128,100,,
2019-06-28 09:53:10.000000000,99037,300,99027,300,99067,200,98887,200,99213,200,98714,200,99933,200,98685,200,99934,120,98565,100,99982,200,98498,100,100017,300,98476,100,100062,100,98394,100,100091,100,,,100128,100,,
2019-06-28 09:53:10.578841730,99037,300,99027,200,99067,200,98887,200,99213,200,98714,200,99933,200,98685,200,99934,120,98565,100,99982,200,98498,100,100017,300,98476,100,100062,100,98394,100,100091,100,,,100128,100,,
2019-06-28 09:53:20.000000000,99037,280,99027,180,99067,180,98887,180,99213,180,98714,180,99933,180,98685,180,99934,200,98565,180,99982,200,98498,100,100017,300,98476,100,100062,100,98394,100,100091,100,,,100128,100,,
2019-06-28 09:53:30.000000000,99037,401,99027,301,99067,301,98887,301,99213,100,98714,100,99933,100,98685,100,99934,120,98565,100,99982,200,98498,100,100017,300,98476,100,100062,100,98394,100,100091,100,,,100128,100,,
2019-06-28 09:53:40.000000000,99037,280,99027,180,99067,180,98887,180,99213,180,98714,180,99933,180,98685,180,99934,200,98565,180,99982,200,98498,100,100017,300,98476,100,100062,100,98394,100,100091,100,,,100128,100,,
2019-06-28 09:53:50.000000000,99037,280,99027,180,99067,180,98887,180,99213,180,98714,180,99933,180,98685,180,99934,200,98565,180,99982,200,98498,100,100017,300,98476,100,100062,100,98394,100,100091,100,,,100128,100,,
2019-06-28 09:53:55.750656418,99037,280,99027,80,99067,180,98887,180,99213,180,98714,180,99933,180,98685,180,99934,200,98565,180,99982,200,98498,100,100017,300,98476,100,100062,100,98394,100,100091,100,,,100128,100,,
2019-06-28 09:53:56.215736153,99027,20,98887,180,99037,280,98714,180,99067,180,98685,180,99213,180,98565,180,99933,180,98498,100,99934,200,98476,100,99982,200,98394,100,100017,300,,,100062,100,,,100091,100,,
2019-06-28 09:54:00.000000000,99027,100,98887,180,99037,280,98714,180,99067,180,98685,180,99213,180,98565,180,99933,180,98498,180,99934,120,98476,100,99982,200,98394,100,100017,300,,,100062,100,,,100091,100,,
2019-06-28 09:54:10.000000000,99027,120,98887,200,99037,300,98714,200,99067,200,98685,200,99213,200,98565,200,99933,100,98498,100,99934,120,98476,100,99982,200,98394,100,100017,300,,,100062,100,,,100091,100,,
2019-06-28 09:54:15.952114416,99027,120,98887,200,99037,300,98714,200,99067,200,98685,200,99213,200,98565,200,99933,100,98498,100,99934,120,98476,100,99982,200,98394,100,100017,300,97786,100,100062,100,,,100091,100,,
2019-06-28 09:54:20.000000000,99027,221,98887,301,99037,401,98714,301,99067,100,98685,100,99213,100,98565,100,99933,100,98498,100,99934,120,98476,100,99982,200,98394,100,100017,300,97786,100,100062,100,,,100091,100,,
2019-06-28 09:54:28.556714489,99027,221,98887,301,99037,401,98714,301,99067,100,98685,100,99213,100,98565,100,99933,100,98498,100,99934,120,98476,100,99982,200,98394,100,100017,300,97973,100,100062,100,97786,100,100091,100,,
2019-06-28 09:54:30.000000000,99027,120,98887,200,99037,300,98714,200,99067,200,98685,200,99213,200,98565,200,99933,100,98498,100,99934,120,98476,100,99982,200,98394,100,100017,300,97973,100,100062,100,97786,100,100091,100,,
2019-06-28 09:54:30.368976935,99027,220,98887,200,99037,300,98714,200,99067,200,98685,200,99213,200,98565,200,99933,100,98498,100,99934,120,98476,100,99982,200,98394,100,100017,300,97973,100,100062,100,97786,100,100091,100,,
2019-06-28 09:54:34.582326210,99027,320,98887,200,99037,300,98714,200,99067,200,98685,200,99213,200,98565,200,99933,100,98498,100,99934,120,98476,100,99982,200,98394,100,100017,200,97973,100,100062,100,97786,100,100091,100,,
2019-06-28 09:54:40.000000000,99027,300,98887,180,99037,280,98714,180,99067,180,98685,180,99213,180,98565,180,99933,180,98498,180,99934,120,98476,100,99982,200,98394,100,100017,200,97973,100,100062,100,97786,100,100091,100,,
2019-06-28 09:54:50.000000000,99027,300,98887,180,99037,280,98714,180,99067,180,98685,180,99213,180,98565,180,99933,180,98498,180,99934,120,98476,100,99982,200,98394,100,100017,200,97973,100,100062,100,97786,100,100091,100,,
2019-06-28 09:55:00.000000000,99027,622,98887,502,99037,200,98714,100,99067,100,98685,100,99213,100,98565,100,99933,100,98498,100,99934,120,98476,100,99982,200,98394,100,100017,200,97973,100,100062,100,97786,100,100091,100,,
2019-06-28 09:55:10.000000000,99027,300,98887,180,99037,280,98714,180,99067,180,98685,180,99213,180,98565,180,99933,180,98498,180,99934,120,98476,100,99982,200,98394,100,100017,200,97973,100,100062,100,97786,100,100091,100,,
2019-06-28 09:55:20.000000000,99027,622,98887,502,99037,200,98714,100,99067,100,98685,100,99213,100,98565,100,99933,100,98498,100,99934,120,98476,100,99982,200,98394,100,100017,200,97973,100,100062,100,97786,100,100091,100,,
2019-06-28 09:55:30.000000000,99027,320,98887,200,99037,300,98714,200,99067,200,98685,200,99213,200,98565,200,99933,100,98498,100,99934,120,98476,100,99982,200,98394,100,100017,200,97973,100,100062,100,97786,100,100091,100,,
2019-06-28 09:55:40.000000000,99027,421,98887,301,99037,401,98714,301,99067,100,98685,100,99213,100,98565,100,99933,100,98498,100,99934,120,98476,100,99982,200,98394,100,100017,200,97973,100,100062,100,97786,100,100091,100,,
2019-06-28 09:55:50.000000000,99027,622,98887,502,99037,200,98714,100,99067,100,98685,100,99213,100,98565,100,99933,100,98498,100,99934,120,98476,100,99982,200,98394,100,100017,200,97973,100,100062,100,97786,100,100091,100,,
2019-06-28 09:56:00.000000000,99027,622,98887,502,99037,200,98714,100,99067,100,98685,100,99213,100,98565,100,99933,100,98498,100,99934,120,98476,100,99982,200,98394,100,100017,200,97973,100,100062,100,97786,100,100091,100,,
2019-06-28 09:56:10.000000000,99027,300,98887,180,99037,280,98714,180,99067,180,98685,180,99213,180,98565,180,99933,180,98498,180,99934,120,98476,100,99982,200,98394,100,100017,200,97973,100,100062,100,97786,100,100091,100,,
2019-06-28 09:56:15.938869451,99027,300,98887,80,99037,280,98714,180,99067,180,98685,180,99213,180,98565,180,99933,180,98498,180,99934,120,98476,100,99982,200,98394,100,100017,200,97973,100,100062,100,,,100091,100,,
2019-06-28 09:56:20.000000000,99027,357,98714,237,99037,333,98685,233,99067,233,98565,233,99213,100,98498,100,99933,100,98476,100,99934,120,98394,100,99982,200,97973,100,100017,200,,,100062,100,,,100091,100,,
2019-06-28 09:56:30.000000000,99027,300,98714,180,99037,280,98685,180,99067,180,98565,180,99213,180,98498,180,99933,180,98476,180,99934,120,98394,100,99982,200,97973,100,100017,200,,,100062,100,,,100091,100,,
2019-06-28 09:56:35.304297329,99026,100,98714,180,99027,300,98685,180,99037,280,98565,180,99067,180,98498,180,99213,180,98476,180,99933,180,98394,100,99934,120,97973,100,99982,200,,,100017,200,,,100062,100,,
2019-06-28 09:56:40.000000000,99026,200,98714,200,99027,320,98685,200,99037,300,98565,200,99067,200,98498,200,99213,100,98476,100,99933,100,98394,100,99934,120,97973,100,99982,200,,,100017,200,,,100062,100,,
2019-06-28 09:56:45.221235955,99026,200,98714,200,99027,320,98685,200,99037,300,98565,200,99057,100,98498,200,99067,200,98476,100,99213,100,98394,100,99933,100,97973,100,99934,120,,,99982,200,,,100017,200,,
2019-06-28 09:56:50.000000000,99026,180,98714,180,99027,300,98685,180,99037,280,98565,180,99057,180,98498,180,99067,180,98476,180,99213,100,98394,100,99933,100,97973,100,99934,120,,,99982,200,,,100017,200,,
2019-06-28 09:57:00.000000000,99026,502,98714,502,99027,220,98685,100,99037,200,98565,100,99057,100,98498,100,99067,100,98476,100,99213,100,98394,100,99933,100,97973,100,99934,120,,,99982,200,,,100017,200,,
2019-06-28 09:57:02.847313584,99026,402,98714,502,99027,220,98685,100,99037,200,98565,100,99057,100,98498,100,99067,100,98476,100,99213,100,98394,100,99933,100,97973,100,99934,120,,,99982,200,,,100017,200,,
2019-06-28 09:57:10.000000000,99027,357,98714,237,99037,333,98685,233,99057,233,98565,233,99067,100,98498,100,99213,100,98476,100,99933,100,98394,100,99934,120,97973,100,99982,200,,,100017,200,,,100062,100,,
2019-06-28 09:57:12.167203403,99027,357,98714,237,99037,333,98694,100,99057,233,98685,233,99067,100,98565,233,99213,100,98498,100,99933,100,98476,100,99934,120,98394,100,99982,200,97973,100,100017,200,,,100062,100,,
2019-06-28 09:57:14.327772346,99027,357,98714,237,99037,333,98694,100,99057,233,98685,233,99067,100,98565,233,99213,100,98563,100,99933,100,98498,100,99934,120,98394,100,99982,200,97973,100,100017,200,,,100062,100,,
2019-06-28 09:57:20.000000000,99027,357,98714,237,99037,333,98694,233,99057,233,98685,233,99067,100,98565,100,99213,100,98563,100,99933,100,98498,100,99934,120,98394,100,99982,200,97973,100,100017,200,,,100062,100,,
2019-06-28 09:57:30.000000000,99027,357,98714,237,99037,333,98694,233,99057,233,98685,233,99067,100,98565,100,99213,100,98563,100,99933,100,98498,100,99934,120,98394,100,99982,200,97973,100,100017,200,,,100062,100,,
2019-06-28 09:57:40.000000000,99027,357,98714,237,99037,333,98694,233,99057,233,98685,233,99067,100,98565,100,99213,100,98563,100,99933,100,98498,100,99934,120,98394,100,99982,200,97973,100,100017,200,,,100062,100,,
2019-06-28 09:57:50.000000000,99027,421,98714,301,99037,401,98694,301,99057,100,98685,100,99067,100,98565,100,99213,100,98563,100,99933,100,98498,100,99934,120,98394,100,99982,200,97973,100,100017,200,,,100062,100,,
2019-06-28 09:57:55.361661688,99027,421,98714,301,99037,401,98694,301,99057,100,98685,100,99067,100,98565,100,99213,100,98563,100,99413,100,98498,100,99933,100,98394,100,99934,120,97973,100,99982,200,,,100017,200,,
2019-06-28 09:58:00.000000000,99027,622,98714,502,99037,200,98694,100,99057,100,98685,100,99067,100,98565,100,99213,100,98563,100,99413,100,98498,100,99933,100,98394,100,99934,120,97973,100,99982,200,,,100017,200,,
2019-06-28 09:58:10.000000000,99027,300,98714,180,99037,280,98694,180,99057,180,98685,180,99067,180,98565,180,99213,180,98563,180,99413,100,98498,100,99933,100,98394,100,99934,120,97973,100,99982,200,,,100017,200,,
2019-06-28 09:58:15.009574061,99027,300,98714,180,99037,280,98694,180,99057,180,98685,180,99067,180,98565,180,99213,180,98563,180,99413,100,98498,100,99557,100,98394,100,99933,100,97973,100,99934,120,,,99982,200,,
2019-06-28 09:58:17.079834924,99027,300,98714,180,99037,280,98694,180,99057,180,98685,180,99067,180,98565,180,99213,180,98563,180,99413,100,98498,100,99420,100,98394,100,99557,100,97973,100,99933,100,,,99934,120,,
2019-06-28 09:58:20.000000000,99027,622,98714,502,99037,200,98694,100,99057,100,98685,100,99067,100,98565,100,99213,100,98563,100,99413,100,98498,100,99420,100,98394,100,99557,100,97973,100,99933,100,,,99934,120,,
2019-06-28 09:58:20.258107257,99027,522,98714,502,99037,200,98694,100,99057,100,98685,100,99067,100,98565,100,99213,100,98563,100,99413,100,98498,100,99420,100,98394,100,99557,100,97973,100,99933,100,,,99934,120,,
2019-06-28 09:58:30.000000000,99027,220,98714,200,99037,300,98694,200,99057,200,98685,200,99067,200,98565,200,99213,100,98563,100,99413,100,98498,100,99420,100,98394,100,99557,100,97973,100,99933,100,,,99934,120,,
2019-06-28 09:58:32.044271700,99027,220,98888,100,99037,300,98714,200,99057,200,98694,200,99067,200,98685,200,99213,100,98565,200,99413,100,98563,100,99420,100,98498,100,99557,100,98394,100,99933,100,97973,100,99934,120,,
2019-06-28 09:58:32.502149340,99027,220,98888,100,99037,300,98714,200,99057,200,98694,200,99067,200,98685,200,99213,100,98565,100,99413,100,98563,100,99420,100,98498,100,99442,100,98394,100,99557,100,97973,100,99933,100,,
2019-06-28 09:58:34.342487548,99027,220,98888,100,99037,300,98714,200,99057,200,98694,200,99067,200,98685,200,99213,100,98565,100,99413,100,98563,100,99420,100,98498,100,99442,100,98394,100,99484,100,97973,100,99933,100,,
2019-06-28 09:58:40.000000000,99027,522,98888,502,99037,200,98714,100,99057,100,98694,100,99067,100,98685,100,99213,100,98563,100,99413,100,98498,100,99420,100,98394,100,99442,100,97973,100,99484,100,,,99933,100,,
2019-06-28 09:58:46.123232980,99027,522,98888,502,99037,200,98714,100,99057,100,98694,100,99067,100,98685,100,99145,100,98563,100,99213,100,98498,100,99413,100,98394,100,99420,100,97973,100,99442,100,,,99484,100,,
2019-06-28 09:58:46.467313844,99027,422,98888,502,99037,200,98714,100,99057,100,98694,100,99067,100,98685,100,99145,100,98563,100,99213,100,98498,100,99413,100,98394,100,99420,100,97973,100,99442,100,,,99484,100,,
2019-06-28 09:58:50.000000000,99027,221,98888,301,99037,401,98714,301,99057,100,98694,100,99067,100,98685,100,99145,100,98563,100,99213,100,98498,100,99413,100,98394,100,99420,100,97973,100,99442,100,,,99484,100,,
2019-06-28 09:59:00.000000000,99027,100,98888,180,99037,280,98714,180,99057,180,98694,180,99067,180,98685,180,99145,180,98563,180,99213,100,98498,100,99413,100,98394,100,99420,100,97973,100,99442,100,,,99484,100,,
2019-06-28 09:59:10.000000000,99027,221,98888,301,99037,401,98714,301,99057,100,98694,100,99067,100,98685,100,99145,100,98563,100,99213,100,98498,100,99413,100,98394,100,99420,100,97973,100,99442,100,,,99484,100,,
2019-06-28 09:59:19.698710969,99027,121,98888,301,99037,401,98714,301,99057,100,98694,100,99067,100,98685,100,99145,100,98563,100,99213,100,98498,100,99413,100,98394,100,99420,100,,,99442,100,,,99484,100,,
2019-06-28 09:59:20.000000000,99037,300,98888,200,99057,200,98714,200,99067,200,98694,200,99145,200,98685,200,99213,100,98563,100,99413,100,98498,100,99420,100,98394,100,99442,100,,,99484,100,,,99933,100,,
2019-06-28 09:59:30.000000000,99037,337,98888,237,99057,233,98714,233,99067,233,98694,233,99145,100,98685,100,99213,100,98563,100,99413,100,98498,100,99420,100,98394,100,99442,100,,,99484,100,,,99933,100,,
2019-06-28 09:59:35.977744497,99037,337,98888,237,99057,233,98714,233,99067,233,98694,233,99145,100,98685,100,99213,100,98563,100,99413,100,98498,100,99420,100,,,99442,100,,,99484,100,,,99528,100,,
2019-06-28 09:59:40.000000000,99037,602,98888,502,99057,100,98714,100,99067,100,98694,100,99145,100,98685,100,99213,100,98563,100,99413,100,98498,100,99420,100,,,99442,100,,,99484,100,,,99528,100,,
2019-06-28 09:59:50.000000000,99037,401,98888,301,99057,301,98714,301,99067,100,98694,100,99145,100,98685,100,99213,100,98563,100,99413,100,98498,100,99420,100,,,99442,100,,,99484,100,,,99528,100,,
2019-06-28 09:59:56.393267126,99037,301,98888,301,99057,301,98714,301,99067,100,98694,100,99145,100,98685,100,99213,100,98563,100,99413,100,98498,100,99420,100,,,99442,100,,,99484,100,,,99528,100,,
2019-06-28 10:00:00.000000000,99037,502,98888,502,99057,100,98714,100,99067,100,98694,100,99145,100,98685,100,99213,100,98563,100,99413,100,98498,100,99420,100,,,99442,100,,,99484,100,,,99528,100,,
2019-06-28 10:00:10.000000000,99037,180,98888,180,99057,180,98714,180,99067,180,98694,180,99145,180,98685,180,99213,180,98563,180,99413,100,98498,100,99420,100,,,99442,100,,,99484,100,,,99528,100,,
2019-06-28 10:00:10.916590559,99037,80,98888,180,99057,180,98714,180,99067,180,98694,180,99145,180,98685,180,99213,180,98563,180,99413,100,98498,100,99420,100,,,99442,100,,,99484,100,,,99528,100,,
2019-06-28 10:00:20.000000000,99057,301,98888,301,99067,301,98714,301,99145,100,98694,100,99213,100,98685,100,99413,100,98563,100,99420,100,98498,100,99442,100,,,99484,100,,,99528,100,,,99933,100,,
2019-06-28 10:00:30.000000000,99057,180,98888,180,99067,180,98714,180,99145,180,98694,180,99213,180,98685,180,99413,180,98563,180,99420,100,98498,100,99442,100,,,99484,100,,,99528,100,,,99933,100,,
2019-06-28 10:00:37.493886125,99057,80,98888,180,99067,80,98714,180,99145,180,98694,180,99213,180,98685,180,99413,180,98563,180,99420,100,98498,100,99442,100,,,99484,100,,,99528,100,,,99933,100,,
2019-06-28 10:00:38.354155756,99057,80,98888,180,99067,80,98714,180,99145,180,98694,180,99213,180,98685,180,99413,180,98563,180,99420,100,98498,100,99442,100,,,99484,100,,,99528,100,,,99589,100,,
2019-06-28 10:00:40.000000000,99145,200,98888,200,99213,200,98714,200,99413,200,98694,200,99420,200,98685,200,99442,100,98563,100,99484,100,98498,100,99528,100,,,99589,100,,,99933,100,,,99934,120,,
2019-06-28 10:00:50.000000000,99145,502,98888,502,99213,100,98714,100,99413,100,98694,100,99420,100,98685,100,99442,100,98563,100,99484,100,98498,100,99528,100,,,99589,100,,,99933,100,,,99934,120,,
2019-06-28 10:01:00.000000000,99145,502,98888,502,99213,100,98714,100,99413,100,98694,100,99420,100,98685,100,99442,100,98563,100,99484,100,98498,100,99528,100,,,99589,100,,,99933,100,,,99934,120,,
2019-06-28 10:01:05.321575909,99145,502,98888,502,99413,100,98714,100,99420,100,98694,100,99442,100,98685,100,99484,100,98563,100,99528,100,98498,100,99589,100,,,99750,100,,,99933,100,,,99934,120,,
2019-06-28 10:01:10.000000000,99145,180,98888,180,99413,180,98714,180,99420,180,98694,180,99442,180,98685,180,99484,180,98563,180,99528,100,98498,100,99589,100,,,99750,100,,,99933,100,,,99934,120,,
2019-06-28 10:01:11.186382822,99145,80,98888,180,99413,180,98714,180,99420,180,98694,180,99442,180,98685,180,99484,180,98563,180,99528,100,98498,100,99589,100,,,99750,100,,,99933,100,,,99934,120,,
2019-06-28 10:01:20.000000000,99413,200,98888,200,99420,200,98714,200,99442,200,98694,200,99484,200,98685,200,99528,100,98563,100,99589,100,98498,100,99750,100,,,99933,100,,,99934,120,,,99982,100,,
2019-06-28 10:01:22.261210158,99413,200,99057,100,99420,200,98888,200,99442,200,98714,200,99484,200,98694,200,99528,100,98685,200,99589,100,98563,100,99750,100,98498,100,99933,100,,,99934,120,,,99982,100,,
2019-06-28 10:01:25.665056989,99413,100,99057,100,99420,200,98888,200,99442,200,98714,200,99484,200,98694,200,99528,100,98685,200,99589,100,98563,100,99750,100,98498,100,99933,100,,,99934,120,,,99982,100,,
2019-06-28 10:01:30.000000000,99420,502,99057,502,99442,100,98888,100,99484,100,98714,100,99528,100,98694,100,99589,100,98685,100,99750,100,98563,100,99933,100,98498,100,99934,120,,,99982,100,,,100017,200,,
2019-06-28 10:01:40.000000000,99420,502,99057,502,99442,100,98888,100,99484,100,98714,100,99528,100,98694,100,99589,100,98685,100,99750,100,98563,100,99933,100,98498,100,99934,120,,,99982,100,,,100017,200,,
2019-06-28 10:01:50.000000000,99420,237,99057,237,99442,233,98888,233,99484,233,98714,233,99528,100,98694,100,99589,100,98685,100,99750,100,98563,100,99933,100,98498,100,99934,120,,,99982,100,,,100017,200,,
2019-06-28 10:02:00.000000000,99420,200,99057,200,99442,200,98888,200,99484,200,98714,200,99528,200,98694,200,99589,100,98685,100,99750,100,98563,100,99933,100,98498,100,99934,120,,,99982,100,,,100017,200,,
2019-06-28 10:02:10.000000000,99420,301,99057,301,99442,301,98888,301,99484,100,98714,100,99528,100,98694,100,99589,100,98685,100,99750,100,98563,100,99933,100,98498,100,99934,120,,,99982,100,,,100017,200,,
2019-06-28 10:02:20.000000000,99420,502,99057,502,99442,100,98888,100,99484,100,98714,100,99528,100,98694,100,99589,100,98685,100,99750,100,98563,100,99933,100,98498,100,99934,120,,,99982,100,,,100017,200,,
2019-06-28 10:02:30.000000000,99420,237,99057,237,99442,233,98888,233,99484,233,98714,233,99528,100,98694,100,99589,100,98685,100,99750,100,98563,100,99933,100,98498,100,99934,120,,,99982,100,,,100017,200,,
2019-06-28 10:02:35.275481832,99420,137,99057,237,99442,233,98888,233,99484,233,98714,233,99528,100,98694,100,99589,100,98685,100,99750,100,98563,100,99933,100,98498,100,99934,120,,,99982,100,,,100017,200,,
2019-06-28 10:02:40.000000000,99442,237,99057,237,99484,233,98888,233,99528,233,98714,233,99589,100,98694,100,99750,100,98685,100,99933,100,98563,100,99934,120,98498,100,99982,100,,,100017,200,,,100062,100,,
2019-06-28 10:02:50.000000000,99442,200,99057,200,99484,200,98888,200,99528,200,98714,200,99589,200,98694,200,99750,100,98685,100,99933,100,98563,100,99934,120,98498,100,99982,100,,,100017,200,,,100062,100,,
2019-06-28 10:03:00.000000000,99442,301,99057,301,99484,301,98888,301,99528,100,98714,100,99589,100,98694,100,99750,100,98685,100,99933,100,98563,100,99934,120,98498,100,99982,100,,,100017,200,,,100062,100,,
2019-06-28 10:03:10.000000000,99442,237,99057,237,99484,233,98888,233,99528,233,98714,233,99589,100,98694,100,99750,100,98685,100,99933,100,98563,100,99934,120,98498,100,99982,100,,,100017,200,,,100062,100,,
2019-06-28 10:03:11.189921709,99442,137,99057,237,99484,233,98888,233,99528,233,98714,233,99589,100,98694,100,99750,100,98685,100,99933,100,98563,100,99934,120,98498,100,99982,100,,,100017,200,,,100062,100,,
2019-06-28 10:03:12.649355003,99442,37,99057,237,99484,233,98888,233,99528,233,98714,233,99589,100,98694,100,99933,100,98685,100,99934,120,98563,100,99982,100,98498,100,100017,200,,,100062,100,,,100128,100,,
2019-06-28 10:03:20.000000000,99484,180,99057,180,99528,180,98888,180,99589,180,98714,180,99933,180,98694,180,99934,200,98685,180,99982,100,98563,100,100017,200,98498,100,100062,100,,,100128,100,,,100432,100,,
2019-06-28 10:03:30.000000000,99484,237,99057,237,99528,233,98888,233,99589,233,98714,233,99933,100,98694,100,99934,120,98685,100,99982,100,98563,100,100017,200,98498,100,100062,100,,,100128,100,,,100432,100,,
2019-06-28 10:03:40.000000000,99484,180,99057,180,99528,180,98888,180,99589,180,98714,180,99933,180,98694,180,99934,200,98685,180,99982,100,98563,100,100017,200,98498,100,100062,100,,,100128,100,,,100432,100,,
2019-06-28 10:03:40.294931304,99484,180,99442,100,99528,180,99057,180,99589,180,98888,180,99933,180,98714,180,99934,200,98694,180,99982,100,98685,180,100017,200,98563,100,100062,100,98498,100,100128,100,,,100432,100,,
2019-06-28 10:03:50.000000000,99484,200,99442,200,99528,200,99057,200,99589,200,98888,200,99933,200,98714,200,99934,120,98694,100,99982,100,98685,100,100017,200,98563,100,100062,100,98498,100,100128,100,,,100432,100,,
2019-06-28 10:04:00.000000000,99484,502,99442,502,99528,100,99057,100,99589,100,98888,100,99933,100,98714,100,99934,120,98694,100,99982,100,98685,100,100017,200,98563,100,100062,100,98498,100,100128,100,,,100432,100,,
2019-06-28 10:04:10.000000000,99484,301,99442,301,99528,301,99057,301,99589,100,98888,100,99933,100,98714,100,99934,120,98694,100,99982,100,98685,100,100017,200,98563,100,100062,100,98498,100,100128,100,,,100432,100,,
2019-06-28 10:04:13.027026477,99484,201,99442,301,99528,301,99057,301,99589,100,98888,100,99933,100,98714,100,99934,120,98694,100,99982,100,98685,100,100017,200,98563,100,100062,100,98498,100,100128,100,,,100432,100,,
2019-06-28 10:04:20.000000000,99528,301,99442,301,99589,301,99057,301,99933,100,98888,100,99934,120,98714,100,99982,100,98694,100,100017,200,98685,100,100062,100,98563,100,100128,100,98498,100,100432,100,,,,,,
2019-06-28 10:04:28.374753595,99528,201,99442,301,99589,301,99057,301,99933,100,98888,100,99934,120,98714,100,99982,100,98694,100,100017,200,98685,100,100062,100,98563,100,100128,100,98498,100,100432,100,,,,,,
2019-06-28 10:04:30.000000000,99589,301,99442,301,99933,301,99057,301,99934,120,98888,100,99982,100,98714,100,100017,200,98694,100,100062,100,98685,100,100128,100,98563,100,100432,100,98498,100,,,,,,,,
2019-06-28 10:04:38.352011322,99589,301,99442,301,99933,301,99057,301,99934,120,98888,100,99982,100,98714,100,100017,200,98694,100,100062,100,98685,100,100128,100,98563,100,100425,100,98498,100,,,,,,,,
2019-06-28 10:04:40.000000000,99589,237,99442,237,99933,233,99057,233,99934,253,98888,233,99982,100,98714,100,100017,200,98694,100,100062,100,98685,100,100128,100,98563,100,100425,100,98498,100,,,,,,,,
2019-06-28 10:04:50.000000000,99589,237,99442,237,99933,233,99057,233,99934,253,98888,233,99982,100,98714,100,100017,200,98694,100,100062,100,98685,100,100128,100,98563,100,100425,100,98498,100,,,,,,,,
2019-06-28 10:05:00.000000000,99589,237,99442,237,99933,233,99057,233,99934,253,98888,233,99982,100,98714,100,100017,200,98694,100,100062,100,98685,100,100128,100,98563,100,100425,100,98498,100,,,,,,,,
2019-06-28 10:05:07.920185918,99589,137,99442,237,99933,233,99057,233,99934,253,98888,233,99982,100,98714,100,100017,200,98694,100,100062,100,98685,100,100128,100,98563,100,100425,100,98498,100,,,,,,,,
2019-06-28 10:05:10.000000000,99933,237,99442,237,99934,253,99057,233,99982,233,98888,233,100017,200,98714,100,100062,100,98694,100,100128,100,98685,100,100425,100,98563,100,,,98498,100,,,,,,,,
2019-06-28 10:05:20.000000000,99933,237,99442,237,99934,253,99057,233,99982,233,98888,233,100017,200,98714,100,100062,100,98694,100,100128,100,98685,100,100425,100,98563,100,,,98498,100,,,,,,,,
2019-06-28 10:05:30.000000000,99933,200,99442,200,99934,220,99057,200,99982,200,98888,200,100017,300,98714,200,100062,100,98694,100,100128,100,98685,100,100425,100,98563,100,,,98498,100,,,,,,,,
2019-06-28 10:05:40.000000000,99933,200,99442,200,99934,220,99057,200,99982,200,98888,200,100017,300,98714,200,100062,100,98694,100,100128,100,98685,100,100425,100,98563,100,,,98498,100,,,,,,,,
2019-06-28 10:05:47.161998567,99933,200,99897,100,99934,220,99442,200,99982,200,99057,200,100017,300,98888,200,100062,100,98714,200,100128,100,98694,100,100425,100,98685,100,,,98563,100,,,98498,100,,,,
2019-06-28 10:05:50.000000000,99933,502,99897,502,99934,120,99442,100,99982,100,99057,100,100017,200,98888,100,100062,100,98714,100,100128,100,98694,100,100425,100,98685,100,,,98563,100,,,98498,100,,,,
2019-06-28 10:05:53.596755517,99933,402,99897,502,99934,120,99442,100,99982,100,99057,100,100017,200,98888,100,100062,100,98714,100,100128,100,98694,100,100425,100,98685,100,,,98563,100,,,98498,100,,,,
2019-06-28 10:06:00.000000000,99934,220,99897,200,99982,200,99442,200,100017,300,99057,200,100062,200,98888,200,100128,100,98714,100,100425,100,98694,100,,,98685,100,,,98563,100,,,98498,100,,,,
2019-06-28 10:06:10.000000000,99934,220,99897,200,99982,200,99442,200,100017,300,99057,200,100062,200,98888,200,100128,100,98714,100,100425,100,98694,100,,,98685,100,,,98563,100,,,98498,100,,,,
2019-06-28 10:06:19.031347394,99934,220,99897,200,99982,200,99442,100,100017,300,99057,200,100062,200,98888,200,100128,100,98714,100,100425,100,98694,100,,,98685,100,,,98563,100,,,98498,100,,,,
2019-06-28 10:06:20.000000000,99934,200,99897,180,99982,180,99057,180,100017,280,98888,180,100062,180,98714,180,100128,180,98694,180,100425,100,98685,100,,,98563,100,,,98498,100,,,,,,,,
2019-06-28 10:06:30.000000000,99934,257,99897,237,99982,233,99057,233,100017,333,98888,233,100062,100,98714,100,100128,100,98694,100,100425,100,98685,100,,,98563,100,,,98498,100,,,,,,,,
2019-06-28 10:06:40.000000000,99934,200,99897,180,99982,180,99057,180,100017,280,98888,180,100062,180,98714,180,100128,180,98694,180,100425,100,98685,100,,,98563,100,,,98498,100,,,,,,,,
2019-06-28 10:06:50.000000000,99934,522,99897,502,99982,100,99057,100,100017,200,98888,100,100062,100,98714,100,100128,100,98694,100,100425,100,98685,100,,,98563,100,,,98498,100,,,,,,,,
2019-06-28 10:07:00.000000000,99934,321,99897,301,99982,301,99057,301,100017,200,98888,100,100062,100,98714,100,100128,100,98694,100,100425,100,98685,100,,,98563,100,,,98498,100,,,,,,,,
2019-06-28 10:07:10.000000000,99934,200,99897,180,99982,180,99057,180,100017,280,98888,180,100062,180,98714,180,100128,180,98694,180,100425,100,98685,100,,,98563,100,,,98498,100,,,,,,,,
2019-06-28 10:07:20.000000000,99934,257,99897,237,99982,233,99057,233,100017,333,98888,233,100062,100,98714,100,100128,100,98694,100,100425,100,98685,100,,,98563,100,,,98498,100,,,,,,,,
2019-06-28 10:07:30.000000000,99934,200,99897,180,99982,180,99057,180,100017,280,98888,180,100062,180,98714,180,100128,180,98694,180,100425,100,98685,100,,,98563,100,,,98498,100,,,,,,,,
2019-06-28 10:07:40.000000000,99934,220,99897,200,99982,200,99057,200,100017,300,98888,200,100062,200,98714,200,100128,100,98694,100,100425,100,98685,100,,,98563,100,,,98498,100,,,,,,,,
2019-06-28 10:07:45.187015537,99934,220,99897,200,99982,200,99589,100,100017,300,99057,200,100062,200,98888,200,100128,100,98714,200,100425,100,98694,100,,,98685,100,,,98563,100,,,98498,100,,,,
2019-06-28 10:07:50.000000000,99934,257,99897,237,99982,233,99589,233,100017,333,99057,233,100062,100,98888,100,100128,100,98714,100,100425,100,98694,100,,,98685,100,,,98563,100,,,98498,100,,,,
2019-06-28 10:08:00.000000000,99934,220,99897,200,99982,200,99589,200,100017,300,99057,200,100062,200,98888,200,100128,100,98714,100,100425,100,98694,100,,,98685,100,,,98563,100,,,98498,100,,,,
2019-06-28 10:08:07.117681390,99934,220,99897,200,99982,200,99589,200,100017,300,99057,200,100062,200,98888,200,100128,100,98714,100,100225,100,98694,100,100425,100,98685,100,,,98563,100,,,,,,,,
2019-06-28 10:08:10.000000000,99934,321,99897,301,99982,301,99589,301,100017,200,99057,100,100062,100,98888,100,100128,100,98714,100,100225,100,98694,100,100425,100,98685,100,,,98563,100,,,,,,,,
2019-06-28 10:08:11.764706210,99934,221,99897,301,99982,301,99589,301,100017,200,99057,100,100062,100,98888,100,100128,100,98714,100,100225,100,98694,100,100425,100,98685,100,,,98563,100,,,,,,,,
2019-06-28 10:08:17.111307366,99934,221,99897,301,99982,301,99589,201,100017,200,99057,100,100062,100,98888,100,100128,100,98714,100,100225,100,98694,100,100425,100,98685,100,,,98563,100,,,,,,,,
2019-06-28 10:08:20.000000000,99934,157,99897,237,99982,233,99057,233,100017,333,98888,233,100062,100,98714,100,100128,100,98694,100,100225,100,98685,100,100425,100,98563,100,,,,,,,,,,,,
2019-06-28 10:08:30.000000000,99934,157,99897,237,99982,233,99057,233,100017,333,98888,233,100062,100,98714,100,100128,100,98694,100,100225,100,98685,100,100425,100,98563,100,,,,,,,,,,,,
2019-06-28 10:08:40.000000000,99934,422,99897,502,99982,100,99057,100,100017,200,98888,100,100062,100,98714,100,100128,100,98694,100,100225,100,98685,100,100425,100,98563,100,,,,,,,,,,,,
2019-06-28 10:08:41.010817062,99934,422,99897,502,99982,100,99057,100,100017,200,98888,100,100062,100,98714,100,100128,100,98694,100,100225,200,98685,100,100425,100,98563,100,,,,,,,,,,,,
2019-06-28 10:08:50.000000000,99934,422,99897,502,99982,100,99057,100,100017,200,98888,100,100062,100,98714,100,100128,100,98694,100,100225,200,98685,100,100425,100,98563,100,,,,,,,,,,,,
2019-06-28 10:09:00.000000000,99934,100,99897,180,99982,180,99057,180,100017,280,98888,180,100062,180,98714,180,100128,180,98694,180,100225,200,98685,100,100425,100,98563,100,,,,,,,,,,,,
2019-06-28 10:09:10.000000000,99934,221,99897,301,99982,301,99057,301,100017,200,98888,100,100062,100,98714,100,100128,100,98694,100,100225,200,98685,100,100425,100,98563,100,,,,,,,,,,,,
2019-06-28 10:09:12.114204175,99934,121,99897,301,99982,301,99057,301,100017,200,98888,100,100062,100,98714,100,100128,100,98694,100,100225,200,98685,100,100425,100,98563,100,,,,,,,,,,,,
2019-06-28 10:09:20.000000000,99982,180,99897,180,100017,280,99057,180,100062,180,98888,180,100128,180,98714,180,100225,280,98694,180,100425,100,98685,100,,,98563,100,,,,,,,,,,,,
2019-06-28 10:09:30.000000000,99982,502,99897,502,100017,200,99057,100,100062,100,98888,100,100128,100,98714,100,100225,200,98694,100,100425,100,98685,100,,,98563,100,,,,,,,,,,,,
2019-06-28 10:09:40.000000000,99982,502,99897,502,100017,200,99057,100,100062,100,98888,100,100128,100,98714,100,100225,200,98694,100,100425,100,98685,100,,,98563,100,,,,,,,,,,,,
2019-06-28 10:09:50.000000000,99982,200,99897,200,100017,300,99057,200,100062,200,98888,200,100128,200,98714,200,100225,200,98694,100,100425,100,98685,100,,,98563,100,,,,,,,,,,,,
2019-06-28 10:09:51.661087295,99924,100,99897,200,99982,200,99057,200,100017,300,98888,200,100062,200,98714,200,100128,200,98694,100,100225,200,98685,100,100425,100,98563,100,,,,,,,,,,,,
2019-06-28 10:10:00.000000000,99924,502,99897,502,99982,100,99057,100,100017,200,98888,100,100062,100,98714,100,100128,100,98694,100,100225,200,98685,100,100425,100,98563,100,,,,,,,,,,,,
2019-06-28 10:10:10.000000000,99924,200,99897,200,99982,200,99057,200,100017,300,98888,200,100062,200,98714,200,100128,100,98694,100,100225,200,98685,100,100425,100,98563,100,,,,,,,,,,,,
2019-06-28 10:10:20.000000000,99924,237,99897,237,99982,233,99057,233,100017,333,98888,233,100062,100,98714,100,100128,100,98694,100,100225,200,98685,100,100425,100,98563,100,,,,,,,,,,,,
2019-06-28 10:10:23.763018293,99924,237,99897,237,99982,233,99646,100,100017,333,99057,233,100062,100,98888,233,100128,100,98714,100,100225,200,98694,100,100425,100,98685,100,,,98563,100,,,,,,,,
2019-06-28 10:10:30.000000000,99924,180,99897,180,99982,180,99646,180,100017,280,99057,180,100062,180,98888,180,100128,180,98714,180,100225,200,98694,100,100425,100,98685,100,,,98563,100,,,,,,,,
2019-06-28 10:10:40.000000000,99924,237,99897,237,99982,233,99646,233,100017,333,99057,233,100062,100,98888,100,100128,100,98714,100,100225,200,98694,100,100425,100,98685,100,,,98563,100,,,,,,,,
2019-06-28 10:10:44.928645390,99924,237,99897,237,99982,233,99646,233,100017,333,99057,233,100062,100,98888,100,100128,100,98714,100,100173,100,98694,100,100225,200,98685,100,100425,100,98563,100,,,,,,,,
2019-06-28 10:10:50.000000000,99924,237,99897,237,99982,233,99646,233,100017,333,99057,233,100062,100,98888,100,100128,100,98714,100,100173,100,98694,100,100225,200,98685,100,100425,100,98563,100,,,,,,,,
2019-06-28 10:11:00.000000000,99924,237,99897,237,99982,233,99646,233,100017,333,99057,233,100062,100,98888,100,100128,100,98714,100,100173,100,98694,100,100225,200,98685,100,100425,100,98563,100,,,,,,,,
2019-06-28 10:11:02.094481145,99924,237,99897,237,99982,233,99646,233,100017,333,99237,100,100062,100,99057,233,100128,100,98888,100,100173,100,98714,100,100225,200,98694,100,100425,100,98685,100,,,98563,100,,,,
2019-06-28 10:11:10.000000000,99924,200,99897,200,99982,200,99646,200,100017,300,99237,200,100062,200,99057,200,100128,100,98888,100,100173,100,98714,100,100225,200,98694,100,100425,100,98685,100,,,98563,100,,,,
2019-06-28 10:11:15.465923126,99924,200,99897,200,99982,200,99646,200,100017,300,99237,200,100062,200,99083,100,100128,100,99057,200,100173,100,98888,100,100225,200,98714,100,100425,100,98694,100,,,98685,100,,,98563,100
2019-06-28 10:11:20.000000000,99924,180,99897,180,99982,180,99646,180,100017,280,99237,180,100062,180,99083,180,100128,180,99057,180,100173,100,98888,100,100225,200,98714,100,100425,100,98694,100,,,98685,100,,,98563,100
2019-06-28 10:11:30.000000000,99924,502,99897,502,99982,100,99646,100,100017,200,99237,100,100062,100,99083,100,100128,100,99057,100,100173,100,98888,100,100225,200,98714,100,100425,100,98694,100,,,98685,100,,,98563,100
2019-06-28 10:11:40.000000000,99924,502,99897,502,99982,100,99646,100,100017,200,99237,100,100062,100,99083,100,100128,100,99057,100,100173,100,98888,100,100225,200,98714,100,100425,100,98694,100,,,98685,100,,,98563,100
2019-06-28 10:11:50.000000000,99924,237,99897,237,99982,233,99646,233,100017,333,99237,233,100062,100,99083,100,100128,100,99057,100,100173,100,98888,100,100225,200,98714,100,100425,100,98694,100,,,98685,100,,,98563,100
2019-06-28 10:11:52.641284655,99924,237,99897,237,99982,133,99646,233,100017,333,99237,233,100062,100,99083,100,100128,100,99057,100,100173,100,98888,100,100225,200,98714,100,100425,100,98694,100,,,98685,100,,,98563,100
2019-06-28 10:12:00.000000000,99924,301,99897,301,100017,401,99646,301,100062,100,99237,100,100128,100,99083,100,100173,100,99057,100,100225,200,98888,100,100425,100,98714,100,,,98694,100,,,98685,100,,,98563,100
2019-06-28 10:12:10.000000000,99924,180,99897,180,100017,280,99646,180,100062,180,99237,180,100128,180,99083,180,100173,180,99057,180,100225,200,98888,100,100425,100,98714,100,,,98694,100,,,98685,100,,,98563,100
2019-06-28 10:12:12.477029809,99924,180,99897,180,99933,100,99646,180,100017,180,99237,180,100062,180,99083,180,100128,180,99057,180,100173,180,98888,100,100225,200,98714,100,100425,100,98694,100,,,98685,100,,,98563,100
2019-06-28 10:12:20.000000000,99924,301,99897,301,99933,301,99646,301,100017,100,99237,100,100062,100,99083,100,100128,100,99057,100,100173,100,98888,100,100225,200,98714,100,100425,100,98694,100,,,98685,100,,,98563,100
2019-06-28 10:12:20.805931431,99924,301,99897,301,99933,301,99646,301,100017,100,99237,100,100062,100,99083,100,100128,100,99057,100,100173,100,98888,100,100225,200,98714,100,100425,100,98694,100,100859,100,98685,100,,,98563,100
2019-06-28 10:12:30.000000000,99924,237,99897,237,99933,233,99646,233,100017,233,99237,233,100062,100,99083,100,100128,100,99057,100,100173,100,98888,100,100225,200,98714,100,100425,100,98694,100,100859,100,98685,100,,,98563,100
2019-06-28 10:12:31.120860134,99924,137,99897,237,99933,133,99646,233,100017,233,99237,233,100062,100,99083,100,100128,100,99057,100,100173,100,98888,100,100225,200,98714,100,100425,100,98694,100,100859,100,98685,100,,,98563,100
2019-06-28 10:12:40.000000000,100017,237,99897,237,100062,233,99646,233,100128,233,99237,233,100173,100,99083,100,100225,200,99057,100,100425,100,98888,100,100859,100,98714,100,,,98694,100,,,98685,100,,,98563,100
2019-06-28 10:12:43.725680122,100017,237,99897,237,100062,233,99646,233,100128,233,99237,233,100173,100,99083,100,100225,200,99057,100,100425,100,98888,100,100859,100,98714,100,100886,100,98694,100,,,98685,100,,,98563,100
2019-06-28 10:12:50.000000000,100017,180,99897,180,100062,180,99646,180,100128,180,99237,180,100173,180,99083,180,100225,280,99057,180,100425,100,98888,100,100859,100,98714,100,100886,100,98694,100,,,98685,100,,,98563,100
2019-06-28 10:13:00.000000000,100017,301,99897,301,100062,301,99646,301,100128,100,99237,100,100173,100,99083,100,100225,200,99057,100,100425,100,98888,100,100859,100,98714,100,100886,100,98694,100,,,98685,100,,,98563,100
2019-06-28 10:13:10.000000000,100017,180,99897,180,100062,180,99646,180,100128,180,99237,180,100173,180,99083,180,100225,280,99057,180,100425,100,98888,100,100859,100,98714,100,100886,100,98694,100,,,98685,100,,,98563,100
2019-06-28 10:13:20.000000000,100017,237,99897,237,100062,233,99646,233,100128,233,99237,233,100173,100,99083,100,100225,200,99057,100,100425,100,98888,100,100859,100,98714,100,100886,100,98694,100,,,98685,100,,,98563,100
2019-06-28 10:13:29.416387358,100017,237,99897,237,100062,233,99646,233,100128,233,99237,233,100173,100,99083,100,100225,200,99057,100,100425,100,98888,100,100791,100,98714,100,100859,100,98694,100,,,98685,100,,,98563,100
2019-06-28 10:13:29.452676216,100017,237,99924,100,100062,233,99897,237,100128,233,99646,233,100173,100,99237,233,100225,200,99083,100,100425,100,99057,100,100791,100,98888,100,100859,100,98714,100,,,98694,100,,,98685,100
2019-06-28 10:13:30.000000000,100017,180,99924,180,100062,180,99897,180,100128,180,99646,180,100173,180,99237,180,100225,280,99083,180,100425,100,99057,100,100791,100,98888,100,100859,100,98714,100,,,98694,100,,,98685,100
2019-06-28 10:13:40.000000000,100017,502,99924,502,100062,100,99897,100,100128,100,99646,100,100173,100,99237,100,100225,200,99083,100,100425,100,99057,100,100791,100,98888,100,100859,100,98714,100,,,98694,100,,,98685,100
2019-06-28 10:13:43.870494224,100017,402,99924,502,100062,100,99897,100,100128,100,99646,100,100173,100,99237,100,100225,200,99083,100,100425,100,99057,100,100791,100,98888,100,100859,100,98714,100,,,98694,100,,,98685,100
2019-06-28 10:13:48.094663289,100017,402,99925,100,100062,100,99924,502,100128,100,99897,100,100173,100,99646,100,100225,200,99237,100,100425,100,99083,100,100791,100,98888,100,100859,100,98714,100,,,98694,100,,,98685,100
2019-06-28 10:13:50.000000000,100062,502,99925,502,100128,100,99924,100,100173,100,99897,100,100225,200,99646,100,100425,100,99237,100,100791,100,99083,100,100859,100,98888,100,,,98714,100,,,98694,100,,,98685,100
2019-06-28 10:13:55.646080635,100062,402,99925,502,100128,100,99924,100,100173,100,99897,100,100225,200,99646,100,100425,100,99237,100,100791,100,99083,100,100859,100,98888,100,,,98714,100,,,98694,100,,,98685,100
2019-06-28 10:14:00.000000000,100128,502,99925,502,100173,100,99924,100,100225,200,99897,100,100425,100,99646,100,100791,100,99237,100,100859,100,99083,100,,,98888,100,,,98714,100,,,98694,100,,,98685,100
2019-06-28 10:14:10.000000000,100128,200,99925,200,100173,200,99924,200,100225,300,99897,200,100425,200,99646,200,100791,100,99237,100,100859,100,99083,100,,,98888,100,,,98714,100,,,98694,100,,,98685,100
2019-06-28 10:14:20.000000000,100128,301,99925,301,100173,301,99924,301,100225,200,99897,100,100425,100,99646,100,100791,100,99237,100,100859,100,99083,100,,,98888,100,,,98714,100,,,98694,100,,,98685,100
