,ask_price_1,ask_size_1,bid_price_1,bid_size_1,ask_price_2,ask_size_2,bid_price_2,bid_size_2,ask_price_3,ask_size_3,bid_price_3,bid_size_3,ask_price_4,ask_size_4,bid_price_4,bid_size_4,ask_price_5,ask_size_5,bid_price_5,bid_size_5,ask_price_6,ask_size_6,bid_price_6,bid_size_6,ask_price_7,ask_size_7,bid_price_7,bid_size_7,ask_price_8,ask_size_8,bid_price_8,bid_size_8,ask_price_9,ask_size_9,bid_price_9,bid_size_9,ask_price_10,ask_size_10,bid_price_10,bid_size_10
2019-06-28 09:30:00.000000000,99881,100,99830,100,99962,100,,,,,,,,,,,,,,,,,,,,,,,,,,,,,,,,,,
2019-06-28 09:30:00.000000001,99962,100,99830,100,,,,,,,,,,,,,,,,,,,,,,,,,,,,,,,,,,,,
2019-06-28 09:30:00.000000004,99921,100,99830,100,99962,100,,,,,,,,,,,,,,,,,,,,,,,,,,,,,,,,,,
2019-06-28 09:30:00.000000005,99921,100,99892,100,99962,100,99830,100,,,,,,,,,,,,,,,,,,,,,,,,,,,,,,,,
2019-06-28 09:30:00.000000010,99962,100,99892,100,99974,100,99830,100,,,,,,,,,,,,,,,,,,,,,,,,,,,,,,,,
2019-06-28 09:30:00.000000011,99974,100,99892,100,,,99830,100,,,,,,,,,,,,,,,,,,,,,,,,,,,,,,,,
2019-06-28 09:30:00.000000014,99974,100,99892,100,100019,100,99830,100,,,,,,,,,,,,,,,,,,,,,,,,,,,,,,,,
2019-06-28 09:30:00.000000017,99974,100,99921,100,100019,100,99892,100,,,99830,100,,,,,,,,,,,,,,,,,,,,,,,,,,,,
2019-06-28 09:30:00.000000019,99962,100,99921,100,99974,100,99892,100,100019,100,99830,100,,,,,,,,,,,,,,,,,,,,,,,,,,,,
2019-06-28 09:30:00.000000020,99962,100,99921,200,99974,100,99892,100,100019,100,99830,100,,,,,,,,,,,,,,,,,,,,,,,,,,,,
2019-06-28 09:30:00.000000021,99962,200,99921,200,99974,100,99892,100,100019,100,99830,100,100044,100,,,,,,,,,,,,,,,,,,,,,,,,,,
2019-06-28 09:30:00.000000023,99962,200,99921,200,99974,100,99892,100,100019,100,99884,100,100044,100,99830,100,,,,,,,,,,,,,,,,,,,,,,,,
2019-06-28 09:30:00.000000024,99974,100,99921,200,100019,100,99892,100,100044,100,99884,100,,,99830,100,,,,,,,,,,,,,,,,,,,,,,,,
2019-06-28 09:30:00.000000026,99974,100,99921,200,100019,100,99892,100,100025,100,99884,100,100044,100,99830,100,100109,100,,,,,,,,,,,,,,,,,,,,,,
2019-06-28 09:30:00.000000028,99962,100,99921,100,99974,100,99892,100,100019,100,99884,100,100025,100,99857,100,100044,100,99830,100,100109,100,,,,,,,,,,,,,,,,,,
2019-06-28 09:30:00.000000029,99962,100,99921,100,99974,100,99892,100,100019,100,99884,100,100025,100,99857,100,100044,100,99830,100,100065,100,,,100109,100,,,,,,,,,,,,,,
2019-06-28 09:30:00.000000030,99962,100,99954,100,99964,100,99921,100,99974,100,99892,100,100019,100,99884,100,100025,100,99857,100,100044,100,99830,100,100065,100,,,100109,100,,,,,,,,,,
2019-06-28 09:30:00.000000034,99962,100,99954,100,99964,100,99921,200,99974,100,99892,100,100019,100,99884,100,100025,100,99857,100,100044,100,99830,100,100065,100,,,100109,100,,,,,,,,,,
2019-06-28 09:30:00.000000037,99962,200,99954,100,99964,100,99921,200,99974,100,99892,100,100019,100,99884,100,100025,100,99857,100,100044,100,99830,100,100065,100,,,100109,100,,,,,,,,,,
2019-06-28 09:30:00.000000040,99962,200,99958,100,99964,100,99954,100,99974,100,99921,300,100019,100,99892,100,100025,100,99884,100,100032,100,99857,100,100044,100,99830,100,100065,100,,,100109,100,,,,,,
2019-06-28 09:30:00.000000041,99962,200,99958,100,99964,100,99954,100,99974,100,99923,100,100019,100,99921,300,100025,100,99892,100,100032,100,99884,100,100044,100,99857,100,100065,100,99830,100,100109,100,99750,100,,,,
2019-06-28 09:30:00.000000045,99962,100,99958,100,99964,100,99954,100,99974,100,99923,100,100019,100,99921,400,100025,100,99892,100,100032,100,99884,100,100044,100,99857,100,100065,100,99830,100,100109,100,99750,100,,,,
2019-06-28 09:30:00.000000046,99962,100,99958,100,99964,100,99954,100,99974,100,99923,100,100013,100,99921,400,100019,100,99892,100,100025,100,99884,100,100032,100,99857,100,100044,100,99830,100,100065,100,99750,100,100109,100,,
2019-06-28 09:30:00.000000048,99962,100,99954,100,99964,100,99923,100,99974,100,99921,400,100013,100,99892,100,100019,100,99884,100,100025,100,99857,100,100032,100,99830,100,100044,100,99750,100,100065,100,,,100109,100,,
2019-06-28 09:30:00.000000050,99962,100,99954,100,99964,100,99923,100,99974,100,99921,400,99995,100,99892,100,100013,100,99884,100,100019,100,99857,100,100025,100,99830,100,100032,100,99750,100,100044,100,,,100065,100,,
2019-06-28 09:30:00.000000053,99962,100,99954,100,99964,100,99923,100,99974,100,99921,400,99979,100,99892,100,99995,100,99884,100,100013,100,99857,100,100019,100,99830,100,100025,100,99750,100,100032,100,,,100043,100,,
2019-06-28 09:30:00.000000054,99964,100,99954,100,99974,100,99923,100,99979,100,99921,400,99995,100,99892,100,100013,100,99884,100,100019,100,99857,100,100025,100,99830,100,100032,100,99750,100,100043,100,,,100044,100,,
2019-06-28 09:30:00.000000057,99964,100,99954,100,99974,100,99923,100,99979,100,99921,400,99995,100,99892,100,100013,100,99884,100,100019,100,99857,100,100025,100,99830,100,100032,100,99750,100,100043,100,,,100044,100,,
2019-06-28 09:30:00.000000058,99964,100,99954,100,99974,100,99923,100,99979,100,99921,400,99995,100,99892,200,100013,100,99884,100,100019,100,99857,100,100025,100,99830,100,100032,100,99750,100,100043,100,,,100044,100,,
2019-06-28 09:30:00.000000062,99964,100,99954,100,99974,100,99923,100,99979,100,99921,400,99995,100,99892,200,100013,100,99884,100,100019,100,99857,100,100025,100,99830,100,100032,100,99750,100,100043,100,,,100044,100,,
2019-06-28 09:30:00.000000063,99964,100,99954,100,99974,100,99923,100,99979,100,99921,400,99995,100,99892,200,100013,100,99884,100,100019,100,99857,100,100025,100,99830,100,100030,100,99750,100,100032,100,,,100043,100,,
2019-06-28 09:30:00.000000066,99962,100,99954,100,99964,100,99923,100,99974,200,99921,400,99979,100,99892,200,99995,100,99884,100,100013,100,99857,100,100019,100,99830,100,100025,100,99750,100,100030,100,,,100032,100,,
2019-06-28 09:30:00.000000067,99962,100,99954,100,99964,100,99923,100,99974,200,99921,400,99979,100,99892,200,99995,100,99884,100,100013,100,99857,100,100019,100,99830,100,100025,100,99750,100,100030,100,,,100032,100,,
2019-06-28 09:30:00.000000069,99960,100,99954,100,99962,100,99923,100,99964,100,99921,400,99974,200,99892,200,99979,100,99884,100,99995,100,99857,100,100013,100,99830,100,100019,100,99750,100,100025,100,,,100030,100,,
2019-06-28 09:30:00.000000074,99960,100,99958,100,99962,100,99954,100,99964,100,99923,100,99974,200,99921,400,99979,100,99892,200,99995,100,99884,100,100013,100,99857,100,100019,100,99830,100,100025,100,99750,100,100030,100,,
2019-06-28 09:30:00.000000075,99960,100,99958,100,99962,100,99954,100,99964,100,99923,100,99974,200,99921,400,99979,100,99892,200,99995,100,99884,100,100013,100,99857,100,100019,100,99830,100,100025,100,99750,100,100030,100,,
2019-06-28 09:30:00.000000078,99960,100,99958,100,99962,100,99954,100,99964,100,99923,100,99974,200,99921,400,99979,100,99892,200,99995,100,99884,100,100013,100,99857,100,100019,100,99830,100,100025,100,99750,100,100028,100,,
2019-06-28 09:30:00.000000080,99960,100,99958,200,99962,100,99954,100,99964,100,99923,100,99974,200,99921,400,99979,100,99892,200,99995,100,99884,100,100013,100,99857,100,100019,100,99830,100,100025,100,99750,100,100028,100,,
2019-06-28 09:30:00.000000082,99960,100,99958,300,99962,100,99954,100,99964,100,99923,100,99974,200,99921,400,99979,100,99904,100,99995,100,99892,200,100007,100,99884,100,100013,100,99857,100,100019,100,99830,100,100025,100,99750,100
2019-06-28 09:30:00.000000085,99960,100,99958,300,99962,100,99954,100,99964,100,99923,100,99974,200,99921,400,99979,100,99918,100,99995,100,99904,100,100007,100,99892,200,100013,100,99884,100,100019,100,99857,100,100025,100,99830,100
2019-06-28 09:30:00.000000086,99960,100,99958,300,99962,100,99954,100,99964,100,99923,100,99974,200,99921,400,99979,100,99918,100,99995,100,99904,100,100007,100,99892,200,100013,100,99884,100,100019,100,99857,100,100025,100,99830,200
2019-06-28 09:30:00.000000087,99960,100,99958,300,99962,100,99954,100,99964,100,99923,100,99974,200,99921,400,99979,100,99918,100,99995,100,99904,100,100007,100,99892,200,100013,100,99887,100,100019,100,99884,100,100025,100,99857,100
2019-06-28 09:30:00.000000089,99960,100,99958,400,99962,100,99954,100,99964,100,99923,100,99974,200,99921,400,99979,100,99918,100,99995,100,99904,100,100007,100,99892,200,100013,100,99887,100,100019,100,99884,100,100025,100,99857,100
2019-06-28 09:30:00.000000091,99960,100,99958,400,99962,100,99954,100,99964,100,99941,100,99974,200,99923,100,99979,100,99921,400,99995,100,99918,100,100007,100,99904,100,100013,100,99892,200,100019,100,99887,100,100025,100,99884,100
2019-06-28 09:30:00.000000093,99960,100,99958,400,99962,200,99954,100,99964,100,99941,100,99974,200,99923,100,99979,100,99921,400,99995,100,99918,100,100007,100,99904,100,100013,100,99892,200,100019,100,99887,100,100025,100,99884,100
2019-06-28 09:30:00.000000097,99962,200,99958,400,99964,100,99954,100,99974,200,99941,100,99979,100,99923,100,99995,100,99921,400,100007,100,99918,100,100013,100,99904,100,100019,100,99892,200,100025,100,99887,100,100028,100,99884,100
2019-06-28 09:30:10.000000000,99962,266,99958,466,99964,166,99954,166,99974,266,99941,166,99979,166,99923,166,99995,100,99921,400,100007,100,99918,100,100013,100,99904,100,100019,100,99892,200,100025,100,99887,100,100028,100,99884,100
2019-06-28 09:30:20.000000000,99962,252,99958,452,99964,152,99954,152,99974,252,99941,152,99979,152,99923,152,99995,152,99921,452,100007,100,99918,100,100013,100,99904,100,100019,100,99892,200,100025,100,99887,100,100028,100,99884,100
2019-06-28 09:30:30.000000000,99962,266,99958,466,99964,166,99954,166,99974,266,99941,166,99979,166,99923,166,99995,100,99921,400,100007,100,99918,100,100013,100,99904,100,100019,100,99892,200,100025,100,99887,100,100028,100,99884,100
2019-06-28 09:30:39.019105460,99962,166,99958,466,99964,166,99954,166,99974,266,99941,166,99979,166,99923,166,99995,100,99921,400,100007,100,99918,100,100019,100,99904,100,100025,100,99892,200,100028,100,99887,100,100030,100,99884,100
2019-06-28 09:30:40.000000000,99962,166,99958,466,99964,166,99954,166,99974,266,99941,166,99979,166,99923,166,99995,100,99921,400,100007,100,99918,100,100019,100,99904,100,100025,100,99892,200,100028,100,99887,100,100030,100,99884,100
2019-06-28 09:30:50.000000000,99962,362,99958,662,99964,100,99954,100,99974,200,99941,100,99979,100,99923,100,99995,100,99921,400,100007,100,99918,100,100019,100,99904,100,100025,100,99892,200,100028,100,99887,100,100030,100,99884,100
2019-06-28 09:31:00.000000000,99962,166,99958,466,99964,166,99954,166,99974,266,99941,166,99979,166,99923,166,99995,100,99921,400,100007,100,99918,100,100019,100,99904,100,100025,100,99892,200,100028,100,99887,100,100030,100,99884,100
2019-06-28 09:31:07.307742163,99962,166,99960,100,99964,166,99958,466,99974,266,99954,166,99979,166,99941,166,99995,100,99923,166,100007,100,99921,400,100019,100,99918,100,100025,100,99904,100,100028,100,99892,200,100030,100,99887,100
2019-06-28 09:31:10.000000000,99962,152,99960,152,99964,152,99958,452,99974,252,99954,152,99979,152,99941,152,99995,152,99923,152,100007,100,99921,400,100019,100,99918,100,100025,100,99904,100,100028,100,99892,200,100030,100,99887,100
2019-06-28 09:31:10.328405755,99962,152,99960,152,99964,52,99958,452,99974,252,99954,152,99979,152,99941,152,99995,152,99923,152,100007,100,99921,400,100019,100,99918,100,100025,100,99904,100,100028,100,99892,200,100030,100,99887,100
2019-06-28 09:31:20.000000000,99962,231,99960,231,99974,331,99958,531,99979,100,99954,100,99995,100,99941,100,100007,100,99923,100,100019,100,99921,400,100025,100,99918,100,100028,100,99904,100,100030,100,99892,200,100032,100,99887,100
2019-06-28 09:31:30.000000000,99962,189,99960,189,99974,286,99958,486,99979,186,99954,186,99995,100,99941,100,100007,100,99923,100,100019,100,99921,400,100025,100,99918,100,100028,100,99904,100,100030,100,99892,200,100032,100,99887,100
2019-06-28 09:31:40.000000000,99962,166,99960,166,99974,266,99958,466,99979,166,99954,166,99995,166,99941,166,100007,100,99923,100,100019,100,99921,400,100025,100,99918,100,100028,100,99904,100,100030,100,99892,200,100032,100,99887,100
2019-06-28 09:31:50.000000000,99962,189,99960,189,99974,286,99958,486,99979,186,99954,186,99995,100,99941,100,100007,100,99923,100,100019,100,99921,400,100025,100,99918,100,100028,100,99904,100,100030,100,99892,200,100032,100,99887,100
2019-06-28 09:31:50.510110331,99961,100,99960,189,99962,189,99958,486,99974,286,99954,186,99979,186,99941,100,99995,100,99923,100,100007,100,99921,400,100019,100,99918,100,100025,100,99904,100,100028,100,99892,200,100030,100,99887,100
2019-06-28 09:31:56.664091506,99961,100,99960,189,99962,189,99958,486,99974,286,99954,186,99979,186,99941,100,99995,100,99923,100,100007,100,99921,400,100019,100,99918,100,100025,100,99904,100,100028,100,99892,200,100030,100,99887,100
2019-06-28 09:32:00.000000000,99961,166,99960,166,99962,166,99958,466,99974,266,99954,166,99979,166,99941,166,99995,100,99923,100,100007,100,99921,400,100019,100,99918,100,100025,100,99904,100,100028,100,99892,200,100030,100,99887,100
2019-06-28 09:32:10.000000000,99961,362,99960,362,99962,100,99958,400,99974,200,99954,100,99979,100,99941,100,99995,100,99923,100,100007,100,99921,400,100019,100,99918,100,100025,100,99904,100,100028,100,99892,200,100030,100,99887,100
2019-06-28 09:32:11.860750520,99961,362,99960,262,99962,100,99958,400,99974,200,99954,100,99979,100,99941,100,99995,100,99923,100,100007,100,99921,300,100019,100,99918,100,100025,100,99904,100,100028,100,99892,200,100030,100,99887,100
2019-06-28 09:32:20.000000000,99961,166,99958,466,99962,166,99954,166,99974,266,99941,166,99979,166,99923,166,99995,100,99921,300,100007,100,99918,100,100019,100,99904,100,100025,100,99892,200,100028,100,99887,100,100030,100,99884,100
2019-06-28 09:32:30.000000000,99961,189,99958,489,99962,186,99954,186,99974,286,99941,186,99979,100,99923,100,99995,100,99921,300,100007,100,99918,100,100019,100,99904,100,100025,100,99892,200,100028,100,99887,100,100030,100,99884,100
2019-06-28 09:32:30.151616242,99961,189,99958,489,99962,186,99954,186,99974,286,99941,186,99979,100,99923,100,99995,100,99921,300,100007,100,99918,100,100019,100,99904,100,100025,100,99892,200,100028,100,99887,100,100030,100,99884,100
2019-06-28 09:32:40.000000000,99961,231,99958,531,99962,231,99954,231,99974,200,99941,100,99979,100,99923,100,99995,100,99921,300,100007,100,99918,100,100019,100,99904,100,100025,100,99892,200,100028,100,99887,100,100030,100,99884,100
2019-06-28 09:32:44.293246785,99961,231,99958,431,99962,231,99954,231,99974,200,99941,100,99979,100,99923,100,99995,100,99921,300,100007,100,99918,100,100019,100,99904,100,100025,100,99892,100,100028,100,99887,100,100030,100,99884,100
2019-06-28 09:32:46.121479541,99960,100,99958,431,99961,231,99954,231,99962,231,99941,100,99974,200,99923,100,99979,100,99921,300,99995,100,99918,100,100007,100,99904,100,100019,100,99892,100,100025,100,99887,100,100028,100,99884,100
2019-06-28 09:32:50.000000000,99960,152,99958,352,99961,152,99954,152,99962,152,99941,152,99974,252,99923,152,99979,152,99921,352,99995,100,99918,100,100007,100,99904,100,100019,100,99892,100,100025,100,99887,100,100028,100,99884,100
2019-06-28 09:32:52.584546883,99960,152,99958,352,99961,152,99954,52,99962,152,99941,152,99974,252,99923,152,99979,152,99921,352,99995,100,99918,100,100007,100,99904,100,100019,100,99892,100,100025,100,99887,100,100028,100,99884,100
2019-06-28 09:32:59.209923742,99960,152,99958,352,99961,152,99954,52,99962,152,99941,152,99974,252,99923,152,99979,152,99921,252,99995,100,99918,100,100007,100,99904,100,100019,100,99892,100,100025,100,99887,100,100028,100,99884,100
2019-06-28 09:33:00.000000000,99960,166,99958,366,99961,166,99941,166,99962,166,99923,166,99974,266,99921,266,99979,100,99918,100,99995,100,99904,100,100007,100,99892,100,100019,100,99887,100,100025,100,99884,100,100028,100,99857,100
2019-06-28 09:33:05.743263209,99960,66,99958,366,99961,166,99941,166,99962,166,99923,166,99974,266,99921,266,99979,100,99918,100,99995,100,99904,100,100007,100,99892,100,100019,100,99887,100,100025,100,99884,100,100028,100,99857,100
2019-06-28 09:33:10.000000000,99961,362,99958,562,99962,100,99941,100,99974,200,99923,100,99979,100,99921,200,99995,100,99918,100,100007,100,99904,100,100019,100,99892,100,100025,100,99887,100,100028,100,99884,100,100030,100,99857,100
2019-06-28 09:33:20.000000000,99961,189,99958,389,99962,186,99941,186,99974,286,99923,186,99979,100,99921,200,99995,100,99918,100,100007,100,99904,100,100019,100,99892,100,100025,100,99887,100,100028,100,99884,100,100030,100,99857,100
2019-06-28 09:33:24.471119548,99961,189,99958,389,99962,186,99941,186,99974,286,99923,186,99979,100,99921,200,99995,100,99918,100,100007,100,99904,100,100019,100,99892,100,100025,100,99887,100,100028,100,99884,100,100030,100,99857,100
2019-06-28 09:33:30.000000000,99961,152,99958,352,99962,152,99941,152,99974,252,99923,152,99979,152,99921,252,99995,152,99918,152,100007,100,99904,100,100019,100,99892,100,100025,100,99887,100,100028,100,99884,100,100030,100,99857,100
2019-06-28 09:33:40.000000000,99961,231,99958,431,99962,231,99941,231,99974,200,99923,100,99979,100,99921,200,99995,100,99918,100,100007,100,99904,100,100019,100,99892,100,100025,100,99887,100,100028,100,99884,100,100030,100,99857,100
2019-06-28 09:33:50.000000000,99961,166,99958,366,99962,166,99941,166,99974,266,99923,166,99979,166,99921,266,99995,100,99918,100,100007,100,99904,100,100019,100,99892,100,100025,100,99887,100,100028,100,99884,100,100030,100,99857,100
2019-06-28 09:33:50.520905613,99961,166,99958,366,99962,166,99941,166,99974,266,99923,166,99979,166,99921,266,99995,100,99918,100,100007,100,99904,100,100019,100,99892,100,100025,100,99887,100,100028,100,99884,100,100030,100,99857,100
2019-06-28 09:33:55.105770418,99961,166,99958,366,99962,166,99941,166,99974,266,99923,166,99979,166,99921,266,99995,100,99918,100,100007,100,99904,100,100019,100,99892,100,100025,100,99887,100,100028,100,99857,100,100030,100,99830,200
2019-06-28 09:34:00.000000000,99961,166,99958,366,99962,166,99941,166,99974,266,99923,166,99979,166,99921,266,99995,100,99918,100,100007,100,99904,100,100019,100,99892,100,100025,100,99887,100,100028,100,99857,100,100030,100,99830,200
2019-06-28 09:34:03.682086442,99961,166,99958,266,99962,166,99941,166,99974,266,99923,166,99979,166,99921,266,99995,100,99918,100,100007,100,99904,100,100019,100,99892,100,100025,100,99887,100,100028,100,99857,100,100030,100,99830,200
2019-06-28 09:34:10.000000000,99961,362,99958,462,99962,100,99941,100,99974,200,99923,100,99979,100,99921,200,99995,100,99918,100,100007,100,99904,100,100019,100,99892,100,100025,100,99887,100,100028,100,99857,100,100030,100,99830,200
2019-06-28 09:34:17.168552419,99961,362,99958,362,99962,100,99941,100,99974,200,99923,100,99979,100,99921,200,99995,100,99918,100,100007,100,99904,100,100019,100,99892,100,100025,100,99887,100,100028,100,99857,100,100030,100,99830,200
2019-06-28 09:34:20.000000000,99961,231,99958,231,99962,231,99941,231,99974,200,99923,100,99979,100,99921,200,99995,100,99918,100,100007,100,99904,100,100019,100,99892,100,100025,100,99887,100,100028,100,99857,100,100030,100,99830,200
2019-06-28 09:34:30.000000000,99961,362,99958,362,99962,100,99941,100,99974,200,99923,100,99979,100,99921,200,99995,100,99918,100,100007,100,99904,100,100019,100,99892,100,100025,100,99887,100,100028,100,99857,100,100030,100,99830,200
2019-06-28 09:34:30.928178812,99961,362,99958,362,99962,100,99941,100,99974,200,99923,100,99979,100,99921,200,99995,100,99918,100,100007,100,99904,100,100019,100,99892,100,100025,100,99887,100,100028,100,99857,100,100030,100,99830,200
2019-06-28 09:34:40.000000000,99961,152,99958,152,99962,152,99941,152,99974,252,99923,152,99979,152,99921,252,99995,152,99918,152,100007,100,99904,100,100019,100,99892,100,100025,100,99887,100,100028,100,99857,100,100030,100,99830,200
2019-06-28 09:34:50.000000000,99961,152,99958,152,99962,152,99941,152,99974,252,99923,152,99979,152,99921,252,99995,152,99918,152,100007,100,99904,100,100019,100,99892,100,100025,100,99887,100,100028,100,99857,100,100030,100,99830,200
2019-06-28 09:35:00.000000000,99961,231,99958,231,99962,231,99941,231,99974,200,99923,100,99979,100,99921,200,99995,100,99918,100,100007,100,99904,100,100019,100,99892,100,100025,100,99887,100,100028,100,99857,100,100030,100,99830,200
2019-06-28 09:35:07.353859815,99961,231,99958,131,99962,231,99941,231,99974,200,99923,100,99979,100,99921,200,99995,100,99918,100,100007,100,99892,100,100019,100,99887,100,100025,100,99857,100,100028,100,99830,200,100030,100,99750,100
2019-06-28 09:35:10.000000000,99961,231,99941,231,99962,231,99923,231,99974,200,99921,200,99979,100,99918,100,99995,100,99892,100,100007,100,99887,100,100019,100,99857,100,100025,100,99830,200,100028,100,99750,100,100030,100,99565,100
2019-06-28 09:35:20.000000000,99961,189,99941,189,99962,186,99923,186,99974,286,99921,286,99979,100,99918,100,99995,100,99892,100,100007,100,99887,100,100019,100,99857,100,100025,100,99830,200,100028,100,99750,100,100030,100,99565,100
2019-06-28 09:35:24.295624760,99961,189,99941,89,99962,186,99923,186,99974,286,99921,286,99979,100,99918,100,99995,100,99892,100,100007,100,99887,100,100019,100,99857,100,100025,100,99830,200,100028,100,99750,100,100030,100,99565,100
2019-06-28 09:35:30.000000000,99961,189,99923,189,99962,186,99921,286,99974,286,99918,186,99979,100,99892,100,99995,100,99887,100,100007,100,99857,100,100019,100,99830,200,100025,100,99750,100,100028,100,99565,100,100030,100,99477,100
2019-06-28 09:35:32.702793173,99961,189,99923,89,99962,186,99921,286,99974,286,99918,86,99979,100,99892,100,99995,100,99887,100,100007,100,99857,100,100019,100,99830,200,100025,100,99750,100,100028,100,99565,100,100030,100,99477,100
2019-06-28 09:35:40.000000000,99961,166,99921,266,99962,166,99892,166,99974,266,99887,166,99979,166,99857,166,99995,100,99830,200,100007,100,99750,100,100019,100,99565,100,100025,100,99477,100,100028,100,99376,100,100030,100,99307,100
2019-06-28 09:35:50.000000000,99961,189,99921,289,99962,186,99892,186,99974,286,99887,186,99979,100,99857,100,99995,100,99830,200,100007,100,99750,100,100019,100,99565,100,100025,100,99477,100,100028,100,99376,100,100030,100,99307,100
2019-06-28 09:36:00.000000000,99961,166,99921,266,99962,166,99892,166,99974,266,99887,166,99979,166,99857,166,99995,100,99830,200,100007,100,99750,100,100019,100,99565,100,100025,100,99477,100,100028,100,99376,100,100030,100,99307,100
2019-06-28 09:36:10.000000000,99961,189,99921,289,99962,186,99892,186,99974,286,99887,186,99979,100,99857,100,99995,100,99830,200,100007,100,99750,100,100019,100,99565,100,100025,100,99477,100,100028,100,99376,100,100030,100,99307,100
2019-06-28 09:36:20.000000000,99961,189,99921,289,99962,186,99892,186,99974,286,99887,186,99979,100,99857,100,99995,100,99830,200,100007,100,99750,100,100019,100,99565,100,100025,100,99477,100,100028,100,99376,100,100030,100,99307,100
2019-06-28 09:36:28.544815956,99961,189,99921,189,99962,186,99892,186,99974,286,99887,186,99979,100,99857,100,99995,100,99830,200,100007,100,99750,100,100019,100,99565,100,100025,100,99477,100,100028,100,99376,100,100030,100,99307,100
2019-06-28 09:36:30.000000000,99961,362,99921,362,99962,100,99892,100,99974,200,99887,100,99979,100,99857,100,99995,100,99830,200,100007,100,99750,100,100019,100,99565,100,100025,100,99477,100,100028,100,99376,100,100030,100,99307,100
2019-06-28 09:36:34.482769408,99961,362,99921,362,99962,100,99892,100,99974,200,99887,100,99979,100,99857,100,99995,100,99830,200,100007,100,99750,100,100019,100,99565,100,100025,100,99477,100,100028,100,99376,100,100032,100,99307,100
2019-06-28 09:36:40.000000000,99961,166,99921,166,99962,166,99892,166,99974,266,99887,166,99979,166,99857,166,99995,100,99830,200,100007,100,99750,100,100019,100,99565,100,100025,100,99477,100,100028,100,99376,100,100032,100,99307,100
2019-06-28 09:36:50.000000000,99961,166,99921,166,99962,166,99892,166,99974,266,99887,166,99979,166,99857,166,99995,100,99830,200,100007,100,99750,100,100019,100,99565,100,100025,100,99477,100,100028,100,99376,100,100032,100,99307,100
2019-06-28 09:37:00.000000000,99961,152,99921,152,99962,152,99892,152,99974,252,99887,152,99979,152,99857,152,99995,152,99830,252,100007,100,99750,100,100019,100,99565,100,100025,100,99477,100,100028,100,99376,100,100032,100,99307,100
2019-06-28 09:37:07.526421725,99961,152,99921,52,99962,152,99892,152,99974,252,99887,152,99979,152,99857,152,99995,152,99830,252,100019,100,99750,100,100025,100,99565,100,100028,100,99477,100,100032,100,99376,100,100043,100,99307,100
2019-06-28 09:37:10.000000000,99961,189,99892,189,99962,186,99887,186,99974,286,99857,186,99979,100,99830,200,99995,100,99750,100,100019,100,99565,100,100025,100,99477,100,100028,100,99376,100,100032,100,99307,100,100043,100,99115,100
2019-06-28 09:37:20.000000000,99961,189,99892,189,99962,186,99887,186,99974,286,99857,186,99979,100,99830,200,99995,100,99750,100,100019,100,99565,100,100025,100,99477,100,100028,100,99376,100,100032,100,99307,100,100043,100,99115,100
2019-06-28 09:37:21.077606572,99961,189,99892,189,99962,186,99887,186,99974,186,99857,186,99979,100,99830,200,99995,100,99750,100,100019,100,99565,100,100025,100,99477,100,100028,100,99376,100,100032,100,99307,100,100043,100,99115,100
2019-06-28 09:37:30.000000000,99961,152,99892,152,99962,152,99887,152,99974,152,99857,152,99979,152,99830,252,99995,152,99750,152,100019,100,99565,100,100025,100,99477,100,100028,100,99376,100,100032,100,99307,100,100043,100,99115,100
2019-06-28 09:37:40.000000000,99961,166,99892,166,99962,166,99887,166,99974,166,99857,166,99979,166,99830,266,99995,100,99750,100,100019,100,99565,100,100025,100,99477,100,100028,100,99376,100,100032,100,99307,100,100043,100,99115,100
2019-06-28 09:37:45.928278808,99961,166,99892,166,99962,166,99887,166,99974,166,99857,166,99979,166,99830,266,99995,100,99750,100,100019,100,99565,100,100025,100,99477,100,100028,100,99376,100,100032,100,99307,100,100043,100,99115,100
2019-06-28 09:37:50.000000000,99961,189,99892,189,99962,186,99887,186,99974,186,99857,186,99979,100,99830,200,99995,100,99750,100,100019,100,99565,100,100025,100,99477,100,100028,100,99376,100,100032,100,99307,100,100043,100,99115,100
2019-06-28 09:38:00.000000000,99961,189,99892,189,99962,186,99887,186,99974,186,99857,186,99979,100,99830,200,99995,100,99750,100,100019,100,99565,100,100025,100,99477,100,100028,100,99376,100,100032,100,99307,100,100043,100,99115,100
2019-06-28 09:38:10.000000000,99961,231,99892,231,99962,231,99887,231,99974,100,99857,100,99979,100,99830,200,99995,100,99750,100,100019,100,99565,100,100025,100,99477,100,100028,100,99376,100,100032,100,99307,100,100043,100,99115,100
2019-06-28 09:38:19.284221861,99961,231,99892,131,99962,231,99887,231,99974,100,99857,100,99979,100,99830,200,99995,100,99750,100,100019,100,99565,100,100025,100,99477,100,100028,100,99376,100,100032,100,99307,100,100043,100,99115,100
2019-06-28 09:38:20.000000000,99961,189,99887,189,99962,186,99857,186,99974,186,99830,286,99979,100,99750,100,99995,100,99565,100,100019,100,99477,100,100025,100,99376,100,100028,100,99307,100,100032,100,99115,100,100043,100,99078,100
2019-06-28 09:38:30.000000000,99961,231,99887,231,99962,231,99857,231,99974,100,99830,200,99979,100,99750,100,99995,100,99565,100,100019,100,99477,100,100025,100,99376,100,100028,100,99307,100,100032,100,99115,100,100043,100,99078,100
2019-06-28 09:38:40.000000000,99961,189,99887,189,99962,186,99857,186,99974,186,99830,286,99979,100,99750,100,99995,100,99565,100,100019,100,99477,100,100025,100,99376,100,100028,100,99307,100,100032,100,99115,100,100043,100,99078,100
2019-06-28 09:38:50.000000000,99961,362,99887,362,99962,100,99857,100,99974,100,99830,200,99979,100,99750,100,99995,100,99565,100,100019,100,99477,100,100025,100,99376,100,100028,100,99307,100,100032,100,99115,100,100043,100,99078,100
2019-06-28 09:38:56.202992673,99961,362,99887,262,99962,100,99857,100,99979,100,99830,200,99995,100,99750,100,100019,100,99565,100,100025,100,99477,100,100028,100,99376,100,100032,100,99307,100,100043,100,99115,100,100044,100,99078,100
2019-06-28 09:39:00.000000000,99961,231,99857,231,99962,231,99830,331,99979,100,99750,100,99995,100,99565,100,100019,100,99477,100,100025,100,99376,100,100028,100,99307,100,100032,100,99115,100,100043,100,99078,100,100044,100,98184,100
2019-06-28 09:39:10.000000000,99961,166,99857,166,99962,166,99830,266,99979,166,99750,166,99995,166,99565,166,100019,100,99477,100,100025,100,99376,100,100028,100,99307,100,100032,100,99115,100,100043,100,99078,100,100044,100,98184,100
2019-06-28 09:39:19.910238525,99961,166,99857,66,99962,166,99830,266,99979,166,99750,166,99995,166,99565,166,100019,100,99477,100,100025,100,99376,100,100028,100,99307,100,100032,100,99115,100,100043,100,99078,100,100044,100,98184,100
2019-06-28 09:39:20.000000000,99961,166,99830,266,99962,166,99750,166,99979,166,99565,166,99995,166,99477,166,100019,100,99376,100,100025,100,99307,100,100028,100,99115,100,100032,100,99078,100,100043,100,98184,100,100044,100,98111,100
2019-06-28 09:39:30.000000000,99961,152,99830,252,99962,152,99750,152,99979,152,99565,152,99995,152,99477,152,100019,152,99376,152,100025,100,99307,100,100028,100,99115,100,100032,100,99078,100,100043,100,98184,100,100044,100,98111,100
2019-06-28 09:39:30.111680637,99961,152,99830,152,99962,152,99750,152,99979,152,99565,152,99995,152,99477,152,100019,152,99376,152,100025,100,99115,100,100028,100,99078,100,100032,100,98184,100,100043,100,98111,100,100044,100,98070,100
2019-06-28 09:39:36.413637542,99961,152,99830,52,99962,152,99750,152,99979,152,99565,152,99995,152,99477,152,100019,152,99376,152,100025,100,99115,100,100028,100,99078,100,100032,100,98184,100,100043,100,98070,100,100044,100,,
2019-06-28 09:39:40.000000000,99961,166,99750,166,99962,166,99565,166,99979,166,99477,166,99995,166,99376,166,100019,100,99115,100,100025,100,99078,100,100028,100,98184,100,100032,100,98070,100,100043,100,,,100044,100,,
2019-06-28 09:39:41.914276337,99961,166,99750,166,99962,166,99565,166,99979,166,99477,166,99995,166,99376,166,100019,100,99115,100,100025,100,99078,100,100028,100,98184,100,100032,100,98070,100,100043,100,97700,100,100044,100,,
2019-06-28 09:39:50.000000000,99961,362,99750,362,99962,100,99565,100,99979,100,99477,100,99995,100,99376,100,100019,100,99115,100,100025,100,99078,100,100028,100,98184,100,100032,100,98070,100,100043,100,97700,100,100044,100,,
2019-06-28 09:39:50.716437112,99961,362,99750,362,99962,100,99565,100,99979,100,99477,100,99995,100,99376,100,100019,100,99115,100,100025,100,99078,100,100028,100,98184,100,100032,100,98070,100,100043,100,97870,100,100044,100,97700,100
2019-06-28 09:40:00.000000000,99961,362,99750,362,99962,100,99565,100,99979,100,99477,100,99995,100,99376,100,100019,100,99115,100,100025,100,99078,100,100028,100,98184,100,100032,100,98070,100,100043,100,97870,100,100044,100,97700,100
2019-06-28 09:40:10.000000000,99961,189,99750,189,99962,186,99565,186,99979,186,99477,186,99995,100,99376,100,100019,100,99115,100,100025,100,99078,100,100028,100,98184,100,100032,100,98070,100,100043,100,97870,100,100044,100,97700,100
2019-06-28 09:40:12.182691435,99961,189,99750,89,99962,186,99565,186,99979,186,99477,186,99995,100,99376,100,100019,100,99115,100,100025,100,99078,100,100028,100,98184,100,100032,100,98070,100,100043,100,97870,100,100044,100,97700,100
2019-06-28 09:40:20.000000000,99961,166,99565,166,99962,166,99477,166,99979,166,99376,166,99995,166,99115,166,100019,100,99078,100,100025,100,98184,100,100028,100,98070,100,100032,100,97870,100,100043,100,97700,100,100044,100,,
2019-06-28 09:40:30.000000000,99961,166,99565,166,99962,166,99477,166,99979,166,99376,166,99995,166,99115,166,100019,100,99078,100,100025,100,98184,100,100028,100,98070,100,100032,100,97870,100,100043,100,97700,100,100044,100,,
2019-06-28 09:40:38.339242875,99961,166,99565,66,99962,166,99477,166,99979,166,99376,166,99995,166,99115,166,100019,100,99078,100,100025,100,98184,100,100028,100,98070,100,100032,100,97870,100,100043,100,97700,100,100044,100,,
2019-06-28 09:40:40.000000000,99961,362,99477,362,99962,100,99376,100,99979,100,99115,100,99995,100,99078,100,100019,100,98184,100,100025,100,98070,100,100028,100,97870,100,100032,100,97700,100,100043,100,,,100044,100,,
2019-06-28 09:40:42.031285981,99961,362,99477,362,99962,100,99376,100,99979,100,99115,100,99995,100,99078,100,100019,100,98294,100,100025,100,98184,100,100028,100,98070,100,100032,100,97870,100,100043,100,97700,100,100044,100,,
2019-06-28 09:40:50.000000000,99961,189,99477,189,99962,186,99376,186,99979,186,99115,186,99995,100,99078,100,100019,100,98294,100,100025,100,98184,100,100028,100,98070,100,100032,100,97870,100,100043,100,97700,100,100044,100,,
2019-06-28 09:41:00.000000000,99961,231,99477,231,99962,231,99376,231,99979,100,99115,100,99995,100,99078,100,100019,100,98294,100,100025,100,98184,100,100028,100,98070,100,100032,100,97870,100,100043,100,97700,100,100044,100,,
2019-06-28 09:41:00.031724177,99961,231,99477,231,99962,231,99376,231,99979,100,99115,100,99995,100,99078,100,100019,100,98329,100,100025,100,98294,100,100028,100,98184,100,100032,100,98070,100,100043,100,97870,100,100044,100,97700,100
2019-06-28 09:41:10.000000000,99961,189,99477,189,99962,186,99376,186,99979,186,99115,186,99995,100,99078,100,100019,100,98329,100,100025,100,98294,100,100028,100,98184,100,100032,100,98070,100,100043,100,97870,100,100044,100,97700,100
2019-06-28 09:41:17.144740506,99961,189,99477,189,99962,186,99376,186,99979,186,99115,186,99995,100,99078,100,100019,100,98329,100,100025,100,98294,100,100028,100,98184,100,100032,100,98070,100,100044,100,97959,100,100057,100,97870,100
2019-06-28 09:41:20.000000000,99961,362,99477,362,99962,100,99376,100,99979,100,99115,100,99995,100,99078,100,100019,100,98329,100,100025,100,98294,100,100028,100,98184,100,100032,100,98070,100,100044,100,97959,100,100057,100,97870,100
2019-06-28 09:41:30.000000000,99961,231,99477,231,99962,231,99376,231,99979,100,99115,100,99995,100,99078,100,100019,100,98329,100,100025,100,98294,100,100028,100,98184,100,100032,100,98070,100,100044,100,97959,100,100057,100,97870,100
2019-06-28 09:41:31.932767660,99961,231,99477,231,99962,231,99376,231,99979,100,99115,100,99995,100,99078,100,100019,100,98466,100,100025,100,98329,100,100028,100,98294,100,100032,100,98184,100,100044,100,98070,100,100057,100,97959,100
2019-06-28 09:41:39.072270087,99961,231,99477,131,99962,131,99376,231,99979,100,99115,100,99995,100,99078,100,100019,100,98466,100,100025,100,98329,100,100028,100,98294,100,100032,100,98184,100,100044,100,98070,100,100057,100,97959,100
2019-06-28 09:41:40.000000000,99961,362,99376,362,99979,100,99115,100,99995,100,99078,100,100019,100,98466,100,100025,100,98329,100,100028,100,98294,100,100032,100,98184,100,100044,100,98070,100,100057,100,97959,100,100063,100,97870,100
2019-06-28 09:41:50.000000000,99961,152,99376,152,99979,152,99115,152,99995,152,99078,152,100019,152,98466,152,100025,152,98329,152,100028,100,98294,100,100032,100,98184,100,100044,100,98070,100,100057,100,97959,100,100063,100,97870,100
2019-06-28 09:41:56.837580923,99961,152,99376,152,99979,152,99115,152,99995,152,99078,152,100019,152,98466,152,100025,152,98329,152,100028,100,98294,100,100032,100,98184,100,100044,100,98132,100,100057,100,98070,100,100063,100,97959,100
2019-06-28 09:41:59.375789123,99961,152,99376,52,99979,152,99115,152,99995,152,99078,152,100019,152,98466,152,100025,152,98329,152,100028,100,98294,100,100032,100,98184,100,100044,100,98132,100,100057,100,98070,100,100063,100,97959,100
2019-06-28 09:42:00.000000000,99961,231,99115,231,99979,231,99078,231,99995,100,98466,100,100019,100,98329,100,100025,100,98294,100,100028,100,98184,100,100032,100,98132,100,100044,100,98070,100,100057,100,97959,100,100063,100,97870,100
2019-06-28 09:42:02.635290525,99961,231,99115,131,99979,231,99078,231,99995,100,98466,100,100019,100,98329,100,100025,100,98184,100,100028,100,98132,100,100032,100,98070,100,100044,100,97959,100,100057,100,97870,100,100063,100,97700,100
2019-06-28 09:42:04.965684001,99961,231,99115,131,99979,231,99078,231,99995,100,98466,100,100019,100,98329,100,100025,100,98226,100,100028,100,98184,100,100032,100,98132,100,100044,100,98070,100,100057,100,97959,100,100063,100,97700,100
2019-06-28 09:42:10.000000000,99961,152,99078,152,99979,152,98466,152,99995,152,98329,152,100019,152,98226,152,100025,152,98184,152,100028,100,98132,100,100032,100,98070,100,100044,100,97959,100,100057,100,97700,100,100063,100,,
2019-06-28 09:42:11.902212693,99961,52,99078,152,99979,152,98466,152,99995,152,98329,152,100019,152,98226,152,100025,152,98184,152,100028,100,98132,100,100032,100,98070,100,100044,100,97959,100,100057,100,97700,100,100063,100,,
2019-06-28 09:42:20.000000000,99979,362,99078,362,99995,100,98466,100,100019,100,98329,100,100025,100,98226,100,100028,100,98184,100,100032,100,98132,100,100044,100,98070,100,100057,100,97959,100,100063,100,97700,100,100114,100,,
2019-06-28 09:42:25.579295783,99376,100,99078,362,99979,362,98466,100,99995,100,98329,100,100019,100,98226,100,100025,100,98184,100,100028,100,98132,100,100032,100,98070,100,100044,100,97959,100,100057,100,97700,100,100063,100,,
2019-06-28 09:42:30.000000000,99376,166,99078,166,99979,166,98466,166,99995,166,98329,166,100019,166,98226,166,100025,100,98184,100,100028,100,98132,100,100032,100,98070,100,100044,100,97959,100,100057,100,97700,100,100063,100,,
2019-06-28 09:42:32.321085100,99376,166,99078,166,99979,166,98466,166,99995,166,98329,166,100019,166,98226,166,100025,100,98184,100,100028,100,98181,100,100032,100,98132,100,100044,100,98070,100,100057,100,97959,100,100063,100,97700,100
2019-06-28 09:42:40.000000000,99376,166,99078,166,99979,166,98466,166,99995,166,98329,166,100019,166,98226,166,100025,100,98184,100,100028,100,98181,100,100032,100,98132,100,100044,100,98070,100,100057,100,97959,100,100063,100,97700,100
2019-06-28 09:42:50.000000000,99376,231,99078,231,99979,231,98466,231,99995,100,98329,100,100019,100,98226,100,100025,100,98184,100,100028,100,98181,100,100032,100,98132,100,100044,100,98070,100,100057,100,97959,100,100063,100,97700,100
2019-06-28 09:42:53.076457171,99376,231,99078,131,99979,231,98466,231,99995,100,98329,100,100019,100,98226,100,100025,100,98184,100,100028,100,98181,100,100032,100,98132,100,100057,100,98070,100,100063,100,97959,100,100114,100,97700,100
2019-06-28 09:43:00.000000000,99376,189,98466,189,99979,186,98329,186,99995,186,98226,186,100019,100,98184,100,100025,100,98181,100,100028,100,98132,100,100032,100,98070,100,100057,100,97959,100,100063,100,97700,100,100114,100,,
2019-06-28 09:43:04.556626047,99376,189,98466,89,99979,186,98329,186,99995,186,98226,186,100019,100,98184,100,100025,100,98181,100,100028,100,98132,100,100032,100,98070,100,100057,100,97959,100,100063,100,97700,100,100114,100,,
2019-06-28 09:43:10.000000000,99376,152,98329,152,99979,152,98226,152,99995,152,98184,152,100019,152,98181,152,100025,152,98132,152,100028,100,98070,100,100032,100,97959,100,100057,100,97700,100,100063,100,,,100114,100,,
2019-06-28 09:43:20.000000000,99376,166,98329,166,99979,166,98226,166,99995,166,98184,166,100019,166,98181,166,100025,100,98132,100,100028,100,98070,100,100032,100,97959,100,100057,100,97700,100,100063,100,,,100114,100,,
2019-06-28 09:43:30.000000000,99376,166,98329,166,99979,166,98226,166,99995,166,98184,166,100019,166,98181,166,100025,100,98132,100,100028,100,98070,100,100032,100,97959,100,100057,100,97700,100,100063,100,,,100114,100,,
2019-06-28 09:43:39.842603080,99376,166,98467,100,99979,166,98329,166,99995,166,98226,166,100019,166,98184,166,100025,100,98181,166,100028,100,98132,100,100032,100,98070,100,100057,100,97959,100,100063,100,97700,100,100114,100,,
2019-06-28 09:43:40.000000000,99376,189,98467,189,99979,186,98329,186,99995,186,98226,186,100019,100,98184,100,100025,100,98181,100,100028,100,98132,100,100032,100,98070,100,100057,100,97959,100,100063,100,97700,100,100114,100,,
2019-06-28 09:43:40.585437039,98579,100,98467,189,99376,189,98329,186,99979,186,98226,186,99995,186,98184,100,100019,100,98181,100,100025,100,98132,100,100028,100,98070,100,100032,100,97959,100,100057,100,97700,100,100063,100,,
2019-06-28 09:43:48.914549325,98579,100,98467,89,99376,189,98329,186,99979,186,98226,186,99995,186,98184,100,100019,100,98181,100,100025,100,98132,100,100028,100,98070,100,100032,100,97959,100,100057,100,97700,100,100063,100,,
2019-06-28 09:43:50.000000000,98579,166,98329,166,99376,166,98226,166,99979,166,98184,166,99995,166,98181,166,100019,100,98132,100,100025,100,98070,100,100028,100,97959,100,100032,100,97700,100,100057,100,,,100063,100,,
2019-06-28 09:43:58.431001107,98579,166,98329,166,98627,100,98226,66,99376,166,98184,166,99979,166,98181,166,99995,166,98132,100,100019,100,98070,100,100025,100,97959,100,100028,100,97700,100,100032,100,,,100057,100,,
2019-06-28 09:44:00.000000000,98579,152,98329,152,98627,152,98184,152,99376,152,98181,152,99979,152,98132,152,99995,152,98070,152,100019,100,97959,100,100025,100,97700,100,100028,100,,,100032,100,,,100057,100,,
2019-06-28 09:44:10.000000000,98579,189,98329,189,98627,186,98184,186,99376,186,98181,186,99979,100,98132,100,99995,100,98070,100,100019,100,97959,100,100025,100,97700,100,100028,100,,,100032,100,,,100057,100,,
2019-06-28 09:44:20.000000000,98579,231,98329,231,98627,231,98184,231,99376,100,98181,100,99979,100,98132,100,99995,100,98070,100,100019,100,97959,100,100025,100,97700,100,100028,100,,,100032,100,,,100057,100,,
2019-06-28 09:44:21.842442675,98579,231,98329,231,98627,231,98184,231,99054,100,98181,100,99376,100,98132,100,99979,100,98070,100,99995,100,97959,100,100019,100,97700,100,100025,100,,,100028,100,,,100032,100,,
2019-06-28 09:44:30.000000000,98579,189,98329,189,98627,186,98184,186,99054,186,98181,186,99376,100,98132,100,99979,100,98070,100,99995,100,97959,100,100019,100,97700,100,100025,100,,,100028,100,,,100032,100,,
2019-06-28 09:44:40.000000000,98579,362,98329,362,98627,100,98184,100,99054,100,98181,100,99376,100,98132,100,99979,100,98070,100,99995,100,97959,100,100019,100,97700,100,100025,100,,,100028,100,,,100032,100,,
2019-06-28 09:44:50.000000000,98579,152,98329,152,98627,152,98184,152,99054,152,98181,152,99376,152,98132,152,99979,152,98070,152,99995,100,97959,100,100019,100,97700,100,100025,100,,,100028,100,,,100032,100,,
2019-06-28 09:45:00.000000000,98579,189,98329,189,98627,186,98184,186,99054,186,98181,186,99376,100,98132,100,99979,100,98070,100,99995,100,97959,100,100019,100,97700,100,100025,100,,,100028,100,,,100032,100,,
2019-06-28 09:45:10.000000000,98579,189,98329,189,98627,186,98184,186,99054,186,98181,186,99376,100,98132,100,99979,100,98070,100,99995,100,97959,100,100019,100,97700,100,100025,100,,,100028,100,,,100032,100,,
2019-06-28 09:45:20.000000000,98579,166,98329,166,98627,166,98184,166,99054,166,98181,166,99376,166,98132,166,99979,100,98070,100,99995,100,97959,100,100019,100,97700,100,100025,100,,,100028,100,,,100032,100,,
2019-06-28 09:45:21.703286359,98579,166,98329,166,98627,166,98184,166,99054,166,98181,166,99376,166,98132,166,99979,100,98070,100,99995,100,97959,100,100019,100,97700,100,100025,100,,,100028,100,,,100032,100,,
2019-06-28 09:45:30.000000000,98579,362,98329,362,98627,100,98184,100,99054,100,98181,100,99376,100,98132,100,99979,100,98070,100,99995,100,97959,100,100019,100,97700,100,100025,100,,,100028,100,,,100032,100,,
2019-06-28 09:45:40.000000000,98579,166,98329,166,98627,166,98184,166,99054,166,98181,166,99376,166,98132,166,99979,100,98070,100,99995,100,97959,100,100019,100,97700,100,100025,100,,,100028,100,,,100032,100,,
2019-06-28 09:45:50.000000000,98579,166,98329,166,98627,166,98184,166,99054,166,98181,166,99376,166,98132,166,99979,100,98070,100,99995,100,97959,100,100019,100,97700,100,100025,100,,,100028,100,,,100032,100,,
2019-06-28 09:46:00.000000000,98579,362,98329,362,98627,100,98184,100,99054,100,98181,100,99376,100,98132,100,99979,100,98070,100,99995,100,97959,100,100019,100,97700,100,100025,100,,,100028,100,,,100032,100,,
2019-06-28 09:46:02.442738802,98579,362,98329,362,98627,100,98184,100,99054,100,98181,100,99376,100,98132,100,99979,100,98070,100,99995,100,97959,100,100019,100,97700,100,100025,100,,,100028,100,,,100032,100,,
2019-06-28 09:46:10.000000000,98579,166,98329,166,98627,166,98184,166,99054,166,98181,166,99376,166,98132,166,99979,100,98070,100,99995,100,97959,100,100019,100,97700,100,100025,100,,,100028,100,,,100032,100,,
2019-06-28 09:46:16.439786067,98579,166,98468,100,98627,166,98329,166,99054,166,98184,166,99376,166,98181,166,99979,100,98132,166,99995,100,98070,100,100019,100,97959,100,100025,100,97700,100,100028,100,,,100032,100,,
2019-06-28 09:46:20.000000000,98579,362,98468,362,98627,100,98329,100,99054,100,98184,100,99376,100,98181,100,99979,100,98132,100,99995,100,98070,100,100019,100,97959,100,100025,100,97700,100,100028,100,,,100032,100,,
2019-06-28 09:46:30.000000000,98579,152,98468,152,98627,152,98329,152,99054,152,98184,152,99376,152,98181,152,99979,152,98132,152,99995,100,98070,100,100019,100,97959,100,100025,100,97700,100,100028,100,,,100032,100,,
2019-06-28 09:46:40.000000000,98579,166,98468,166,98627,166,98329,166,99054,166,98184,166,99376,166,98181,166,99979,100,98132,100,99995,100,98070,100,100019,100,97959,100,100025,100,97700,100,100028,100,,,100032,100,,
2019-06-28 09:46:48.043271840,98579,166,98468,166,98627,166,98329,166,99054,166,98184,166,99376,166,98181,166,99979,100,98132,100,99995,100,98070,100,100019,100,97959,100,100025,100,97700,100,100028,100,,,100032,100,,
2019-06-28 09:46:50.000000000,98579,231,98468,231,98627,231,98329,231,99054,100,98184,100,99376,100,98181,100,99979,100,98132,100,99995,100,98070,100,100019,100,97959,100,100025,100,97700,100,100028,100,,,100032,100,,
2019-06-28 09:47:00.000000000,98579,362,98468,362,98627,100,98329,100,99054,100,98184,100,99376,100,98181,100,99979,100,98132,100,99995,100,98070,100,100019,100,97959,100,100025,100,97700,100,100028,100,,,100032,100,,
2019-06-28 09:47:01.219584722,98579,362,98468,462,98627,100,98329,100,99054,100,98184,100,99376,100,98181,100,99979,100,98132,100,99995,100,98070,100,100019,100,97959,100,100025,100,97700,100,100028,100,,,100032,100,,
2019-06-28 09:47:02.458642539,98579,362,98468,462,98627,100,98329,100,99054,100,98184,100,99376,100,98181,100,99979,100,98132,100,99995,100,98070,100,100019,100,97959,100,100025,100,97700,100,100028,100,,,100032,100,,
2019-06-28 09:47:10.000000000,98579,189,98468,289,98627,186,98329,186,99054,186,98184,186,99376,100,98181,100,99979,100,98132,100,99995,100,98070,100,100019,100,97959,100,100025,100,97700,100,100028,100,,,100032,100,,
2019-06-28 09:47:17.021240346,98579,189,98468,289,98627,186,98329,186,99054,186,98184,186,99376,100,98181,100,99979,100,98132,100,99995,100,98070,100,100019,100,97959,100,100025,100,97700,100,100028,100,,,100032,100,,
2019-06-28 09:47:20.000000000,98579,362,98468,462,98627,100,98329,100,99054,100,98184,100,99376,100,98181,100,99979,100,98132,100,99995,100,98070,100,100019,100,97959,100,100025,100,97700,100,100028,100,,,100032,100,,
2019-06-28 09:47:30.000000000,98579,231,98468,331,98627,231,98329,231,99054,100,98184,100,99376,100,98181,100,99979,100,98132,100,99995,100,98070,100,100019,100,97959,100,100025,100,97700,100,100028,100,,,100032,100,,
2019-06-28 09:47:38.185245150,98579,231,98468,331,98627,231,98329,231,99054,100,98184,100,99376,100,98181,100,99979,100,98132,100,99995,100,98070,100,100019,100,97959,100,100025,100,97700,100,100028,100,,,100032,100,,
2019-06-28 09:47:40.000000000,98579,166,98468,266,98627,166,98329,166,99054,166,98184,166,99376,166,98181,166,99979,100,98132,100,99995,100,98070,100,100019,100,97959,100,100025,100,97700,100,100028,100,,,100032,100,,
2019-06-28 09:47:50.000000000,98579,189,98468,289,98627,186,98329,186,99054,186,98184,186,99376,100,98181,100,99979,100,98132,100,99995,100,98070,100,100019,100,97959,100,100025,100,97700,100,100028,100,,,100032,100,,
2019-06-28 09:48:00.000000000,98579,362,98468,462,98627,100,98329,100,99054,100,98184,100,99376,100,98181,100,99979,100,98132,100,99995,100,98070,100,100019,100,97959,100,100025,100,97700,100,100028,100,,,100032,100,,
2019-06-28 09:48:10.000000000,98579,362,98468,462,98627,100,98329,100,99054,100,98184,100,99376,100,98181,100,99979,100,98132,100,99995,100,98070,100,100019,100,97959,100,100025,100,97700,100,100028,100,,,100032,100,,
2019-06-28 09:48:10.578824642,98579,362,98468,462,98627,100,98329,100,99054,100,98184,100,99376,100,98181,100,99979,100,98132,100,99995,100,98070,100,100019,100,97959,100,100025,100,97700,100,100028,100,,,100032,100,,
2019-06-28 09:48:19.558305789,98579,262,98468,462,98627,100,98329,100,99054,100,98184,100,99376,100,98181,100,99979,100,98132,100,99995,100,98070,100,100019,100,97959,100,100025,100,97700,100,100028,100,,,100032,100,,
2019-06-28 09:48:20.000000000,98627,362,98468,462,99054,100,98329,100,99376,100,98184,100,99979,100,98181,100,99995,100,98132,100,100019,100,98070,100,100025,100,97959,100,100028,100,97700,100,100032,100,,,100034,100,,
2019-06-28 09:48:23.074540797,98627,262,98468,462,99054,100,98329,100,99376,100,98184,100,99979,100,98181,100,99995,100,98132,100,100019,100,98070,100,100028,100,97959,100,100032,100,97700,100,100034,100,,,100057,100,,
2019-06-28 09:48:29.917921153,98627,262,98468,462,99054,100,98329,100,99376,100,98184,100,99979,100,98181,100,99995,100,98132,100,100019,100,98070,100,100028,100,97959,100,100032,100,97700,100,100034,100,,,100057,100,,
2019-06-28 09:48:30.000000000,99054,362,98468,462,99376,100,98329,100,99979,100,98184,100,99995,100,98181,100,100019,100,98132,100,100028,100,98070,100,100032,100,97959,100,100034,100,97700,100,100057,100,,,100114,100,,
2019-06-28 09:48:35.731893790,99054,362,98468,462,99376,100,98329,100,99979,100,98184,100,99995,100,98181,100,100019,100,98132,100,100028,100,98070,100,100032,100,97959,100,100034,100,97700,100,100057,100,,,100114,100,,
2019-06-28 09:48:40.000000000,99054,362,98468,462,99376,100,98329,100,99979,100,98184,100,99995,100,98181,100,100019,100,98132,100,100028,100,98070,100,100032,100,97959,100,100034,100,97700,100,100057,100,,,100114,100,,
2019-06-28 09:48:43.569651644,99054,362,98468,462,99376,100,98329,100,99979,100,98184,100,99995,100,98181,100,100019,100,98132,100,100028,100,98070,100,100032,100,97959,100,100034,100,97700,100,100057,100,,,100114,100,,
2019-06-28 09:48:50.000000000,99054,166,98468,266,99376,166,98329,166,99979,166,98184,166,99995,166,98181,166,100019,100,98132,100,100028,100,98070,100,100032,100,97959,100,100034,100,97700,100,100057,100,,,100114,100,,
2019-06-28 09:49:00.000000000,99054,362,98468,462,99376,100,98329,100,99979,100,98184,100,99995,100,98181,100,100019,100,98132,100,100028,100,98070,100,100032,100,97959,100,100034,100,97700,100,100057,100,,,100114,100,,
2019-06-28 09:49:07.988487539,99054,362,98468,462,99376,100,98329,100,99979,100,98184,100,100019,100,98181,100,100028,100,98132,100,100032,100,98070,100,100034,100,97959,100,100057,100,97700,100,100114,100,,,100140,100,,
2019-06-28 09:49:10.000000000,99054,166,98468,266,99376,166,98329,166,99979,166,98184,166,100019,166,98181,166,100028,100,98132,100,100032,100,98070,100,100034,100,97959,100,100057,100,97700,100,100114,100,,,100140,100,,
2019-06-28 09:49:20.000000000,99054,362,98468,462,99376,100,98329,100,99979,100,98184,100,100019,100,98181,100,100028,100,98132,100,100032,100,98070,100,100034,100,97959,100,100057,100,97700,100,100114,100,,,100140,100,,
2019-06-28 09:49:30.000000000,99054,231,98468,331,99376,231,98329,231,99979,100,98184,100,100019,100,98181,100,100028,100,98132,100,100032,100,98070,100,100034,100,97959,100,100057,100,97700,100,100114,100,,,100140,100,,
2019-06-28 09:49:36.928550168,99054,231,98579,100,99376,231,98468,331,99979,100,98329,231,100019,100,98184,100,100028,100,98181,100,100032,100,98132,100,100034,100,98070,100,100057,100,97959,100,100114,100,97700,100,100140,100,,
2019-06-28 09:49:40.000000000,99054,231,98579,231,99376,231,98468,331,99979,100,98329,100,100019,100,98184,100,100028,100,98181,100,100032,100,98132,100,100034,100,98070,100,100057,100,97959,100,100114,100,97700,100,100140,100,,
2019-06-28 09:49:50.000000000,99054,189,98579,189,99376,186,98468,286,99979,186,98329,186,100019,100,98184,100,100028,100,98181,100,100032,100,98132,100,100034,100,98070,100,100057,100,97959,100,100114,100,97700,100,100140,100,,
2019-06-28 09:49:55.153017839,99054,89,98579,189,99376,186,98468,286,99979,186,98329,186,100019,100,98184,100,100028,100,98181,100,100032,100,98132,100,100034,100,98070,100,100057,100,97959,100,100114,100,97700,100,100140,100,,
2019-06-28 09:50:00.000000000,99376,231,98579,231,99979,231,98468,331,100019,100,98329,100,100028,100,98184,100,100032,100,98181,100,100034,100,98132,100,100057,100,98070,100,100114,100,97959,100,100140,100,97700,100,100198,100,,
2019-06-28 09:50:10.000000000,99376,166,98579,166,99979,166,98468,266,100019,166,98329,166,100028,166,98184,166,100032,100,98181,100,100034,100,98132,100,100057,100,98070,100,100114,100,97959,100,100140,100,97700,100,100198,100,,
2019-06-28 09:50:20.000000000,99376,189,98579,189,99979,186,98468,286,100019,186,98329,186,100028,100,98184,100,100032,100,98181,100,100034,100,98132,100,100057,100,98070,100,100114,100,97959,100,100140,100,97700,100,100198,100,,
2019-06-28 09:50:30.000000000,99376,166,98579,166,99979,166,98468,266,100019,166,98329,166,100028,166,98184,166,100032,100,98181,100,100034,100,98132,100,100057,100,98070,100,100114,100,97959,100,100140,100,97700,100,100198,100,,
2019-06-28 09:50:35.857138897,99376,166,98579,166,99979,166,98468,166,100019,166,98329,166,100028,166,98184,166,100032,100,98181,100,100034,100,98132,100,100057,100,98070,100,100114,100,97959,100,100140,100,97700,100,100198,100,,
2019-06-28 09:50:40.000000000,99376,231,98579,231,99979,231,98468,231,100019,100,98329,100,100028,100,98184,100,100032,100,98181,100,100034,100,98132,100,100057,100,98070,100,100114,100,97959,100,100140,100,97700,100,100198,100,,
2019-06-28 09:50:48.627247367,99376,131,98579,231,99979,231,98468,231,100019,100,98329,100,100028,100,98184,100,100032,100,98181,100,100034,100,98132,100,100057,100,98070,100,100114,100,97959,100,100140,100,97700,100,100198,100,,
2019-06-28 09:50:50.000000000,99979,189,98579,189,100019,186,98468,186,100028,186,98329,186,100032,100,98184,100,100034,100,98181,100,100057,100,98132,100,100114,100,98070,100,100140,100,97959,100,100198,100,97700,100,100363,100,,
2019-06-28 09:50:51.136290222,99979,189,98579,189,100019,186,98468,186,100028,186,98329,186,100032,100,98184,100,100034,100,98181,100,100057,100,98132,100,100114,100,98070,100,100140,100,97959,100,100198,100,97700,100,100363,100,,
2019-06-28 09:51:00.000000000,99979,189,98579,189,100019,186,98468,186,100028,186,98329,186,100032,100,98184,100,100034,100,98181,100,100057,100,98132,100,100114,100,98070,100,100140,100,97959,100,100198,100,97700,100,100363,100,,
2019-06-28 09:51:10.000000000,99979,189,98579,189,100019,186,98468,186,100028,186,98329,186,100032,100,98184,100,100034,100,98181,100,100057,100,98132,100,100114,100,98070,100,100140,100,97959,100,100198,100,97700,100,100363,100,,
2019-06-28 09:51:11.811720551,99979,189,98627,100,100019,186,98579,189,100028,186,98468,86,100032,100,98329,186,100034,100,98184,100,100057,100,98181,100,100114,100,98132,100,100140,100,98070,100,100198,100,97959,100,100363,100,97700,100
2019-06-28 09:51:20.000000000,99979,189,98627,189,100019,186,98579,186,100028,186,98329,186,100032,100,98184,100,100034,100,98181,100,100057,100,98132,100,100114,100,98070,100,100140,100,97959,100,100198,100,97700,100,100363,100,,
2019-06-28 09:51:26.263163921,99979,189,99856,100,100019,186,98627,189,100028,186,98579,186,100032,100,98329,186,100034,100,98184,100,100057,100,98181,100,100114,100,98132,100,100140,100,98070,100,100198,100,97959,100,100363,100,97700,100
2019-06-28 09:51:30.000000000,99979,166,99856,166,100019,166,98627,166,100028,166,98579,166,100032,166,98329,166,100034,100,98184,100,100057,100,98181,100,100114,100,98132,100,100140,100,98070,100,100198,100,97959,100,100363,100,97700,100
2019-06-28 09:51:35.460995058,99979,166,99940,100,100019,166,99856,166,100028,166,98627,166,100032,166,98579,166,100034,100,98329,166,100057,100,98184,100,100114,100,98181,100,100140,100,98132,100,100198,100,98070,100,100363,100,97959,100
2019-06-28 09:51:37.768751473,99979,166,99940,100,100019,166,99856,166,100028,166,98627,166,100032,166,98579,166,100034,100,98329,166,100057,100,98184,100,100086,100,98181,100,100114,100,98132,100,100140,100,98070,100,100198,100,97959,100
2019-06-28 09:51:40.000000000,99979,362,99940,362,100019,100,99856,100,100028,100,98627,100,100032,100,98579,100,100034,100,98329,100,100057,100,98184,100,100086,100,98181,100,100114,100,98132,100,100140,100,98070,100,100198,100,97959,100
2019-06-28 09:51:50.000000000,99979,362,99940,362,100019,100,99856,100,100028,100,98627,100,100032,100,98579,100,100034,100,98329,100,100057,100,98184,100,100086,100,98181,100,100114,100,98132,100,100140,100,98070,100,100198,100,97959,100
2019-06-28 09:52:00.000000000,99979,152,99940,152,100019,152,99856,152,100028,152,98627,152,100032,152,98579,152,100034,152,98329,152,100057,100,98184,100,100086,100,98181,100,100114,100,98132,100,100140,100,98070,100,100198,100,97959,100
2019-06-28 09:52:10.000000000,99979,152,99940,152,100019,152,99856,152,100028,152,98627,152,100032,152,98579,152,100034,152,98329,152,100057,100,98184,100,100086,100,98181,100,100114,100,98132,100,100140,100,98070,100,100198,100,97959,100
2019-06-28 09:52:17.930916736,99979,152,99940,152,100019,152,99856,152,100028,152,99753,100,100032,152,98627,152,100034,152,98579,152,100057,100,98329,152,100086,100,98184,100,100114,100,98181,100,100140,100,98132,100,100198,100,98070,100
2019-06-28 09:52:20.000000000,99979,231,99940,231,100019,231,99856,231,100028,100,99753,100,100032,100,98627,100,100034,100,98579,100,100057,100,98329,100,100086,100,98184,100,100114,100,98181,100,100140,100,98132,100,100198,100,98070,100
2019-06-28 09:52:23.024693736,99979,231,99940,131,100019,231,99856,231,100028,100,99753,100,100032,100,98627,100,100034,100,98579,100,100057,100,98184,100,100086,100,98181,100,100114,100,98132,100,100140,100,98070,100,100198,100,97959,100
2019-06-28 09:52:30.000000000,99979,362,99856,362,100019,100,99753,100,100028,100,98627,100,100032,100,98579,100,100034,100,98184,100,100057,100,98181,100,100086,100,98132,100,100114,100,98070,100,100140,100,97959,100,100198,100,97700,100
2019-06-28 09:52:40.000000000,99979,189,99856,189,100019,186,99753,186,100028,186,98627,186,100032,100,98579,100,100034,100,98184,100,100057,100,98181,100,100086,100,98132,100,100114,100,98070,100,100140,100,97959,100,100198,100,97700,100
2019-06-28 09:52:50.000000000,99979,152,99856,152,100019,152,99753,152,100028,152,98627,152,100032,152,98579,152,100034,152,98184,152,100057,100,98181,100,100086,100,98132,100,100114,100,98070,100,100140,100,97959,100,100198,100,97700,100
2019-06-28 09:53:00.000000000,99979,152,99856,152,100019,152,99753,152,100028,152,98627,152,100032,152,98579,152,100034,152,98184,152,100057,100,98181,100,100086,100,98132,100,100114,100,98070,100,100140,100,97959,100,100198,100,97700,100
2019-06-28 09:53:10.000000000,99979,362,99856,362,100019,100,99753,100,100028,100,98627,100,100032,100,98579,100,100034,100,98184,100,100057,100,98181,100,100086,100,98132,100,100114,100,98070,100,100140,100,97959,100,100198,100,97700,100
2019-06-28 09:53:20.000000000,99979,189,99856,189,100019,186,99753,186,100028,186,98627,186,100032,100,98579,100,100034,100,98184,100,100057,100,98181,100,100086,100,98132,100,100114,100,98070,100,100140,100,97959,100,100198,100,97700,100
2019-06-28 09:53:30.000000000,99979,152,99856,152,100019,152,99753,152,100028,152,98627,152,100032,152,98579,152,100034,152,98184,152,100057,100,98181,100,100086,100,98132,100,100114,100,98070,100,100140,100,97959,100,100198,100,97700,100
2019-06-28 09:53:40.000000000,99979,231,99856,231,100019,231,99753,231,100028,100,98627,100,100032,100,98579,100,100034,100,98184,100,100057,100,98181,100,100086,100,98132,100,100114,100,98070,100,100140,100,97959,100,100198,100,97700,100
2019-06-28 09:53:50.000000000,99979,189,99856,189,100019,186,99753,186,100028,186,98627,186,100032,100,98579,100,100034,100,98184,100,100057,100,98181,100,100086,100,98132,100,100114,100,98070,100,100140,100,97959,100,100198,100,97700,100
2019-06-28 09:53:52.855200733,99979,189,99856,189,100019,186,99753,186,100028,186,98627,186,100034,100,98579,100,100057,100,98184,100,100086,100,98181,100,100114,100,98132,100,100140,100,98070,100,100198,100,97959,100,100230,100,97700,100
2019-06-28 09:54:00.000000000,99979,166,99856,166,100019,166,99753,166,100028,166,98627,166,100034,166,98579,166,100057,100,98184,100,100086,100,98181,100,100114,100,98132,100,100140,100,98070,100,100198,100,97959,100,100230,100,97700,100
2019-06-28 09:54:10.000000000,99979,189,99856,189,100019,186,99753,186,100028,186,98627,186,100034,100,98579,100,100057,100,98184,100,100086,100,98181,100,100114,100,98132,100,100140,100,98070,100,100198,100,97959,100,100230,100,97700,100
2019-06-28 09:54:16.522096838,99979,189,99856,89,100019,186,99753,186,100028,186,98627,186,100034,100,98579,100,100057,100,98184,100,100086,100,98181,100,100114,100,98132,100,100140,100,98070,100,100230,100,97959,100,100363,100,97700,100
2019-06-28 09:54:16.569484727,99858,100,99856,89,99979,189,99753,186,100019,186,98627,186,100028,186,98579,100,100034,100,98184,100,100057,100,98181,100,100086,100,98132,100,100114,100,98070,100,100140,100,97959,100,100230,100,97700,100
2019-06-28 09:54:18.641866356,99858,100,99856,89,99979,189,99841,100,100019,186,99753,186,100028,186,98627,186,100034,100,98579,100,100057,100,98184,100,100086,100,98181,100,100114,100,98132,100,100140,100,98070,100,100230,100,97959,100
2019-06-28 09:54:20.000000000,99858,152,99841,152,99979,152,99753,152,100019,152,98627,152,100028,152,98579,152,100034,152,98184,152,100057,100,98181,100,100086,100,98132,100,100114,100,98070,100,100140,100,97959,100,100230,100,97700,100
2019-06-28 09:54:28.546108562,99858,152,99841,152,99979,152,99753,152,100019,152,99653,100,100028,152,98627,152,100034,152,98579,152,100057,100,98184,152,100086,100,98181,100,100114,100,98132,100,100140,100,98070,100,100230,100,97959,100
2019-06-28 09:54:30.000000000,99858,231,99841,231,99979,231,99753,231,100019,100,99653,100,100028,100,98627,100,100034,100,98579,100,100057,100,98184,100,100086,100,98181,100,100114,100,98132,100,100140,100,98070,100,100230,100,97959,100
2019-06-28 09:54:40.000000000,99858,231,99841,231,99979,231,99753,231,100019,100,99653,100,100028,100,98627,100,100034,100,98579,100,100057,100,98184,100,100086,100,98181,100,100114,100,98132,100,100140,100,98070,100,100230,100,97959,100
2019-06-28 09:54:50.000000000,99858,231,99841,231,99979,231,99753,231,100019,100,99653,100,100028,100,98627,100,100034,100,98579,100,100057,100,98184,100,100086,100,98181,100,100114,100,98132,100,100140,100,98070,100,100230,100,97959,100
2019-06-28 09:54:56.840134713,99858,231,99841,231,99979,231,99753,231,100019,100,99653,100,100028,100,98627,100,100034,100,98579,100,100057,100,98184,100,100086,100,98181,100,100114,100,98132,100,100140,100,98070,100,100160,100,97959,100
2019-06-28 09:55:00.000000000,99858,189,99841,189,99979,186,99753,186,100019,186,99653,186,100028,100,98627,100,100034,100,98579,100,100057,100,98184,100,100086,100,98181,100,100114,100,98132,100,100140,100,98070,100,100160,100,97959,100
2019-06-28 09:55:05.734077141,99858,189,99841,189,99979,186,99753,186,100006,100,99653,186,100019,186,98627,100,100028,100,98579,100,100034,100,98184,100,100057,100,98181,100,100086,100,98132,100,100114,100,98070,100,100140,100,97959,100
2019-06-28 09:55:10.000000000,99858,152,99841,152,99979,152,99753,152,100006,152,99653,152,100019,152,98627,152,100028,152,98579,152,100034,100,98184,100,100057,100,98181,100,100086,100,98132,100,100114,100,98070,100,100140,100,97959,100
2019-06-28 09:55:20.000000000,99858,189,99841,189,99979,186,99753,186,100006,186,99653,186,100019,100,98627,100,100028,100,98579,100,100034,100,98184,100,100057,100,98181,100,100086,100,98132,100,100114,100,98070,100,100140,100,97959,100
2019-06-28 09:55:30.000000000,99858,166,99841,166,99979,166,99753,166,100006,166,99653,166,100019,166,98627,166,100028,100,98579,100,100034,100,98184,100,100057,100,98181,100,100086,100,98132,100,100114,100,98070,100,100140,100,97959,100
2019-06-28 09:55:40.000000000,99858,166,99841,166,99979,166,99753,166,100006,166,99653,166,100019,166,98627,166,100028,100,98579,100,100034,100,98184,100,100057,100,98181,100,100086,100,98132,100,100114,100,98070,100,100140,100,97959,100
2019-06-28 09:55:49.213518316,99858,166,99841,66,99979,166,99753,166,100006,166,99653,166,100019,166,98627,166,100028,100,98579,100,100034,100,98184,100,100057,100,98181,100,100086,100,98132,100,100114,100,98070,100,100140,100,97959,100
2019-06-28 09:55:50.000000000,99858,231,99753,231,99979,231,99653,231,100006,100,98627,100,100019,100,98579,100,100028,100,98184,100,100034,100,98181,100,100057,100,98132,100,100086,100,98070,100,100114,100,97959,100,100140,100,97700,100
2019-06-28 09:55:58.905490924,99858,231,99753,231,99979,231,99653,231,100006,100,99463,100,100019,100,98627,100,100028,100,98579,100,100034,100,98184,100,100057,100,98181,100,100086,100,98132,100,100114,100,98070,100,100140,100,97959,100
2019-06-28 09:56:00.000000000,99858,189,99753,189,99979,186,99653,186,100006,186,99463,186,100019,100,98627,100,100028,100,98579,100,100034,100,98184,100,100057,100,98181,100,100086,100,98132,100,100114,100,98070,100,100140,100,97959,100
2019-06-28 09:56:10.000000000,99858,166,99753,166,99979,166,99653,166,100006,166,99463,166,100019,166,98627,166,100028,100,98579,100,100034,100,98184,100,100057,100,98181,100,100086,100,98132,100,100114,100,98070,100,100140,100,97959,100
2019-06-28 09:56:10.997706935,99858,166,99753,66,99979,166,99653,166,100006,166,99463,166,100019,166,98627,166,100028,100,98579,100,100034,100,98184,100,100057,100,98181,100,100086,100,98132,100,100114,100,98070,100,100140,100,97959,100
2019-06-28 09:56:20.000000000,99858,231,99653,231,99979,231,99463,231,100006,100,98627,100,100019,100,98579,100,100028,100,98184,100,100034,100,98181,100,100057,100,98132,100,100086,100,98070,100,100114,100,97959,100,100140,100,97700,100
2019-06-28 09:56:20.282064857,99841,100,99653,231,99858,231,99463,231,99979,231,98627,100,100006,100,98579,100,100019,100,98184,100,100028,100,98181,100,100034,100,98132,100,100057,100,98070,100,100086,100,97959,100,100114,100,97700,100
2019-06-28 09:56:30.000000000,99841,231,99653,231,99858,231,99463,231,99979,100,98627,100,100006,100,98579,100,100019,100,98184,100,100028,100,98181,100,100034,100,98132,100,100057,100,98070,100,100086,100,97959,100,100114,100,97700,100
2019-06-28 09:56:30.977706359,99841,231,99653,231,99858,231,99463,231,99979,100,99177,100,100006,100,98627,100,100019,100,98579,100,100028,100,98184,100,100034,100,98181,100,100057,100,98132,100,100086,100,98070,100,100114,100,97959,100
2019-06-28 09:56:31.910875298,99841,231,99653,131,99858,231,99463,231,99979,100,99177,100,100006,100,98627,100,100019,100,98579,100,100028,100,98184,100,100034,100,98181,100,100057,100,98132,100,100086,100,98070,100,100114,100,97959,100
2019-06-28 09:56:40.000000000,99841,362,99463,362,99858,100,99177,100,99979,100,98627,100,100006,100,98579,100,100019,100,98184,100,100028,100,98181,100,100034,100,98132,100,100057,100,98070,100,100086,100,97959,100,100114,100,97700,100
2019-06-28 09:56:48.979887537,99841,362,99463,262,99858,100,99177,100,99979,100,98627,100,100006,100,98579,100,100019,100,98184,100,100028,100,98181,100,100034,100,98132,100,100057,100,98070,100,100086,100,97959,100,100114,100,97700,100
2019-06-28 09:56:50.000000000,99841,189,99177,189,99858,186,98627,186,99979,186,98579,186,100006,100,98184,100,100019,100,98181,100,100028,100,98132,100,100034,100,98070,100,100057,100,97959,100,100086,100,97700,100,100114,100,,
2019-06-28 09:57:00.000000000,99841,231,99177,231,99858,231,98627,231,99979,100,98579,100,100006,100,98184,100,100019,100,98181,100,100028,100,98132,100,100034,100,98070,100,100057,100,97959,100,100086,100,97700,100,100114,100,,
2019-06-28 09:57:10.000000000,99841,166,99177,166,99858,166,98627,166,99979,166,98579,166,100006,166,98184,166,100019,100,98181,100,100028,100,98132,100,100034,100,98070,100,100057,100,97959,100,100086,100,97700,100,100114,100,,
2019-06-28 09:57:12.674297115,99713,100,99177,166,99841,166,98627,166,99858,166,98579,166,99979,166,98184,166,100006,166,98181,100,100019,100,98132,100,100028,100,98070,100,100034,100,97959,100,100057,100,97700,100,100086,100,,
2019-06-28 09:57:20.000000000,99713,189,99177,189,99841,186,98627,186,99858,186,98579,186,99979,100,98184,100,100006,100,98181,100,100019,100,98132,100,100028,100,98070,100,100034,100,97959,100,100057,100,97700,100,100086,100,,
2019-06-28 09:57:23.792138801,99713,189,99177,189,99841,186,98627,186,99858,186,98579,186,99916,100,98184,100,99979,100,98181,100,100006,100,98132,100,100019,100,98070,100,100028,100,97959,100,100034,100,97700,100,100057,100,,
2019-06-28 09:57:30.000000000,99713,231,99177,231,99841,231,98627,231,99858,100,98579,100,99916,100,98184,100,99979,100,98181,100,100006,100,98132,100,100019,100,98070,100,100028,100,97959,100,100034,100,97700,100,100057,100,,
2019-06-28 09:57:40.000000000,99713,231,99177,231,99841,231,98627,231,99858,100,98579,100,99916,100,98184,100,99979,100,98181,100,100006,100,98132,100,100019,100,98070,100,100028,100,97959,100,100034,100,97700,100,100057,100,,
2019-06-28 09:57:50.000000000,99713,152,99177,152,99841,152,98627,152,99858,152,98579,152,99916,152,98184,152,99979,152,98181,152,100006,100,98132,100,100019,100,98070,100,100028,100,97959,100,100034,100,97700,100,100057,100,,
2019-06-28 09:57:56.280075284,99713,52,99177,152,99841,152,98627,152,99858,152,98579,152,99916,152,98184,152,99979,152,98181,152,100006,100,98132,100,100019,100,98070,100,100028,100,97959,100,100034,100,97700,100,100057,100,,
2019-06-28 09:58:00.000000000,99841,189,99177,189,99858,186,98627,186,99916,186,98579,186,99979,100,98184,100,100006,100,98181,100,100019,100,98132,100,100028,100,98070,100,100034,100,97959,100,100057,100,97700,100,100086,100,,
2019-06-28 09:58:01.940502951,99841,189,99177,189,99858,186,98627,186,99916,186,98579,186,99979,100,98184,100,100006,100,98181,100,100019,100,98132,100,100028,100,98070,100,100034,100,97959,100,100057,100,97700,100,100066,100,,
2019-06-28 09:58:10.000000000,99841,362,99177,362,99858,100,98627,100,99916,100,98579,100,99979,100,98184,100,100006,100,98181,100,100019,100,98132,100,100028,100,98070,100,100034,100,97959,100,100057,100,97700,100,100066,100,,
2019-06-28 09:58:12.298353521,99841,362,99177,362,99858,100,98627,100,99916,100,98579,100,99979,100,98184,100,100006,100,98181,100,100019,100,98132,100,100028,100,98070,100,100034,100,97959,100,100057,100,97700,100,100066,100,,
2019-06-28 09:58:20.000000000,99841,152,99177,152,99858,152,98627,152,99916,152,98579,152,99979,152,98184,152,100006,152,98181,152,100019,100,98132,100,100028,100,98070,100,100034,100,97959,100,100057,100,97700,100,100066,100,,
2019-06-28 09:58:30.000000000,99841,231,99177,231,99858,231,98627,231,99916,100,98579,100,99979,100,98184,100,100006,100,98181,100,100019,100,98132,100,100028,100,98070,100,100034,100,97959,100,100057,100,97700,100,100066,100,,
2019-06-28 09:58:38.620563238,99841,131,99177,231,99858,231,98627,231,99916,100,98579,100,99979,100,98184,100,100006,100,98181,100,100019,100,98132,100,100028,100,98070,100,100034,100,97959,100,100057,100,97700,100,100066,100,,
2019-06-28 09:58:40.000000000,99858,166,99177,166,99916,166,98627,166,99979,166,98579,166,100006,166,98184,166,100019,100,98181,100,100028,100,98132,100,100034,100,98070,100,100057,100,97959,100,100066,100,97700,100,100086,100,,
2019-06-28 09:58:43.907259944,99858,166,99177,166,99916,166,98627,166,99979,166,98579,166,100006,166,98184,166,100019,100,98181,100,100028,100,98132,100,100034,100,98070,100,100057,100,97959,100,100066,100,97700,100,100107,100,,
2019-06-28 09:58:44.474816924,99858,166,99177,166,99916,166,98627,166,99979,66,98579,166,100006,166,98184,166,100019,100,98181,100,100028,100,98132,100,100034,100,98070,100,100057,100,97959,100,100066,100,97700,100,100107,100,,
2019-06-28 09:58:50.000000000,99858,231,99177,231,99916,231,98627,231,100006,100,98579,100,100019,100,98184,100,100028,100,98181,100,100034,100,98132,100,100057,100,98070,100,100066,100,97959,100,100107,100,97700,100,100114,100,,
2019-06-28 09:59:00.000000000,99858,166,99177,166,99916,166,98627,166,100006,166,98579,166,100019,166,98184,166,100028,100,98181,100,100034,100,98132,100,100057,100,98070,100,100066,100,97959,100,100107,100,97700,100,100114,100,,
2019-06-28 09:59:10.000000000,99858,152,99177,152,99916,152,98627,152,100006,152,98579,152,100019,152,98184,152,100028,152,98181,152,100034,100,98132,100,100057,100,98070,100,100066,100,97959,100,100107,100,97700,100,100114,100,,
2019-06-28 09:59:20.000000000,99858,189,99177,189,99916,186,98627,186,100006,186,98579,186,100019,100,98184,100,100028,100,98181,100,100034,100,98132,100,100057,100,98070,100,100066,100,97959,100,100107,100,97700,100,100114,100,,
2019-06-28 09:59:30.000000000,99858,231,99177,231,99916,231,98627,231,100006,100,98579,100,100019,100,98184,100,100028,100,98181,100,100034,100,98132,100,100057,100,98070,100,100066,100,97959,100,100107,100,97700,100,100114,100,,
2019-06-28 09:59:40.000000000,99858,189,99177,189,99916,186,98627,186,100006,186,98579,186,100019,100,98184,100,100028,100,98181,100,100034,100,98132,100,100057,100,98070,100,100066,100,97959,100,100107,100,97700,100,100114,100,,
2019-06-28 09:59:50.000000000,99858,231,99177,231,99916,231,98627,231,100006,100,98579,100,100019,100,98184,100,100028,100,98181,100,100034,100,98132,100,100057,100,98070,100,100066,100,97959,100,100107,100,97700,100,100114,100,,
2019-06-28 09:59:51.478995573,99858,231,99713,100,99916,231,99177,231,100006,100,98627,231,100019,100,98579,100,100028,100,98184,100,100034,100,98181,100,100057,100,98132,100,100066,100,98070,100,100107,100,97959,100,100114,100,97700,100
2019-06-28 09:59:59.861398441,99858,231,99713,100,99916,231,99177,231,100006,100,98627,231,100019,100,98579,100,100028,100,98184,100,100034,100,98181,100,100066,100,98132,100,100107,100,98070,100,100114,100,97959,100,100160,100,97700,100
2019-06-28 10:00:00.000000000,99858,231,99713,231,99916,231,99177,231,100006,100,98627,100,100019,100,98579,100,100028,100,98184,100,100034,100,98181,100,100066,100,98132,100,100107,100,98070,100,100114,100,97959,100,100160,100,97700,100
2019-06-28 10:00:02.018334612,99858,231,99713,231,99916,231,99177,231,100006,100,98627,100,100019,100,98579,100,100028,100,98184,100,100034,100,98181,100,100066,100,98132,100,100107,100,98070,100,100114,100,97959,100,100160,100,97700,100
2019-06-28 10:00:04.294342791,99858,231,99713,231,99916,231,99177,231,100006,100,98627,100,100019,100,98579,100,100028,100,98184,100,100034,100,98181,100,100066,100,98132,100,100107,100,98070,100,100114,100,97959,100,100160,100,97700,100
2019-06-28 10:00:10.000000000,99858,362,99713,362,99916,100,99177,100,100006,100,98627,100,100019,100,98579,100,100028,100,98184,100,100034,100,98181,100,100066,100,98132,100,100107,100,98070,100,100114,100,97959,100,100160,100,97700,100
2019-06-28 10:00:16.928100472,99858,362,99713,362,99916,100,99177,100,100006,100,98627,100,100019,100,98579,100,100028,100,98184,100,100034,100,98181,100,100066,100,98132,100,100107,100,98070,100,100114,100,97959,100,100160,100,97700,100
2019-06-28 10:00:20.000000000,99858,362,99713,362,99916,100,99177,100,100006,100,98627,100,100019,100,98579,100,100028,100,98184,100,100034,100,98181,100,100066,100,98132,100,100107,100,98070,100,100114,100,97959,100,100160,100,97700,100
2019-06-28 10:00:28.026708932,99858,262,99713,362,99916,100,99177,100,100006,100,98627,100,100019,100,98579,100,100028,100,98184,100,100034,100,98181,100,100066,100,98132,100,100107,100,98070,100,100114,100,97959,100,100160,100,97700,100
2019-06-28 10:00:30.000000000,99916,189,99713,189,100006,186,99177,186,100019,186,98627,186,100028,100,98579,100,100034,100,98184,100,100066,100,98181,100,100107,100,98132,100,100114,100,98070,100,100160,100,97959,100,100277,100,97700,100
2019-06-28 10:00:40.000000000,99916,166,99713,166,100006,166,99177,166,100019,166,98627,166,100028,166,98579,166,100034,100,98184,100,100066,100,98181,100,100107,100,98132,100,100114,100,98070,100,100160,100,97959,100,100277,100,97700,100
2019-06-28 10:00:41.519435236,99916,166,99841,100,100006,166,99713,166,100019,166,99177,166,100028,166,98627,166,100034,100,98579,166,100066,100,98184,100,100107,100,98181,100,100114,100,98132,100,100160,100,98070,100,100277,100,97959,100
2019-06-28 10:00:50.000000000,99916,152,99841,152,100006,152,99713,152,100019,152,99177,152,100028,152,98627,152,100034,152,98579,152,100066,100,98184,100,100107,100,98181,100,100114,100,98132,100,100160,100,98070,100,100277,100,97959,100
2019-06-28 10:00:59.100259593,99916,52,99841,152,100006,152,99713,152,100019,152,99177,152,100028,152,98627,152,100034,152,98579,152,100066,100,98184,100,100107,100,98181,100,100114,100,98132,100,100160,100,98070,100,100277,100,97959,100
2019-06-28 10:01:00.000000000,100006,189,99841,189,100019,186,99713,186,100028,186,99177,186,100034,100,98627,100,100066,100,98579,100,100107,100,98184,100,100114,100,98181,100,100160,100,98132,100,100277,100,98070,100,100363,100,97959,100
2019-06-28 10:01:08.739884267,100006,89,99841,189,100019,186,99713,186,100028,186,99177,186,100034,100,98627,100,100066,100,98579,100,100107,100,98184,100,100160,100,98181,100,100277,100,98132,100,100363,100,98070,100,100414,100,97959,100
2019-06-28 10:01:10.000000000,100019,189,99841,189,100028,186,99713,186,100034,186,99177,186,100066,100,98627,100,100107,100,98579,100,100160,100,98184,100,100277,100,98181,100,100363,100,98132,100,100414,100,98070,100,100462,100,97959,100
2019-06-28 10:01:11.620465586,100019,189,99841,189,100028,186,99713,186,100034,186,99177,186,100066,100,98627,100,100107,100,98579,100,100160,100,98184,100,100277,100,98181,100,100363,100,98132,100,100414,100,98070,100,100462,100,97959,100
2019-06-28 10:01:20.000000000,100019,362,99841,362,100028,100,99713,100,100034,100,99177,100,100066,100,98627,100,100107,100,98579,100,100160,100,98184,100,100277,100,98181,100,100363,100,98132,100,100414,100,98070,100,100462,100,97959,100
2019-06-28 10:01:27.386803618,100019,262,99841,362,100028,100,99713,100,100066,100,99177,100,100107,100,98627,100,100160,100,98579,100,100277,100,98184,100,100363,100,98181,100,100414,100,98132,100,100462,100,98070,100,100471,100,97959,100
2019-06-28 10:01:30.000000000,100028,362,99841,362,100066,100,99713,100,100107,100,99177,100,100160,100,98627,100,100277,100,98579,100,100363,100,98184,100,100414,100,98181,100,100462,100,98132,100,100471,100,98070,100,100482,100,97959,100
2019-06-28 10:01:40.000000000,100028,166,99841,166,100066,166,99713,166,100107,166,99177,166,100160,166,98627,166,100277,100,98579,100,100363,100,98184,100,100414,100,98181,100,100462,100,98132,100,100471,100,98070,100,100482,100,97959,100
2019-06-28 10:01:42.370644091,100028,66,99841,166,100066,166,99713,166,100107,166,99177,166,100160,166,98627,166,100277,100,98579,100,100363,100,98184,100,100414,100,98181,100,100462,100,98132,100,100471,100,98070,100,100482,100,97959,100
2019-06-28 10:01:48.440220595,100028,66,99841,166,100066,166,99713,166,100107,166,99177,166,100160,166,98627,166,100277,100,98579,100,100363,100,98184,100,100414,100,98181,100,100462,100,98132,100,100471,100,98070,100,100482,100,97959,100
2019-06-28 10:01:50.000000000,100066,166,99841,166,100107,166,99713,166,100160,166,99177,166,100277,166,98627,166,100363,100,98579,100,100414,100,98184,100,100462,100,98181,100,100471,100,98132,100,100482,100,98070,100,100517,100,97959,100
2019-06-28 10:02:00.000000000,100066,189,99841,189,100107,186,99713,186,100160,186,99177,186,100277,100,98627,100,100363,100,98579,100,100414,100,98184,100,100462,100,98181,100,100471,100,98132,100,100482,100,98070,100,100517,100,97959,100
2019-06-28 10:02:04.144427289,100107,186,100066,11,100160,186,99841,189,100277,100,99713,186,100363,100,99177,186,100414,100,98627,100,100462,100,98579,100,100471,100,98184,100,100482,100,98181,100,100517,100,98132,100,100523,100,98070,100
2019-06-28 10:02:10.000000000,100107,189,100066,100,100160,186,99841,186,100277,186,99713,186,100363,100,99177,100,100414,100,98627,100,100462,100,98579,100,100471,100,98184,100,100482,100,98181,100,100517,100,98132,100,100523,100,98070,100
2019-06-28 10:02:10.383871577,100107,189,100066,100,100160,186,99841,186,100277,186,99713,186,100363,100,99177,100,100414,100,98627,100,100462,100,98579,100,100471,100,98184,100,100482,100,98181,100,100517,100,98132,100,100523,100,98070,100
2019-06-28 10:02:14.469116177,100107,189,100066,100,100160,186,100028,100,100277,186,99841,186,100363,100,99713,186,100414,100,99177,100,100462,100,98627,100,100471,100,98579,100,100482,100,98184,100,100517,100,98181,100,100523,100,98132,100
2019-06-28 10:02:16.445168679,100107,189,100066,100,100160,186,100028,100,100277,186,99841,186,100363,100,99713,186,100414,100,99177,100,100462,100,98627,100,100471,100,98579,100,100482,100,98184,100,100523,100,98181,100,100532,100,98132,100
2019-06-28 10:02:20.000000000,100107,166,100066,77,100160,166,100028,166,100277,166,99841,166,100363,166,99713,166,100414,100,99177,100,100462,100,98627,100,100471,100,98579,100,100482,100,98184,100,100523,100,98181,100,100532,100,98132,100
2019-06-28 10:02:21.524787404,100107,166,100066,77,100160,166,100028,166,100277,166,99841,166,100363,166,99713,166,100414,100,99177,100,100462,100,98627,100,100471,100,98579,100,100482,100,98184,100,100523,100,98181,100,100532,100,98132,100
2019-06-28 10:02:26.943691409,100107,66,100066,77,100160,166,100028,166,100277,166,99841,166,100363,66,99713,166,100414,100,99177,100,100462,100,98627,100,100471,100,98579,100,100482,100,98184,100,100523,100,98181,100,100532,100,98132,100
2019-06-28 10:02:30.000000000,100160,152,100066,63,100277,152,100028,152,100414,152,99841,152,100462,152,99713,152,100471,152,99177,152,100482,100,98627,100,100523,100,98579,100,100532,100,98184,100,100559,100,98181,100,100576,100,98132,100
2019-06-28 10:02:40.000000000,100160,189,100066,100,100277,186,100028,186,100414,186,99841,186,100462,100,99713,100,100471,100,99177,100,100482,100,98627,100,100523,100,98579,100,100532,100,98184,100,100559,100,98181,100,100576,100,98132,100
2019-06-28 10:02:46.966488102,100160,189,100066,100,100277,186,100028,186,100414,186,99841,186,100462,100,99713,100,100471,100,99177,100,100482,100,98627,100,100523,100,98579,100,100532,100,98184,100,100550,100,98181,100,100559,100,98132,100
2019-06-28 10:02:50.000000000,100160,152,100066,63,100277,152,100028,152,100414,152,99841,152,100462,152,99713,152,100471,152,99177,152,100482,100,98627,100,100523,100,98579,100,100532,100,98184,100,100550,100,98181,100,100559,100,98132,100
2019-06-28 10:02:52.574812627,100160,52,100066,63,100277,52,100028,152,100414,152,99841,152,100462,152,99713,152,100471,152,99177,152,100482,100,98627,100,100523,100,98579,100,100532,100,98184,100,100550,100,98181,100,100559,100,98132,100
2019-06-28 10:03:00.000000000,100414,231,100066,142,100462,231,100028,231,100471,100,99841,100,100482,100,99713,100,100523,100,99177,100,100532,100,98627,100,100550,100,98579,100,100559,100,98184,100,100576,100,98181,100,100623,100,98132,100
2019-06-28 10:03:03.734840367,100245,100,100066,142,100414,231,100028,231,100462,231,99841,100,100471,100,99713,100,100482,100,99177,100,100523,100,98627,100,100532,100,98579,100,100550,100,98184,100,100559,100,98181,100,100576,100,98132,100
2019-06-28 10:03:10.000000000,100245,189,100066,100,100414,186,100028,186,100462,186,99841,186,100471,100,99713,100,100482,100,99177,100,100523,100,98627,100,100532,100,98579,100,100550,100,98184,100,100559,100,98181,100,100576,100,98132,100
2019-06-28 10:03:10.793133709,100245,189,100107,100,100414,186,100066,100,100462,186,100028,186,100471,100,99841,186,100482,100,99713,100,100523,100,99177,100,100532,100,98627,100,100550,100,98579,100,100559,100,98184,100,100576,100,98181,100
2019-06-28 10:03:13.070273989,100245,189,100210,100,100414,186,100107,100,100462,186,100066,100,100471,100,100028,186,100482,100,99841,186,100523,100,99713,100,100532,100,99177,100,100559,100,98627,100,100576,100,98579,100,100623,100,98184,100
2019-06-28 10:03:20.000000000,100245,189,100210,189,100414,186,100107,186,100462,186,100066,97,100471,100,100028,100,100482,100,99841,100,100523,100,99713,100,100532,100,99177,100,100559,100,98627,100,100576,100,98579,100,100623,100,98184,100
2019-06-28 10:03:27.412799309,100245,189,100210,189,100414,186,100107,286,100462,186,100066,97,100471,100,100028,100,100482,100,99841,100,100523,100,99713,100,100532,100,99177,100,100559,100,98627,100,100576,100,98579,100,100623,100,98184,100
2019-06-28 10:03:30.000000000,100245,189,100210,189,100414,186,100107,286,100462,186,100066,97,100471,100,100028,100,100482,100,99841,100,100523,100,99713,100,100532,100,99177,100,100559,100,98627,100,100576,100,98579,100,100623,100,98184,100
2019-06-28 10:03:35.524922506,100245,189,100210,89,100414,186,100107,286,100462,186,100066,97,100471,100,100028,100,100482,100,99841,100,100523,100,99713,100,100532,100,99177,100,100559,100,98627,100,100576,100,98579,100,100623,100,98184,100
2019-06-28 10:03:39.006515904,100210,11,100107,286,100245,189,100066,97,100414,186,100028,100,100462,186,99841,100,100471,100,99713,100,100482,100,99177,100,100523,100,98627,100,100532,100,98579,100,100559,100,98184,100,100576,100,98181,100
2019-06-28 10:03:40.000000000,100210,273,100107,462,100245,100,100066,11,100414,100,100028,100,100462,100,99841,100,100471,100,99713,100,100482,100,99177,100,100523,100,98627,100,100532,100,98579,100,100559,100,98184,100,100576,100,98181,100
2019-06-28 10:03:50.000000000,100210,142,100107,331,100245,231,100066,142,100414,100,100028,100,100462,100,99841,100,100471,100,99713,100,100482,100,99177,100,100523,100,98627,100,100532,100,98579,100,100559,100,98184,100,100576,100,98181,100
2019-06-28 10:03:50.696988740,100152,100,100107,331,100210,142,100066,142,100245,231,100028,100,100414,100,99841,100,100462,100,99713,100,100471,100,99177,100,100482,100,98627,100,100523,100,98579,100,100532,100,98184,100,100559,100,98181,100
2019-06-28 10:03:51.449211094,100152,100,100107,231,100210,142,100066,142,100245,231,100028,100,100414,100,99841,100,100462,100,99713,100,100471,100,99177,100,100482,100,98627,100,100523,100,98579,100,100532,100,98184,100,100559,100,98181,100
2019-06-28 10:03:59.204108976,100152,100,100107,231,100210,142,100066,142,100245,231,100028,100,100414,100,99916,100,100462,100,99841,100,100471,100,99713,100,100482,100,99177,100,100523,100,98627,100,100532,100,98579,100,100559,100,98184,100
2019-06-28 10:04:00.000000000,100152,166,100107,166,100210,77,100066,77,100245,166,100028,166,100414,166,99916,166,100462,100,99841,100,100471,100,99713,100,100482,100,99177,100,100523,100,98627,100,100532,100,98579,100,100559,100,98184,100
2019-06-28 10:04:06.347300788,100152,66,100107,166,100210,77,100066,77,100245,166,100028,166,100414,166,99916,166,100462,100,99841,100,100471,100,99713,100,100482,100,99177,100,100523,100,98627,100,100559,100,98579,100,100576,100,98184,100
2019-06-28 10:04:10.000000000,100210,77,100107,166,100245,166,100066,77,100414,166,100028,166,100462,166,99916,166,100471,100,99841,100,100482,100,99713,100,100523,100,99177,100,100559,100,98627,100,100576,100,98579,100,100623,100,98184,100
2019-06-28 10:04:20.000000000,100210,63,100107,152,100245,152,100066,63,100414,152,100028,152,100462,152,99916,152,100471,152,99841,152,100482,100,99713,100,100523,100,99177,100,100559,100,98627,100,100576,100,98579,100,100623,100,98184,100
2019-06-28 10:04:30.000000000,100210,273,100107,362,100245,100,100066,11,100414,100,100028,100,100462,100,99916,100,100471,100,99841,100,100482,100,99713,100,100523,100,99177,100,100559,100,98627,100,100576,100,98579,100,100623,100,98184,100
2019-06-28 10:04:40.000000000,100210,77,100107,166,100245,166,100066,77,100414,166,100028,166,100462,166,99916,166,100471,100,99841,100,100482,100,99713,100,100523,100,99177,100,100559,100,98627,100,100576,100,98579,100,100623,100,98184,100
2019-06-28 10:04:50.000000000,100210,273,100107,362,100245,100,100066,11,100414,100,100028,100,100462,100,99916,100,100471,100,99841,100,100482,100,99713,100,100523,100,99177,100,100559,100,98627,100,100576,100,98579,100,100623,100,98184,100
2019-06-28 10:04:52.302666823,100151,100,100107,362,100210,273,100066,11,100245,100,100028,100,100414,100,99916,100,100462,100,99841,100,100471,100,99713,100,100482,100,99177,100,100523,100,98627,100,100559,100,98579,100,100576,100,98184,100
2019-06-28 10:04:53.582343791,100151,100,100107,362,100210,273,100066,11,100245,100,100028,100,100414,100,99916,100,100462,100,99841,100,100471,100,99713,100,100482,100,99670,100,100523,100,99177,100,100576,100,98627,100,100623,100,98579,100
2019-06-28 10:05:00.000000000,100151,166,100107,166,100210,77,100066,77,100245,166,100028,166,100414,166,99916,166,100462,100,99841,100,100471,100,99713,100,100482,100,99670,100,100523,100,99177,100,100576,100,98627,100,100623,100,98579,100
2019-06-28 10:05:10.000000000,100151,189,100107,189,100210,97,100066,97,100245,186,100028,186,100414,100,99916,100,100462,100,99841,100,100471,100,99713,100,100482,100,99670,100,100523,100,99177,100,100576,100,98627,100,100623,100,98579,100
2019-06-28 10:05:20.000000000,100151,152,100107,152,100210,63,100066,63,100245,152,100028,152,100414,152,99916,152,100462,152,99841,152,100471,100,99713,100,100482,100,99670,100,100523,100,99177,100,100576,100,98627,100,100623,100,98579,100
2019-06-28 10:05:30.000000000,100151,362,100107,362,100210,11,100066,11,100245,100,100028,100,100414,100,99916,100,100462,100,99841,100,100471,100,99713,100,100482,100,99670,100,100523,100,99177,100,100576,100,98627,100,100623,100,98579,100
2019-06-28 10:05:33.885382498,100151,262,100107,362,100210,11,100066,11,100245,100,100028,100,100414,100,99916,100,100462,100,99841,100,100471,100,99713,100,100482,100,99670,100,100523,100,99177,100,100576,100,98627,100,100623,100,98579,100
2019-06-28 10:05:34.870358930,100151,262,100107,362,100210,11,100066,11,100245,100,100028,100,100414,100,99916,100,100462,100,99841,100,100471,100,99713,100,100482,100,99670,100,100523,100,99177,100,100576,100,98627,100,100623,100,98579,100
2019-06-28 10:05:40.000000000,100210,142,100107,231,100245,231,100066,142,100414,100,100028,100,100462,100,99916,100,100471,100,99841,100,100482,100,99713,100,100523,100,99670,100,100576,100,99177,100,100623,100,98627,100,100668,100,98579,100
2019-06-28 10:05:41.497826916,100210,142,100107,231,100245,231,100066,142,100414,100,100028,100,100462,100,99916,100,100471,100,99841,100,100482,100,99713,100,100523,100,99670,100,100558,100,99177,100,100576,100,98627,100,100623,100,98579,100
2019-06-28 10:05:47.991621285,100210,142,100107,231,100245,231,100066,142,100376,100,100028,100,100414,100,99916,100,100462,100,99841,100,100471,100,99713,100,100482,100,99670,100,100523,100,99177,100,100558,100,98627,100,100576,100,98579,100
2019-06-28 10:05:49.977018067,100210,142,100151,100,100245,231,100107,231,100376,100,100066,142,100414,100,100028,100,100462,100,99916,100,100471,100,99841,100,100482,100,99713,100,100523,100,99670,100,100558,100,99177,100,100576,100,98627,100
2019-06-28 10:05:50.000000000,100210,100,100151,189,100245,186,100107,186,100376,186,100066,97,100414,100,100028,100,100462,100,99916,100,100471,100,99841,100,100482,100,99713,100,100523,100,99670,100,100558,100,99177,100,100576,100,98627,100
2019-06-28 10:05:50.040860137,100210,100,100151,189,100245,186,100107,186,100376,186,100066,97,100385,100,100028,100,100414,100,99916,100,100462,100,99841,100,100471,100,99713,100,100482,100,99670,100,100523,100,99177,100,100558,100,98627,100
2019-06-28 10:06:00.000000000,100210,273,100151,362,100245,100,100107,100,100376,100,100066,11,100385,100,100028,100,100414,100,99916,100,100462,100,99841,100,100471,100,99713,100,100482,100,99670,100,100523,100,99177,100,100558,100,98627,100
2019-06-28 10:06:10.000000000,100210,100,100151,189,100245,186,100107,186,100376,186,100066,97,100385,100,100028,100,100414,100,99916,100,100462,100,99841,100,100471,100,99713,100,100482,100,99670,100,100523,100,99177,100,100558,100,98627,100
2019-06-28 10:06:10.659772178,100210,100,100151,189,100245,186,100107,186,100376,186,100066,97,100385,100,100028,100,100414,100,99916,100,100462,100,99841,100,100471,100,99713,100,100482,100,99670,100,100523,100,99177,100,100558,100,98627,100
2019-06-28 10:06:20.000000000,100210,273,100151,362,100245,100,100107,100,100376,100,100066,11,100385,100,100028,100,100414,100,99916,100,100462,100,99841,100,100471,100,99713,100,100482,100,99670,100,100523,100,99177,100,100558,100,98627,100
2019-06-28 10:06:30.000000000,100210,273,100151,362,100245,100,100107,100,100376,100,100066,11,100385,100,100028,100,100414,100,99916,100,100462,100,99841,100,100471,100,99713,100,100482,100,99670,100,100523,100,99177,100,100558,100,98627,100
2019-06-28 10:06:40.000000000,100210,142,100151,231,100245,231,100107,231,100376,100,100066,11,100385,100,100028,100,100414,100,99916,100,100462,100,99841,100,100471,100,99713,100,100482,100,99670,100,100523,100,99177,100,100558,100,98627,100
2019-06-28 10:06:49.672483599,100210,142,100151,331,100245,231,100107,231,100376,100,100066,11,100385,100,100028,100,100414,100,99916,100,100462,100,99841,100,100471,100,99713,100,100482,100,99670,100,100523,100,99177,100,100558,100,98627,100
2019-06-28 10:06:50.000000000,100210,273,100151,462,100245,100,100107,100,100376,100,100066,11,100385,100,100028,100,100414,100,99916,100,100462,100,99841,100,100471,100,99713,100,100482,100,99670,100,100523,100,99177,100,100558,100,98627,100
2019-06-28 10:06:52.540639115,100210,173,100151,462,100245,100,100107,100,100376,100,100066,11,100385,100,100028,100,100414,100,99916,100,100462,100,99841,100,100471,100,99713,100,100482,100,99670,100,100523,100,99177,100,100558,100,98627,100
2019-06-28 10:07:00.000000000,100245,189,100151,289,100376,186,100107,186,100385,186,100066,97,100414,100,100028,100,100462,100,99916,100,100471,100,99841,100,100482,100,99713,100,100523,100,99670,100,100558,100,99177,100,100576,100,98627,100
2019-06-28 10:07:10.000000000,100245,189,100151,289,100376,186,100107,186,100385,186,100066,97,100414,100,100028,100,100462,100,99916,100,100471,100,99841,100,100482,100,99713,100,100523,100,99670,100,100558,100,99177,100,100576,100,98627,100
2019-06-28 10:07:20.000000000,100245,152,100151,252,100376,152,100107,152,100385,152,100066,63,100414,152,100028,152,100462,152,99916,152,100471,100,99841,100,100482,100,99713,100,100523,100,99670,100,100558,100,99177,100,100576,100,98627,100
2019-06-28 10:07:30.000000000,100245,152,100151,252,100376,152,100107,152,100385,152,100066,63,100414,152,100028,152,100462,152,99916,152,100471,100,99841,100,100482,100,99713,100,100523,100,99670,100,100558,100,99177,100,100576,100,98627,100
2019-06-28 10:07:32.317080766,100245,152,100151,152,100376,152,100107,152,100385,152,100066,63,100414,152,100028,152,100462,152,99916,152,100471,100,99841,100,100482,100,99713,100,100523,100,99670,100,100558,100,99177,100,100576,100,98627,100
2019-06-28 10:07:40.000000000,100245,189,100151,189,100376,186,100107,186,100385,186,100066,97,100414,100,100028,100,100462,100,99916,100,100471,100,99841,100,100482,100,99713,100,100523,100,99670,100,100558,100,99177,100,100576,100,98627,100
2019-06-28 10:07:45.794767426,100245,189,100151,189,100376,186,100107,186,100385,186,100066,97,100414,100,100028,100,100462,100,99916,100,100471,100,99841,100,100482,100,99713,100,100523,100,99670,100,100558,100,99177,100,100576,100,98627,100
2019-06-28 10:07:49.483958971,100245,89,100151,189,100376,186,100107,186,100385,186,100066,97,100414,100,100028,100,100462,100,99916,100,100471,100,99841,100,100482,100,99713,100,100523,100,99670,100,100558,100,99177,100,100576,100,98627,100
2019-06-28 10:07:50.000000000,100376,189,100151,189,100385,186,100107,186,100414,186,100066,97,100462,100,100028,100,100471,100,99916,100,100482,100,99841,100,100523,100,99713,100,100558,100,99670,100,100576,100,99177,100,100585,100,98627,100
2019-06-28 10:08:00.000000000,100376,189,100151,189,100385,186,100107,186,100414,186,100066,97,100462,100,100028,100,100471,100,99916,100,100482,100,99841,100,100523,100,99713,100,100558,100,99670,100,100576,100,99177,100,100585,100,98627,100
2019-06-28 10:08:10.000000000,100376,189,100151,189,100385,186,100107,186,100414,186,100066,97,100462,100,100028,100,100471,100,99916,100,100482,100,99841,100,100523,100,99713,100,100558,100,99670,100,100576,100,99177,100,100585,100,98627,100
2019-06-28 10:08:10.663458538,100376,89,100151,189,100385,186,100107,186,100414,186,100066,86,100462,100,100028,100,100471,100,99916,100,100482,100,99841,100,100523,100,99713,100,100558,100,99670,100,100576,100,99177,100,100585,100,98627,100
2019-06-28 10:08:20.000000000,100385,231,100151,231,100414,231,100107,231,100462,100,100028,100,100471,100,99916,100,100482,100,99841,100,100523,100,99713,100,100558,100,99670,100,100576,100,99177,100,100585,100,98627,100,100623,100,98579,100
2019-06-28 10:08:20.498622945,100385,131,100151,231,100414,231,100107,231,100462,100,100028,100,100471,100,99916,100,100482,100,99841,100,100523,100,99713,100,100558,100,99670,100,100576,100,99177,100,100585,100,98627,100,100623,100,98579,100
2019-06-28 10:08:30.000000000,100414,189,100151,189,100462,186,100107,186,100471,186,100028,186,100482,100,99916,100,100523,100,99841,100,100558,100,99713,100,100576,100,99670,100,100585,100,99177,100,100623,100,98627,100,100668,100,98579,100
2019-06-28 10:08:40.000000000,100414,152,100151,152,100462,152,100107,152,100471,152,100028,152,100482,152,99916,152,100523,152,99841,152,100558,100,99713,100,100576,100,99670,100,100585,100,99177,100,100623,100,98627,100,100668,100,98579,100
2019-06-28 10:08:43.552697012,100414,152,100151,152,100462,152,100107,152,100471,152,100028,152,100482,152,99916,152,100523,152,99841,152,100558,100,99713,100,100576,100,99670,100,100585,100,99177,100,100623,100,98627,100,100668,100,98579,100
2019-06-28 10:08:47.536080511,100414,152,100151,152,100462,152,100107,152,100471,152,100028,152,100482,152,99916,152,100523,152,99841,152,100558,100,99713,100,100576,100,99670,100,100585,100,99177,100,100623,100,98627,100,100668,100,98579,100
2019-06-28 10:08:50.000000000,100414,362,100151,362,100462,100,100107,100,100471,100,100028,100,100482,100,99916,100,100523,100,99841,100,100558,100,99713,100,100576,100,99670,100,100585,100,99177,100,100623,100,98627,100,100668,100,98579,100
2019-06-28 10:08:53.759360373,100414,362,100151,362,100462,100,100107,100,100471,100,100028,100,100482,100,99916,100,100523,100,99841,100,100558,100,99713,100,100576,100,99177,100,100585,100,98627,100,100623,100,98579,100,100668,100,98181,100
2019-06-28 10:09:00.000000000,100414,362,100151,362,100462,100,100107,100,100471,100,100028,100,100482,100,99916,100,100523,100,99841,100,100558,100,99713,100,100576,100,99177,100,100585,100,98627,100,100623,100,98579,100,100668,100,98181,100
2019-06-28 10:09:10.000000000,100414,362,100151,362,100462,100,100107,100,100471,100,100028,100,100482,100,99916,100,100523,100,99841,100,100558,100,99713,100,100576,100,99177,100,100585,100,98627,100,100623,100,98579,100,100668,100,98181,100
2019-06-28 10:09:15.780437185,100414,262,100151,362,100462,100,100107,100,100471,100,100028,100,100482,100,99916,100,100523,100,99841,100,100558,100,99713,100,100576,100,99177,100,100585,100,98627,100,100623,100,98579,100,100668,100,98181,100
2019-06-28 10:09:20.000000000,100462,152,100151,152,100471,152,100107,152,100482,152,100028,152,100523,152,99916,152,100558,152,99841,152,100576,100,99713,100,100585,100,99177,100,100623,100,98627,100,100668,100,98579,100,100755,100,98181,100
