,ask_price_1,ask_size_1,bid_price_1,bid_size_1,ask_price_2,ask_size_2,bid_price_2,bid_size_2,ask_price_3,ask_size_3,bid_price_3,bid_size_3,ask_price_4,ask_size_4,bid_price_4,bid_size_4,ask_price_5,ask_size_5,bid_price_5,bid_size_5,ask_price_6,ask_size_6,bid_price_6,bid_size_6,ask_price_7,ask_size_7,bid_price_7,bid_size_7,ask_price_8,ask_size_8,bid_price_8,bid_size_8,ask_price_9,ask_size_9,bid_price_9,bid_size_9,ask_price_10,ask_size_10,bid_price_10,bid_size_10
2019-06-28 09:30:00.000000000,99926,100,,,100068,100,,,,,,,,,,,,,,,,,,,,,,,,,,,,,,,,,,
2019-06-28 09:30:00.000000001,99926,100,,,99999,100,,,100068,100,,,,,,,,,,,,,,,,,,,,,,,,,,,,,,
2019-06-28 09:30:00.000000002,99999,100,,,100068,100,,,,,,,,,,,,,,,,,,,,,,,,,,,,,,,,,,
2019-06-28 09:30:00.000000005,99999,100,99984,100,100068,100,99901,100,,,,,,,,,,,,,,,,,,,,,,,,,,,,,,,,
2019-06-28 09:30:00.000000006,99999,100,99984,100,100050,100,99927,100,100068,100,99901,100,,,,,,,,,,,,,,,,,,,,,,,,,,,,
2019-06-28 09:30:00.000000007,99999,100,99984,100,100050,100,99927,100,100068,100,99901,100,100101,100,,,,,,,,,,,,,,,,,,,,,,,,,,
2019-06-28 09:30:00.000000009,99999,100,99927,100,100050,100,99901,100,100053,100,,,100068,100,,,100101,100,,,,,,,,,,,,,,,,,,,,,,
2019-06-28 09:30:00.000000011,99999,100,99927,100,100037,100,99901,100,100050,100,,,100053,100,,,100068,100,,,100101,100,,,,,,,,,,,,,,,,,,
2019-06-28 09:30:00.000000013,99999,100,99928,100,100037,100,99927,100,100050,100,99901,100,100053,100,,,100068,100,,,100101,100,,,,,,,,,,,,,,,,,,
2019-06-28 09:30:00.000000016,99999,100,99928,100,100037,100,99927,100,100050,100,99901,100,100053,100,,,100068,100,,,100101,100,,,100178,100,,,,,,,,,,,,,,
2019-06-28 09:30:00.000000017,99999,100,99996,100,100037,100,99928,100,100050,100,99927,100,100053,100,99901,100,100068,100,,,100101,100,,,100178,100,,,,,,,,,,,,,,
2019-06-28 09:30:00.000000022,99999,100,99996,100,100037,100,99943,100,100050,100,99928,100,100053,100,99927,100,100068,100,99901,100,100101,100,,,100178,100,,,,,,,,,,,,,,
2019-06-28 09:30:00.000000023,99999,100,99943,100,100037,100,99928,100,100050,100,99927,100,100053,100,99901,100,100068,100,,,100101,100,,,100178,100,,,,,,,,,,,,,,
2019-06-28 09:30:00.000000029,99999,100,99943,100,100037,100,99928,100,100050,100,99927,100,100053,100,99901,100,100068,100,99809,100,100101,100,,,100178,100,,,,,,,,,,,,,,
2019-06-28 09:30:00.000000030,99999,100,99943,100,100037,100,99928,100,100050,100,99927,100,100053,100,99901,100,100068,100,99809,100,100071,100,,,100101,100,,,100114,100,,,100178,100,,,,,,
2019-06-28 09:30:00.000000031,99999,100,99943,100,100037,100,99928,100,100050,100,99927,100,100053,100,99901,100,100062,100,99809,100,100068,100,,,100071,100,,,100081,100,,,100101,100,,,100114,100,,
2019-06-28 09:30:00.000000033,99999,100,99984,100,100037,100,99943,100,100050,100,99928,100,100053,100,99927,100,100062,100,99901,100,100068,100,99809,100,100071,100,,,100081,100,,,100086,100,,,100101,100,,
2019-06-28 09:30:00.000000034,100037,100,99984,100,100050,100,99943,100,100053,100,99928,100,100062,100,99927,100,100068,100,99901,100,100071,100,99809,100,100081,100,,,100086,100,,,100101,100,,,100114,100,,
2019-06-28 09:30:00.000000036,99999,100,99984,100,100037,100,99943,100,100050,100,99933,100,100053,100,99928,100,100062,100,99927,100,100068,100,99901,100,100071,100,99809,100,100081,100,,,100086,100,,,100101,100,,
2019-06-28 09:30:00.000000038,99999,100,99984,100,100037,100,99943,100,100050,100,99933,100,100053,100,99928,100,100062,100,99927,100,100068,100,99901,100,100071,100,99809,100,100081,100,,,100086,100,,,100088,100,,
2019-06-28 09:30:00.000000039,99999,100,99985,100,100037,100,99984,100,100050,100,99943,100,100053,100,99933,100,100062,100,99928,100,100068,100,99927,100,100071,100,99901,100,100081,100,99809,100,100086,100,,,100088,100,,
2019-06-28 09:30:00.000000040,99999,100,99985,100,100037,100,99984,100,100050,100,99943,100,100053,100,99933,100,100062,100,99928,100,100068,100,99927,100,100071,100,99901,100,100081,100,99809,100,100086,100,99764,100,100088,100,,
2019-06-28 09:30:00.000000041,99999,100,99985,100,100037,100,99984,100,100050,100,99943,100,100053,100,99933,100,100057,100,99928,100,100062,100,99927,100,100068,100,99901,100,100071,100,99809,100,100081,100,99764,100,100086,100,,
2019-06-28 09:30:00.000000042,99999,100,99985,100,100037,100,99984,100,100050,100,99943,100,100053,100,99933,100,100057,100,99928,100,100062,100,99927,100,100068,100,99901,100,100071,100,99878,100,100081,100,99809,100,100086,100,99764,100
2019-06-28 09:30:00.000000044,99999,100,99985,100,100037,100,99984,100,100050,100,99943,100,100053,100,99933,100,100057,100,99928,100,100062,100,99927,100,100068,100,99901,100,100071,100,99878,100,100081,100,99867,100,100086,100,99809,100
2019-06-28 09:30:00.000000045,99999,100,99985,100,100037,100,99984,100,100050,100,99943,100,100053,100,99933,100,100057,100,99928,100,100062,100,99927,100,100068,100,99901,100,100071,100,99883,100,100081,100,99878,100,100086,100,99867,100
2019-06-28 09:30:00.000000049,99999,200,99985,200,100037,100,99984,100,100050,100,99943,100,100053,100,99933,100,100057,100,99928,100,100062,100,99927,100,100068,100,99901,100,100071,100,99883,100,100081,100,99878,100,100086,100,99867,100
2019-06-28 09:30:00.000000051,99999,200,99985,200,100037,100,99984,100,100050,100,99943,100,100053,100,99939,100,100057,100,99933,100,100062,100,99928,100,100068,100,99927,100,100071,100,99901,100,100081,100,99883,100,100086,100,99878,100
2019-06-28 09:30:00.000000053,99999,300,99985,200,100037,100,99984,100,100050,100,99943,100,100053,100,99939,100,100057,100,99933,100,100062,100,99928,100,100068,100,99927,100,100071,100,99901,100,100081,100,99883,100,100086,100,99878,100
2019-06-28 09:30:00.000000055,99999,300,99985,100,100037,100,99984,100,100050,100,99943,100,100053,100,99939,100,100057,100,99933,100,100062,100,99928,100,100068,100,99927,100,100071,100,99901,100,100081,100,99883,100,100086,100,99878,100
2019-06-28 09:30:00.000000056,99999,200,99985,100,100037,100,99984,100,100050,100,99943,100,100053,100,99939,100,100057,100,99933,100,100062,100,99928,100,100068,100,99927,100,100071,100,99901,100,100081,100,99883,100,100086,100,99878,100
2019-06-28 09:30:00.000000058,99999,200,99985,100,100037,100,99984,100,100050,100,99943,100,100053,100,99939,100,100057,100,99933,100,100062,100,99928,100,100068,100,99927,100,100071,100,99906,100,100081,100,99901,100,100086,100,99889,100
2019-06-28 09:30:00.000000060,99999,200,99986,100,100037,100,99985,100,100050,100,99984,100,100053,100,99943,100,100057,100,99939,100,100062,100,99933,100,100068,100,99928,100,100071,100,99927,100,100081,100,99906,100,100086,100,99901,100
2019-06-28 09:30:00.000000063,99998,100,99986,100,99999,200,99985,100,100037,100,99984,100,100050,100,99943,100,100053,100,99939,100,100057,100,99933,100,100062,100,99928,100,100068,100,99927,100,100071,100,99906,100,100081,100,99901,100
2019-06-28 09:30:00.000000064,99998,100,99985,100,99999,200,99984,100,100037,100,99943,100,100050,100,99939,100,100053,100,99933,100,100057,100,99928,100,100062,100,99927,100,100068,100,99906,100,100071,100,99901,100,100081,100,99889,100
2019-06-28 09:30:00.000000068,99998,100,99986,100,99999,200,99985,100,100037,100,99984,100,100050,100,99943,100,100053,100,99939,100,100057,100,99933,100,100062,100,99928,100,100068,100,99927,100,100071,100,99906,100,100081,100,99901,100
2019-06-28 09:30:00.000000070,99996,100,99986,100,99998,100,99985,100,99999,200,99984,100,100037,100,99943,100,100050,100,99939,100,100053,100,99933,100,100057,100,99928,100,100062,100,99927,100,100068,100,99906,100,100071,100,99901,100
2019-06-28 09:30:00.000000071,99996,100,99986,100,99998,100,99985,100,99999,200,99984,100,100037,100,99943,100,100050,100,99939,100,100053,100,99933,100,100057,100,99928,100,100062,100,99927,100,100068,100,99906,100,100071,100,99901,100
2019-06-28 09:30:00.000000072,99996,100,99986,100,99998,100,99985,100,99999,200,99984,100,100037,100,99943,100,100050,100,99939,100,100053,100,99933,100,100057,100,99928,100,100062,100,99927,100,100068,100,99906,100,100071,100,99901,100
2019-06-28 09:30:00.000000074,99996,100,99986,100,99998,100,99985,100,99999,200,99984,100,100037,100,99943,100,100050,100,99939,100,100053,100,99933,100,100057,100,99928,100,100062,100,99927,100,100068,100,99906,100,100071,100,99901,100
2019-06-28 09:30:00.000000077,99996,100,99986,100,99998,100,99985,100,99999,200,99984,100,100037,100,99943,100,100042,100,99939,100,100050,100,99933,100,100053,100,99928,100,100057,100,99927,100,100062,100,99906,100,100068,100,99901,100
2019-06-28 09:30:00.000000081,99996,100,99986,100,99998,100,99985,100,99999,200,99984,100,100037,100,99943,100,100042,100,99939,100,100050,100,99933,100,100053,100,99928,100,100057,100,99927,100,100062,100,99906,100,100068,100,99901,100
2019-06-28 09:30:00.000000082,99996,100,99986,100,99998,100,99985,100,99999,200,99984,100,100037,100,99943,100,100042,100,99939,100,100050,100,99933,100,100053,100,99928,100,100057,100,99927,100,100062,100,99906,100,100068,100,99901,100
2019-06-28 09:30:00.000000084,99996,100,99986,100,99998,100,99985,100,99999,200,99984,100,100037,100,99943,100,100042,100,99939,100,100050,100,99933,100,100053,100,99928,100,100057,100,99927,100,100062,100,99906,100,100068,100,99901,100
2019-06-28 09:30:00.000000087,99996,100,99987,100,99998,100,99986,100,99999,200,99985,100,100037,100,99984,100,100042,100,99971,100,100050,100,99943,100,100053,100,99939,100,100057,100,99933,100,100062,100,99928,100,100068,100,99927,100
2019-06-28 09:30:00.000000091,99996,100,99987,200,99998,100,99986,100,99999,200,99985,100,100037,100,99984,100,100042,100,99971,100,100050,100,99943,100,100053,100,99939,100,100057,100,99933,100,100062,100,99928,100,100068,100,99927,100
2019-06-28 09:30:00.000000093,99996,100,99987,200,99998,100,99986,100,99999,200,99985,100,100034,100,99984,100,100037,100,99971,100,100042,100,99943,100,100050,100,99939,100,100053,100,99933,100,100057,100,99928,100,100062,100,99927,100
2019-06-28 09:30:00.000000096,99996,100,99987,200,99998,100,99986,100,99999,200,99985,100,100034,100,99984,100,100037,100,99971,100,100042,100,99943,100,100050,100,99939,100,100053,100,99933,100,100057,100,99928,100,100062,100,99927,100
2019-06-28 09:30:00.000000099,99996,100,99987,200,99998,100,99986,100,99999,200,99985,100,100034,100,99984,100,100037,100,99971,100,100042,100,99943,100,100050,100,99939,100,100053,100,99933,100,100055,100,99928,100,100057,100,99927,100
2019-06-28 09:30:07.174709922,99996,100,99987,200,99998,100,99986,100,99999,200,99985,100,100034,100,99984,100,100037,100,99971,100,100042,100,99943,100,100050,100,99939,100,100053,100,99933,100,100055,100,99928,100,100057,100,99927,100
2019-06-28 09:30:09.876513582,99996,100,99987,200,99998,100,99986,100,99999,200,99985,100,100034,100,99984,100,100037,100,99971,100,100042,100,99943,100,100050,100,99939,100,100053,100,99933,100,100055,100,99928,100,100057,100,99927,100
2019-06-28 09:30:10.000000000,99996,207,99987,307,99998,204,99986,204,99999,304,99985,204,100034,100,99984,100,100037,100,99971,100,100042,100,99943,100,100050,100,99939,100,100053,100,99933,100,100055,100,99928,100,100057,100,99927,100
2019-06-28 09:30:20.000000000,99996,207,99987,307,99998,204,99986,204,99999,304,99985,204,100034,100,99984,100,100037,100,99971,100,100042,100,99943,100,100050,100,99939,100,100053,100,99933,100,100055,100,99928,100,100057,100,99927,100
2019-06-28 09:30:30.000000000,99996,258,99987,358,99998,258,99986,258,99999,200,99985,100,100034,100,99984,100,100037,100,99971,100,100042,100,99943,100,100050,100,99939,100,100053,100,99933,100,100055,100,99928,100,100057,100,99927,100
2019-06-28 09:30:40.000000000,99996,207,99987,307,99998,204,99986,204,99999,304,99985,204,100034,100,99984,100,100037,100,99971,100,100042,100,99943,100,100050,100,99939,100,100053,100,99933,100,100055,100,99928,100,100057,100,99927,100
2019-06-28 09:30:50.000000000,99996,207,99987,307,99998,204,99986,204,99999,304,99985,204,100034,100,99984,100,100037,100,99971,100,100042,100,99943,100,100050,100,99939,100,100053,100,99933,100,100055,100,99928,100,100057,100,99927,100
2019-06-28 09:31:00.000000000,99996,415,99987,515,99998,100,99986,100,99999,200,99985,100,100034,100,99984,100,100037,100,99971,100,100042,100,99943,100,100050,100,99939,100,100053,100,99933,100,100055,100,99928,100,100057,100,99927,100
2019-06-28 09:31:10.000000000,99996,415,99987,515,99998,100,99986,100,99999,200,99985,100,100034,100,99984,100,100037,100,99971,100,100042,100,99943,100,100050,100,99939,100,100053,100,99933,100,100055,100,99928,100,100057,100,99927,100
2019-06-28 09:31:12.360254162,99996,415,99987,615,99998,100,99986,100,99999,200,99985,100,100034,100,99984,100,100037,100,99971,100,100042,100,99943,100,100050,100,99939,100,100053,100,99933,100,100055,100,99928,100,100057,100,99927,100
2019-06-28 09:31:16.954403391,99996,415,99987,515,99998,100,99986,100,99999,200,99985,100,100034,100,99984,100,100037,100,99971,100,100042,100,99943,100,100050,100,99939,100,100053,100,99933,100,100055,100,99928,100,100057,100,99927,100
2019-06-28 09:31:17.940871517,99996,415,99987,615,99998,100,99986,100,99999,200,99985,100,100034,100,99984,100,100037,100,99971,100,100042,100,99943,100,100050,100,99939,100,100053,100,99933,100,100055,100,99928,100,100057,100,99927,100
2019-06-28 09:31:20.000000000,99996,163,99987,363,99998,163,99986,163,99999,263,99985,163,100034,163,99984,163,100037,163,99971,163,100042,100,99943,100,100050,100,99939,100,100053,100,99933,100,100055,100,99928,100,100057,100,99927,100
2019-06-28 09:31:30.000000000,99996,207,99987,407,99998,204,99986,204,99999,304,99985,204,100034,100,99984,100,100037,100,99971,100,100042,100,99943,100,100050,100,99939,100,100053,100,99933,100,100055,100,99928,100,100057,100,99927,100
2019-06-28 09:31:33.327572018,99996,207,99987,407,99998,204,99986,204,99999,304,99985,204,100034,100,99984,100,100037,100,99971,100,100042,100,99943,100,100050,100,99939,100,100053,100,99933,100,100055,100,99928,100,100057,100,99927,100
2019-06-28 09:31:40.000000000,99996,163,99987,363,99998,163,99986,163,99999,263,99985,163,100034,163,99984,163,100037,163,99971,163,100042,100,99943,100,100050,100,99939,100,100053,100,99933,100,100055,100,99928,100,100057,100,99927,100
2019-06-28 09:31:50.000000000,99996,207,99987,407,99998,204,99986,204,99999,304,99985,204,100034,100,99984,100,100037,100,99971,100,100042,100,99943,100,100050,100,99939,100,100053,100,99933,100,100055,100,99928,100,100057,100,99927,100
2019-06-28 09:32:00.000000000,99996,415,99987,615,99998,100,99986,100,99999,200,99985,100,100034,100,99984,100,100037,100,99971,100,100042,100,99943,100,100050,100,99939,100,100053,100,99933,100,100055,100,99928,100,100057,100,99927,100
2019-06-28 09:32:10.000000000,99996,207,99987,407,99998,204,99986,204,99999,304,99985,204,100034,100,99984,100,100037,100,99971,100,100042,100,99943,100,100050,100,99939,100,100053,100,99933,100,100055,100,99928,100,100057,100,99927,100
2019-06-28 09:32:20.000000000,99996,415,99987,615,99998,100,99986,100,99999,200,99985,100,100034,100,99984,100,100037,100,99971,100,100042,100,99943,100,100050,100,99939,100,100053,100,99933,100,100055,100,99928,100,100057,100,99927,100
2019-06-28 09:32:30.000000000,99996,415,99987,615,99998,100,99986,100,99999,200,99985,100,100034,100,99984,100,100037,100,99971,100,100042,100,99943,100,100050,100,99939,100,100053,100,99933,100,100055,100,99928,100,100057,100,99927,100
2019-06-28 09:32:40.000000000,99996,163,99987,363,99998,163,99986,163,99999,263,99985,163,100034,163,99984,163,100037,163,99971,163,100042,100,99943,100,100050,100,99939,100,100053,100,99933,100,100055,100,99928,100,100057,100,99927,100
2019-06-28 09:32:42.549522654,99996,163,99987,263,99998,163,99986,163,99999,263,99985,163,100034,163,99984,163,100037,163,99971,163,100042,100,99943,100,100050,100,99939,100,100053,100,99933,100,100055,100,99928,100,100057,100,99927,100
2019-06-28 09:32:50.000000000,99996,415,99987,515,99998,100,99986,100,99999,200,99985,100,100034,100,99984,100,100037,100,99971,100,100042,100,99943,100,100050,100,99939,100,100053,100,99933,100,100055,100,99928,100,100057,100,99927,100
2019-06-28 09:32:52.854415230,99996,415,99987,515,99998,100,99986,100,99999,200,99985,100,100034,100,99984,100,100037,100,99971,100,100042,100,99943,100,100050,100,99939,100,100053,100,99933,100,100057,100,99928,100,100062,100,99927,100
2019-06-28 09:33:00.000000000,99996,415,99987,515,99998,100,99986,100,99999,200,99985,100,100034,100,99984,100,100037,100,99971,100,100042,100,99943,100,100050,100,99939,100,100053,100,99933,100,100057,100,99928,100,100062,100,99927,100
2019-06-28 09:33:06.772946855,99996,515,99987,515,99998,100,99986,100,99999,200,99985,100,100034,100,99984,100,100037,100,99971,100,100042,100,99943,100,100050,100,99939,100,100053,100,99933,100,100057,100,99928,100,100062,100,99927,100
2019-06-28 09:33:10.000000000,99996,515,99987,515,99998,100,99986,100,99999,200,99985,100,100034,100,99984,100,100037,100,99971,100,100042,100,99943,100,100050,100,99939,100,100053,100,99933,100,100057,100,99928,100,100062,100,99927,100
2019-06-28 09:33:12.537437057,99996,515,99987,515,99998,100,99986,100,99999,200,99985,100,100034,100,99984,100,100037,100,99943,100,100042,100,99939,100,100050,100,99933,100,100053,100,99928,100,100057,100,99927,100,100062,100,99911,100
2019-06-28 09:33:18.269725569,99996,415,99987,515,99998,100,99986,100,99999,200,99985,100,100034,100,99984,100,100037,100,99943,100,100042,100,99939,100,100050,100,99933,100,100053,100,99928,100,100057,100,99927,100,100062,100,99911,100
2019-06-28 09:33:20.000000000,99996,258,99987,358,99998,258,99986,258,99999,200,99985,100,100034,100,99984,100,100037,100,99943,100,100042,100,99939,100,100050,100,99933,100,100053,100,99928,100,100057,100,99927,100,100062,100,99911,100
2019-06-28 09:33:30.000000000,99996,163,99987,263,99998,163,99986,163,99999,263,99985,163,100034,163,99984,163,100037,163,99943,163,100042,100,99939,100,100050,100,99933,100,100053,100,99928,100,100057,100,99927,100,100062,100,99911,100
2019-06-28 09:33:40.000000000,99996,163,99987,263,99998,163,99986,163,99999,263,99985,163,100034,163,99984,163,100037,163,99943,163,100042,100,99939,100,100050,100,99933,100,100053,100,99928,100,100057,100,99927,100,100062,100,99911,100
2019-06-28 09:33:50.000000000,99996,207,99987,307,99998,204,99986,204,99999,304,99985,204,100034,100,99984,100,100037,100,99943,100,100042,100,99939,100,100050,100,99933,100,100053,100,99928,100,100057,100,99927,100,100062,100,99911,100
2019-06-28 09:34:00.000000000,99996,258,99987,358,99998,258,99986,258,99999,200,99985,100,100034,100,99984,100,100037,100,99943,100,100042,100,99939,100,100050,100,99933,100,100053,100,99928,100,100057,100,99927,100,100062,100,99911,100
2019-06-28 09:34:10.000000000,99996,207,99987,307,99998,204,99986,204,99999,304,99985,204,100034,100,99984,100,100037,100,99943,100,100042,100,99939,100,100050,100,99933,100,100053,100,99928,100,100057,100,99927,100,100062,100,99911,100
2019-06-28 09:34:20.000000000,99996,163,99987,263,99998,163,99986,163,99999,263,99985,163,100034,163,99984,163,100037,163,99943,163,100042,100,99939,100,100050,100,99933,100,100053,100,99928,100,100057,100,99927,100,100062,100,99911,100
2019-06-28 09:34:29.562079600,99996,63,99987,263,99998,163,99986,163,99999,263,99985,163,100034,163,99984,163,100037,163,99943,163,100042,100,99939,100,100050,100,99933,100,100053,100,99928,100,100057,100,99927,100,100062,100,99911,100
2019-06-28 09:34:29.789607642,99998,163,99996,37,99999,263,99987,263,100034,163,99986,163,100037,163,99985,163,100042,100,99984,163,100050,100,99943,163,100053,100,99939,100,100057,100,99933,100,100062,100,99928,100,100068,100,99927,100
2019-06-28 09:34:30.000000000,99998,207,99996,144,99999,304,99987,304,100034,204,99986,204,100037,100,99985,100,100042,100,99984,100,100050,100,99943,100,100053,100,99939,100,100057,100,99933,100,100062,100,99928,100,100068,100,99927,100
2019-06-28 09:34:40.000000000,99998,179,99996,116,99999,279,99987,279,100034,179,99986,179,100037,179,99985,179,100042,100,99984,100,100050,100,99943,100,100053,100,99939,100,100057,100,99933,100,100062,100,99928,100,100068,100,99927,100
2019-06-28 09:34:50.000000000,99998,207,99996,144,99999,304,99987,304,100034,204,99986,204,100037,100,99985,100,100042,100,99984,100,100050,100,99943,100,100053,100,99939,100,100057,100,99933,100,100062,100,99928,100,100068,100,99927,100
2019-06-28 09:34:50.420619794,99998,207,99996,244,99999,304,99987,304,100034,204,99986,204,100037,100,99985,100,100042,100,99984,100,100053,100,99943,100,100057,100,99939,100,100062,100,99933,100,100068,100,99928,100,100071,100,99927,100
2019-06-28 09:35:00.000000000,99998,258,99996,295,99999,358,99987,358,100034,100,99986,100,100037,100,99985,100,100042,100,99984,100,100053,100,99943,100,100057,100,99939,100,100062,100,99933,100,100068,100,99928,100,100071,100,99927,100
2019-06-28 09:35:07.326585709,99998,258,99996,295,99999,358,99987,358,100034,100,99986,100,100037,100,99985,100,100042,100,99984,100,100053,100,99943,100,100057,100,99939,100,100062,100,99933,100,100068,100,99928,100,100071,100,99927,100
2019-06-28 09:35:10.000000000,99998,163,99996,200,99999,263,99987,263,100034,163,99986,163,100037,163,99985,163,100042,163,99984,163,100053,100,99943,100,100057,100,99939,100,100062,100,99933,100,100068,100,99928,100,100071,100,99927,100
2019-06-28 09:35:16.534500181,99998,163,99996,200,99999,263,99987,263,100034,163,99986,163,100037,163,99985,163,100042,163,99984,163,100053,100,99943,100,100057,100,99939,100,100062,100,99933,100,100068,100,99928,100,100071,100,99927,100
2019-06-28 09:35:20.000000000,99998,179,99996,216,99999,279,99987,279,100034,179,99986,179,100037,179,99985,179,100042,100,99984,100,100053,100,99943,100,100057,100,99939,100,100062,100,99933,100,100068,100,99928,100,100071,100,99927,100
2019-06-28 09:35:30.000000000,99998,258,99996,295,99999,358,99987,358,100034,100,99986,100,100037,100,99985,100,100042,100,99984,100,100053,100,99943,100,100057,100,99939,100,100062,100,99933,100,100068,100,99928,100,100071,100,99927,100
2019-06-28 09:35:39.481309195,99998,258,99996,395,99999,358,99987,358,100034,100,99986,100,100037,100,99985,100,100042,100,99984,100,100053,100,99943,100,100057,100,99939,100,100062,100,99933,100,100068,100,99928,100,100071,100,99927,100
2019-06-28 09:35:40.000000000,99998,163,99996,300,99999,263,99987,263,100034,163,99986,163,100037,163,99985,163,100042,163,99984,163,100053,100,99943,100,100057,100,99939,100,100062,100,99933,100,100068,100,99928,100,100071,100,99927,100
2019-06-28 09:35:49.194861336,99998,163,99996,300,99999,263,99987,263,100034,163,99986,163,100037,163,99985,163,100042,163,99984,163,100053,100,99943,100,100057,100,99939,100,100062,100,99933,100,100068,100,99928,100,100081,100,99927,100
2019-06-28 09:35:50.000000000,99998,207,99996,344,99999,304,99987,304,100034,204,99986,204,100037,100,99985,100,100042,100,99984,100,100053,100,99943,100,100057,100,99939,100,100062,100,99933,100,100068,100,99928,100,100081,100,99927,100
2019-06-28 09:36:00.000000000,99998,179,99996,316,99999,279,99987,279,100034,179,99986,179,100037,179,99985,179,100042,100,99984,100,100053,100,99943,100,100057,100,99939,100,100062,100,99933,100,100068,100,99928,100,100081,100,99927,100
2019-06-28 09:36:06.239967606,99998,179,99996,416,99999,279,99987,279,100034,179,99986,179,100037,179,99985,179,100042,100,99984,100,100053,100,99943,100,100057,100,99939,100,100062,100,99933,100,100068,100,99928,100,100081,100,99927,100
2019-06-28 09:36:10.000000000,99998,163,99996,400,99999,263,99987,263,100034,163,99986,163,100037,163,99985,163,100042,163,99984,163,100053,100,99943,100,100057,100,99939,100,100062,100,99933,100,100068,100,99928,100,100081,100,99927,100
2019-06-28 09:36:13.893452532,99998,63,99996,400,99999,263,99987,263,100034,163,99986,163,100037,163,99985,163,100042,163,99984,163,100053,100,99943,100,100057,100,99939,100,100062,100,99933,100,100068,100,99928,100,100086,100,99927,100
2019-06-28 09:36:20.000000000,99999,279,99996,416,100034,179,99987,279,100037,179,99986,179,100042,179,99985,179,100053,100,99984,100,100057,100,99943,100,100062,100,99939,100,100068,100,99933,100,100086,100,99928,100,100088,100,99927,100
2019-06-28 09:36:23.628280706,99999,279,99996,416,100034,179,99987,279,100037,179,99986,179,100042,179,99985,179,100053,100,99984,100,100057,100,99943,100,100062,100,99939,100,100068,100,99933,100,100086,100,99928,100,100088,100,99927,100
2019-06-28 09:36:26.871661099,99999,179,99996,416,100034,179,99987,279,100037,179,99986,179,100042,179,99985,179,100053,100,99984,100,100057,100,99943,100,100062,100,99939,100,100068,100,99933,100,100086,100,99928,100,100088,100,99927,100
2019-06-28 09:36:30.000000000,99999,163,99996,400,100034,163,99987,263,100037,163,99986,163,100042,163,99985,163,100053,163,99984,163,100057,100,99943,100,100062,100,99939,100,100068,100,99933,100,100086,100,99928,100,100088,100,99927,100
2019-06-28 09:36:38.417706277,99997,100,99996,400,99999,163,99987,263,100034,163,99986,163,100037,163,99985,163,100042,163,99984,163,100053,163,99943,100,100057,100,99939,100,100062,100,99933,100,100068,100,99928,100,100086,100,99927,100
2019-06-28 09:36:40.000000000,99997,179,99996,416,99999,179,99987,279,100034,179,99986,179,100037,179,99985,179,100042,100,99984,100,100053,100,99943,100,100057,100,99939,100,100062,100,99933,100,100068,100,99928,100,100086,100,99927,100
2019-06-28 09:36:47.183801069,99997,279,99996,416,99999,179,99987,279,100034,179,99986,179,100037,179,99985,179,100042,100,99984,100,100053,100,99943,100,100057,100,99939,100,100062,100,99933,100,100068,100,99928,100,100086,100,99927,100
2019-06-28 09:36:50.000000000,99997,279,99996,416,99999,179,99987,279,100034,179,99986,179,100037,179,99985,179,100042,100,99984,100,100053,100,99943,100,100057,100,99939,100,100062,100,99933,100,100068,100,99928,100,100086,100,99927,100
2019-06-28 09:37:00.000000000,99997,263,99996,400,99999,163,99987,263,100034,163,99986,163,100037,163,99985,163,100042,163,99984,163,100053,100,99943,100,100057,100,99939,100,100062,100,99933,100,100068,100,99928,100,100086,100,99927,100
2019-06-28 09:37:10.000000000,99997,263,99996,400,99999,163,99987,263,100034,163,99986,163,100037,163,99985,163,100042,163,99984,163,100053,100,99943,100,100057,100,99939,100,100062,100,99933,100,100068,100,99928,100,100086,100,99927,100
2019-06-28 09:37:14.478202376,99997,263,99996,400,99999,163,99987,263,100034,163,99986,163,100037,163,99985,163,100042,163,99984,163,100053,100,99943,100,100057,100,99939,100,100062,100,99933,100,100068,100,99927,100,100086,100,99911,100
2019-06-28 09:37:15.854666174,99997,263,99996,400,99999,163,99987,263,100034,163,99986,163,100037,163,99985,163,100042,163,99984,163,100053,100,99943,100,100057,100,99939,100,100062,100,99933,100,100068,100,99927,100,100086,100,99911,100
2019-06-28 09:37:20.000000000,99997,263,99996,400,99999,163,99987,263,100034,163,99986,163,100037,163,99985,163,100042,163,99984,163,100053,100,99943,100,100057,100,99939,100,100062,100,99933,100,100068,100,99927,100,100086,100,99911,100
2019-06-28 09:37:26.755288896,99997,263,99996,300,99999,163,99987,263,100034,163,99986,163,100037,163,99985,163,100042,163,99984,163,100053,100,99943,100,100057,100,99939,100,100062,100,99933,100,100068,100,99927,100,100086,100,99911,100
2019-06-28 09:37:30.000000000,99997,307,99996,344,99999,204,99987,304,100034,204,99986,204,100037,100,99985,100,100042,100,99984,100,100053,100,99943,100,100057,100,99939,100,100062,100,99933,100,100068,100,99927,100,100086,100,99911,100
2019-06-28 09:37:40.000000000,99997,279,99996,316,99999,179,99987,279,100034,179,99986,179,100037,179,99985,179,100042,100,99984,100,100053,100,99943,100,100057,100,99939,100,100062,100,99933,100,100068,100,99927,100,100086,100,99911,100
2019-06-28 09:37:50.000000000,99997,307,99996,344,99999,204,99987,304,100034,204,99986,204,100037,100,99985,100,100042,100,99984,100,100053,100,99943,100,100057,100,99939,100,100062,100,99933,100,100068,100,99927,100,100086,100,99911,100
2019-06-28 09:37:53.951931877,99997,307,99996,244,99999,204,99987,304,100034,204,99986,204,100037,100,99985,100,100042,100,99984,100,100053,100,99943,100,100057,100,99939,100,100062,100,99933,100,100068,100,99927,100,100086,100,99911,100
2019-06-28 09:38:00.000000000,99997,515,99996,452,99999,100,99987,200,100034,100,99986,100,100037,100,99985,100,100042,100,99984,100,100053,100,99943,100,100057,100,99939,100,100062,100,99933,100,100068,100,99927,100,100086,100,99911,100
2019-06-28 09:38:10.000000000,99997,358,99996,295,99999,258,99987,358,100034,100,99986,100,100037,100,99985,100,100042,100,99984,100,100053,100,99943,100,100057,100,99939,100,100062,100,99933,100,100068,100,99927,100,100086,100,99911,100
2019-06-28 09:38:20.000000000,99997,358,99996,295,99999,258,99987,358,100034,100,99986,100,100037,100,99985,100,100042,100,99984,100,100053,100,99943,100,100057,100,99939,100,100062,100,99933,100,100068,100,99927,100,100086,100,99911,100
2019-06-28 09:38:26.328786741,99997,358,99996,195,99999,258,99987,358,100034,100,99986,100,100037,100,99985,100,100042,100,99984,100,100053,100,99943,100,100057,100,99939,100,100062,100,99933,100,100068,100,99927,100,100086,100,99911,100
2019-06-28 09:38:30.000000000,99997,279,99996,116,99999,179,99987,279,100034,179,99986,179,100037,179,99985,179,100042,100,99984,100,100053,100,99943,100,100057,100,99939,100,100062,100,99933,100,100068,100,99927,100,100086,100,99911,100
2019-06-28 09:38:40.000000000,99997,279,99996,116,99999,179,99987,279,100034,179,99986,179,100037,179,99985,179,100042,100,99984,100,100053,100,99943,100,100057,100,99939,100,100062,100,99933,100,100068,100,99927,100,100086,100,99911,100
2019-06-28 09:38:50.000000000,99997,515,99996,352,99999,100,99987,200,100034,100,99986,100,100037,100,99985,100,100042,100,99984,100,100053,100,99943,100,100057,100,99939,100,100062,100,99933,100,100068,100,99927,100,100086,100,99911,100
2019-06-28 09:39:00.000000000,99997,263,99996,100,99999,163,99987,263,100034,163,99986,163,100037,163,99985,163,100042,163,99984,163,100053,100,99943,100,100057,100,99939,100,100062,100,99933,100,100068,100,99927,100,100086,100,99911,100
2019-06-28 09:39:10.000000000,99997,515,99996,352,99999,100,99987,200,100034,100,99986,100,100037,100,99985,100,100042,100,99984,100,100053,100,99943,100,100057,100,99939,100,100062,100,99933,100,100068,100,99927,100,100086,100,99911,100
2019-06-28 09:39:12.834411396,99997,415,99996,352,99999,100,99987,200,100034,100,99986,100,100037,100,99985,100,100042,100,99984,100,100053,100,99943,100,100057,100,99939,100,100062,100,99933,100,100068,100,99927,100,100086,100,99911,100
2019-06-28 09:39:20.000000000,99997,415,99996,352,99999,100,99987,200,100034,100,99986,100,100037,100,99985,100,100042,100,99984,100,100053,100,99943,100,100057,100,99939,100,100062,100,99933,100,100068,100,99927,100,100086,100,99911,100
2019-06-28 09:39:24.347835657,99997,315,99996,352,99999,100,99987,200,100034,100,99986,100,100037,100,99985,100,100042,100,99984,100,100053,100,99943,100,100057,100,99939,100,100062,100,99933,100,100068,100,99927,100,100086,100,99911,100
2019-06-28 09:39:25.840346183,99997,215,99996,352,99999,100,99987,200,100034,100,99986,100,100037,100,99985,100,100042,100,99984,100,100053,100,99943,100,100057,100,99939,100,100062,100,99933,100,100068,100,99927,100,100086,100,99911,100
2019-06-28 09:39:30.000000000,99999,258,99996,195,100034,258,99987,358,100037,100,99986,100,100042,100,99985,100,100053,100,99984,100,100057,100,99943,100,100062,100,99939,100,100068,100,99933,100,100086,100,99927,100,100088,100,99911,100
2019-06-28 09:39:30.948633568,99999,258,99996,195,100034,258,99987,358,100037,100,99986,100,100042,100,99985,100,100053,100,99984,100,100057,100,99943,100,100062,100,99939,100,100068,100,99933,100,100086,100,99927,100,100088,100,99911,100
2019-06-28 09:39:40.000000000,99999,415,99996,352,100034,100,99987,200,100037,100,99986,100,100042,100,99985,100,100053,100,99984,100,100057,100,99943,100,100062,100,99939,100,100068,100,99933,100,100086,100,99927,100,100088,100,99911,100
2019-06-28 09:39:44.285114143,99997,100,99996,352,99999,415,99987,200,100034,100,99986,100,100037,100,99985,100,100042,100,99984,100,100053,100,99943,100,100057,100,99939,100,100062,100,99933,100,100068,100,99927,100,100086,100,99911,100
2019-06-28 09:39:50.000000000,99997,207,99996,144,99999,204,99987,304,100034,204,99986,204,100037,100,99985,100,100042,100,99984,100,100053,100,99943,100,100057,100,99939,100,100062,100,99933,100,100068,100,99927,100,100086,100,99911,100
2019-06-28 09:40:00.000000000,99997,207,99996,144,99999,204,99987,304,100034,204,99986,204,100037,100,99985,100,100042,100,99984,100,100053,100,99943,100,100057,100,99939,100,100062,100,99933,100,100068,100,99927,100,100086,100,99911,100
2019-06-28 09:40:10.000000000,99997,207,99996,144,99999,204,99987,304,100034,204,99986,204,100037,100,99985,100,100042,100,99984,100,100053,100,99943,100,100057,100,99939,100,100062,100,99933,100,100068,100,99927,100,100086,100,99911,100
2019-06-28 09:40:10.967187283,99997,307,99996,144,99999,204,99987,304,100034,204,99986,204,100037,100,99985,100,100042,100,99984,100,100053,100,99943,100,100057,100,99939,100,100062,100,99933,100,100068,100,99927,100,100086,100,99911,100
2019-06-28 09:40:20.000000000,99997,279,99996,116,99999,179,99987,279,100034,179,99986,179,100037,179,99985,179,100042,100,99984,100,100053,100,99943,100,100057,100,99939,100,100062,100,99933,100,100068,100,99927,100,100086,100,99911,100
2019-06-28 09:40:30.000000000,99997,358,99996,195,99999,258,99987,358,100034,100,99986,100,100037,100,99985,100,100042,100,99984,100,100053,100,99943,100,100057,100,99939,100,100062,100,99933,100,100068,100,99927,100,100086,100,99911,100
2019-06-28 09:40:40.000000000,99997,515,99996,352,99999,100,99987,200,100034,100,99986,100,100037,100,99985,100,100042,100,99984,100,100053,100,99943,100,100057,100,99939,100,100062,100,99933,100,100068,100,99927,100,100086,100,99911,100
2019-06-28 09:40:40.947714476,99997,515,99996,252,99999,100,99987,200,100034,100,99986,100,100037,100,99985,100,100042,100,99984,100,100053,100,99943,100,100062,100,99939,100,100068,100,99933,100,100086,100,99927,100,100088,100,99911,100
2019-06-28 09:40:50.000000000,99997,307,99987,307,99999,204,99986,204,100034,204,99985,204,100037,100,99984,100,100042,100,99943,100,100053,100,99939,100,100062,100,99933,100,100068,100,99927,100,100086,100,99911,100,100088,100,99906,100
2019-06-28 09:40:52.803392255,99997,307,99987,307,99999,204,99986,204,100034,204,99985,204,100037,100,99984,100,100042,100,99943,100,100053,100,99939,100,100062,100,99933,100,100068,100,99911,100,100086,100,99906,100,100088,100,99901,100
2019-06-28 09:41:00.000000000,99997,358,99987,358,99999,258,99986,258,100034,100,99985,100,100037,100,99984,100,100042,100,99943,100,100053,100,99939,100,100062,100,99933,100,100068,100,99911,100,100086,100,99906,100,100088,100,99901,100
2019-06-28 09:41:10.000000000,99997,358,99987,358,99999,258,99986,258,100034,100,99985,100,100037,100,99984,100,100042,100,99943,100,100053,100,99939,100,100062,100,99933,100,100068,100,99911,100,100086,100,99906,100,100088,100,99901,100
2019-06-28 09:41:10.312995589,99997,358,99987,258,99999,258,99986,258,100034,100,99985,100,100037,100,99984,100,100042,100,99943,100,100053,100,99939,100,100062,100,99933,100,100068,100,99911,100,100086,100,99906,100,100088,100,99901,100
2019-06-28 09:41:16.577431077,99997,358,99987,258,99999,258,99986,258,100034,100,99985,100,100037,100,99984,100,100042,100,99943,100,100053,100,99939,100,100062,100,99933,100,100068,100,99911,100,100086,100,99906,100,100088,100,99901,100
2019-06-28 09:41:20.000000000,99997,515,99987,415,99999,100,99986,100,100034,100,99985,100,100037,100,99984,100,100042,100,99943,100,100053,100,99939,100,100062,100,99933,100,100068,100,99911,100,100086,100,99906,100,100088,100,99901,100
2019-06-28 09:41:20.486377744,99997,515,99987,415,99999,100,99986,100,100034,100,99985,100,100037,100,99984,100,100042,100,99943,100,100053,100,99939,100,100062,100,99933,100,100068,100,99911,100,100086,100,99906,100,100088,100,99901,100
2019-06-28 09:41:22.276651500,99997,515,99987,315,99999,100,99986,100,100034,100,99985,100,100037,100,99984,100,100042,100,99943,100,100053,100,99939,100,100062,100,99911,100,100068,100,99906,100,100086,100,99901,100,100088,100,99889,100
2019-06-28 09:41:23.744942007,99997,515,99987,215,99999,100,99986,100,100034,100,99985,100,100037,100,99984,100,100042,100,99943,100,100053,100,99939,100,100062,100,99911,100,100068,100,99906,100,100086,100,99901,100,100088,100,99889,100
2019-06-28 09:41:25.430337589,99997,515,99987,115,99999,100,99986,100,100034,100,99985,100,100037,100,99984,100,100042,100,99943,100,100053,100,99939,100,100062,100,99911,100,100068,100,99906,100,100086,100,99901,100,100088,100,99889,100
2019-06-28 09:41:30.000000000,99997,263,99986,163,99999,163,99985,163,100034,163,99984,163,100037,163,99943,163,100042,163,99939,163,100053,100,99911,100,100062,100,99906,100,100068,100,99901,100,100086,100,99889,100,100088,100,99883,100
2019-06-28 09:41:40.000000000,99997,263,99986,163,99999,163,99985,163,100034,163,99984,163,100037,163,99943,163,100042,163,99939,163,100053,100,99911,100,100062,100,99906,100,100068,100,99901,100,100086,100,99889,100,100088,100,99883,100
2019-06-28 09:41:50.000000000,99997,307,99986,207,99999,204,99985,204,100034,204,99984,204,100037,100,99943,100,100042,100,99939,100,100053,100,99911,100,100062,100,99906,100,100068,100,99901,100,100086,100,99889,100,100088,100,99883,100
2019-06-28 09:41:58.457126187,99997,207,99986,207,99999,204,99985,204,100034,204,99984,204,100037,100,99939,100,100042,100,99911,100,100053,100,99906,100,100062,100,99901,100,100068,100,99889,100,100086,100,99883,100,100088,100,99867,100
2019-06-28 09:42:00.000000000,99997,179,99986,179,99999,179,99985,179,100034,179,99984,179,100037,179,99939,179,100042,100,99911,100,100053,100,99906,100,100062,100,99901,100,100068,100,99889,100,100086,100,99883,100,100088,100,99867,100
2019-06-28 09:42:02.379422846,99997,179,99987,100,99999,179,99986,179,100034,179,99985,179,100037,179,99984,179,100042,100,99939,179,100053,100,99911,100,100062,100,99906,100,100068,100,99901,100,100086,100,99889,100,100088,100,99883,100
2019-06-28 09:42:05.780218410,99997,179,99987,100,99999,179,99986,179,100034,179,99985,179,100037,179,99984,179,100042,100,99939,179,100053,100,99911,100,100062,100,99906,100,100068,100,99901,100,100086,100,99889,100,100088,100,99883,100
2019-06-28 09:42:08.422565233,99997,79,99987,100,99999,179,99986,179,100034,179,99985,179,100037,179,99984,179,100042,100,99939,179,100053,100,99911,100,100062,100,99906,100,100068,100,99901,100,100086,100,99889,100,100088,100,99883,100
2019-06-28 09:42:10.000000000,99999,163,99987,163,100034,163,99986,163,100037,163,99985,163,100042,163,99984,163,100053,163,99939,163,100062,100,99911,100,100068,100,99906,100,100086,100,99901,100,100088,100,99889,100,100112,100,99883,100
2019-06-28 09:42:20.000000000,99999,207,99987,207,100034,204,99986,204,100037,204,99985,204,100042,100,99984,100,100053,100,99939,100,100062,100,99911,100,100068,100,99906,100,100086,100,99901,100,100088,100,99889,100,100112,100,99883,100
2019-06-28 09:42:26.149584455,99999,207,99987,207,100034,204,99986,204,100037,204,99985,204,100042,100,99984,100,100053,100,99939,100,100062,100,99911,100,100068,100,99906,100,100086,100,99901,100,100088,100,99889,100,100112,100,99883,100
2019-06-28 09:42:30.000000000,99999,163,99987,163,100034,163,99986,163,100037,163,99985,163,100042,163,99984,163,100053,163,99939,163,100062,100,99911,100,100068,100,99906,100,100086,100,99901,100,100088,100,99889,100,100112,100,99883,100
2019-06-28 09:42:37.626373672,99999,163,99997,100,100034,163,99987,163,100037,163,99986,163,100042,163,99985,163,100053,163,99984,163,100062,100,99939,163,100068,100,99911,100,100086,100,99906,100,100088,100,99901,100,100112,100,99889,100
2019-06-28 09:42:40.000000000,99999,179,99997,179,100034,179,99987,179,100037,179,99986,179,100042,179,99985,179,100053,100,99984,100,100062,100,99939,100,100068,100,99911,100,100086,100,99906,100,100088,100,99901,100,100112,100,99889,100
2019-06-28 09:42:45.176322260,99999,179,99997,79,100034,179,99987,179,100037,179,99986,179,100042,179,99985,179,100053,100,99984,100,100062,100,99939,100,100068,100,99911,100,100086,100,99906,100,100088,100,99901,100,100112,100,99889,100
2019-06-28 09:42:50.000000000,99999,179,99987,179,100034,179,99986,179,100037,179,99985,179,100042,179,99984,179,100053,100,99939,100,100062,100,99911,100,100068,100,99906,100,100086,100,99901,100,100088,100,99889,100,100112,100,99883,100
2019-06-28 09:42:58.130493012,99999,79,99987,179,100034,179,99986,179,100037,179,99985,179,100042,179,99984,179,100053,100,99939,100,100062,100,99911,100,100068,100,99906,100,100086,100,99901,100,100088,100,99889,100,100112,100,99883,100
2019-06-28 09:42:59.914719672,100034,179,99999,21,100037,179,99987,179,100042,179,99986,179,100053,100,99985,179,100062,100,99984,179,100068,100,99939,100,100086,100,99911,100,100088,100,99906,100,100112,100,99901,100,100148,100,99889,100
2019-06-28 09:43:00.000000000,100034,163,99999,84,100037,163,99987,163,100042,163,99986,163,100053,163,99985,163,100062,163,99984,163,100068,100,99939,100,100086,100,99911,100,100088,100,99906,100,100112,100,99901,100,100148,100,99889,100
2019-06-28 09:43:10.000000000,100034,207,99999,128,100037,204,99987,204,100042,204,99986,204,100053,100,99985,100,100062,100,99984,100,100068,100,99939,100,100086,100,99911,100,100088,100,99906,100,100112,100,99901,100,100148,100,99889,100
2019-06-28 09:43:14.874906165,100034,207,99999,128,100037,204,99987,204,100042,204,99986,204,100053,100,99985,100,100062,100,99984,100,100068,100,99939,100,100086,100,99911,100,100088,100,99906,100,100112,200,99901,100,100148,100,99889,100
2019-06-28 09:43:20.000000000,100034,258,99999,179,100037,258,99987,258,100042,100,99986,100,100053,100,99985,100,100062,100,99984,100,100068,100,99939,100,100086,100,99911,100,100088,100,99906,100,100112,200,99901,100,100148,100,99889,100
2019-06-28 09:43:30.000000000,100034,207,99999,128,100037,204,99987,204,100042,204,99986,204,100053,100,99985,100,100062,100,99984,100,100068,100,99939,100,100086,100,99911,100,100088,100,99906,100,100112,200,99901,100,100148,100,99889,100
2019-06-28 09:43:40.000000000,100034,415,99999,336,100037,100,99987,100,100042,100,99986,100,100053,100,99985,100,100062,100,99984,100,100068,100,99939,100,100086,100,99911,100,100088,100,99906,100,100112,200,99901,100,100148,100,99889,100
2019-06-28 09:43:50.000000000,100034,258,99999,179,100037,258,99987,258,100042,100,99986,100,100053,100,99985,100,100062,100,99984,100,100068,100,99939,100,100086,100,99911,100,100088,100,99906,100,100112,200,99901,100,100148,100,99889,100
2019-06-28 09:43:51.845682626,100034,258,99999,279,100037,258,99987,258,100042,100,99986,100,100053,100,99985,100,100062,100,99984,100,100068,100,99939,100,100086,100,99911,100,100088,100,99906,100,100112,200,99901,100,100148,100,99889,100
2019-06-28 09:44:00.000000000,100034,258,99999,279,100037,258,99987,258,100042,100,99986,100,100053,100,99985,100,100062,100,99984,100,100068,100,99939,100,100086,100,99911,100,100088,100,99906,100,100112,200,99901,100,100148,100,99889,100
2019-06-28 09:44:10.000000000,100034,163,99999,184,100037,163,99987,163,100042,163,99986,163,100053,163,99985,163,100062,163,99984,163,100068,100,99939,100,100086,100,99911,100,100088,100,99906,100,100112,200,99901,100,100148,100,99889,100
2019-06-28 09:44:15.219760807,100034,163,99999,184,100037,163,99987,163,100042,163,99986,163,100053,163,99985,163,100062,163,99984,163,100068,100,99939,100,100086,100,99911,100,100088,100,99906,100,100112,200,99901,100,100148,100,99889,100
2019-06-28 09:44:20.000000000,100034,258,99999,279,100037,258,99987,258,100042,100,99986,100,100053,100,99985,100,100062,100,99984,100,100068,100,99939,100,100086,100,99911,100,100088,100,99906,100,100112,200,99901,100,100148,100,99889,100
2019-06-28 09:44:30.000000000,100034,163,99999,184,100037,163,99987,163,100042,163,99986,163,100053,163,99985,163,100062,163,99984,163,100068,100,99939,100,100086,100,99911,100,100088,100,99906,100,100112,200,99901,100,100148,100,99889,100
2019-06-28 09:44:33.515702292,100034,63,99999,184,100037,163,99987,163,100042,163,99986,163,100053,163,99985,163,100062,163,99984,163,100068,100,99939,100,100086,100,99911,100,100088,100,99906,100,100112,200,99901,100,100148,100,99889,100
2019-06-28 09:44:35.917813000,100034,63,100000,100,100037,163,99999,184,100042,163,99987,163,100053,163,99986,163,100062,163,99985,163,100068,100,99984,163,100086,100,99939,100,100088,100,99911,100,100112,200,99906,100,100148,100,99901,100
2019-06-28 09:44:40.000000000,100037,207,100000,207,100042,204,99999,225,100053,204,99987,204,100062,100,99986,100,100068,100,99985,100,100086,100,99984,100,100088,100,99939,100,100112,200,99911,100,100148,100,99906,100,100178,100,99901,100
2019-06-28 09:44:44.151303082,100037,207,100000,207,100042,204,99999,225,100053,204,99987,204,100062,100,99986,100,100068,100,99985,100,100086,100,99984,100,100088,100,99939,100,100112,200,99911,100,100148,100,99906,100,100178,100,99901,100
2019-06-28 09:44:50.000000000,100037,163,100000,163,100042,163,99999,184,100053,163,99987,163,100062,163,99986,163,100068,163,99985,163,100086,100,99984,100,100088,100,99939,100,100112,200,99911,100,100148,100,99906,100,100178,100,99901,100
2019-06-28 09:44:54.283289858,100037,163,100000,163,100042,163,99999,184,100053,163,99987,163,100062,163,99986,163,100068,163,99985,163,100086,100,99984,100,100088,100,99939,100,100112,200,99911,100,100148,100,99906,100,100178,100,99901,100
2019-06-28 09:45:00.000000000,100037,207,100000,207,100042,204,99999,225,100053,204,99987,204,100062,100,99986,100,100068,100,99985,100,100086,100,99984,100,100088,100,99939,100,100112,200,99911,100,100148,100,99906,100,100178,100,99901,100
2019-06-28 09:45:10.000000000,100037,258,100000,258,100042,258,99999,279,100053,100,99987,100,100062,100,99986,100,100068,100,99985,100,100086,100,99984,100,100088,100,99939,100,100112,200,99911,100,100148,100,99906,100,100178,100,99901,100
2019-06-28 09:45:20.000000000,100037,163,100000,163,100042,163,99999,184,100053,163,99987,163,100062,163,99986,163,100068,163,99985,163,100086,100,99984,100,100088,100,99939,100,100112,200,99911,100,100148,100,99906,100,100178,100,99901,100
2019-06-28 09:45:30.000000000,100037,258,100000,258,100042,258,99999,279,100053,100,99987,100,100062,100,99986,100,100068,100,99985,100,100086,100,99984,100,100088,100,99939,100,100112,200,99911,100,100148,100,99906,100,100178,100,99901,100
2019-06-28 09:45:31.624331600,100037,258,100000,258,100042,258,99999,279,100053,100,99987,100,100062,100,99986,100,100068,100,99985,100,100086,100,99984,100,100088,100,99939,100,100112,200,99906,100,100148,100,99901,100,100178,100,99889,100
2019-06-28 09:45:40.000000000,100037,207,100000,207,100042,204,99999,225,100053,204,99987,204,100062,100,99986,100,100068,100,99985,100,100086,100,99984,100,100088,100,99939,100,100112,200,99906,100,100148,100,99901,100,100178,100,99889,100
2019-06-28 09:45:44.785752806,100037,207,100000,207,100042,204,99999,225,100053,204,99987,204,100062,100,99986,100,100068,100,99985,100,100086,100,99984,100,100088,100,99939,100,100112,200,99906,100,100148,100,99901,100,100178,100,99889,100
2019-06-28 09:45:50.000000000,100037,207,100000,207,100042,204,99999,225,100053,204,99987,204,100062,100,99986,100,100068,100,99985,100,100086,100,99984,100,100088,100,99939,100,100112,200,99906,100,100148,100,99901,100,100178,100,99889,100
2019-06-28 09:46:00.000000000,100037,163,100000,163,100042,163,99999,184,100053,163,99987,163,100062,163,99986,163,100068,163,99985,163,100086,100,99984,100,100088,100,99939,100,100112,200,99906,100,100148,100,99901,100,100178,100,99889,100
2019-06-28 09:46:07.937310825,100037,163,100000,163,100042,163,99999,184,100053,163,99987,163,100062,163,99986,163,100068,163,99985,163,100086,100,99984,100,100088,100,99939,100,100112,200,99906,100,100148,100,99901,100,100178,100,99889,100
2019-06-28 09:46:10.000000000,100037,179,100000,179,100042,179,99999,200,100053,179,99987,179,100062,179,99986,179,100068,100,99985,100,100086,100,99984,100,100088,100,99939,100,100112,200,99906,100,100148,100,99901,100,100178,100,99889,100
2019-06-28 09:46:11.597144082,100037,179,100000,179,100042,179,99999,200,100053,179,99987,179,100062,179,99986,179,100068,100,99985,100,100086,100,99984,100,100088,100,99939,100,100112,200,99906,100,100148,100,99901,100,100178,100,99889,100
2019-06-28 09:46:15.628404968,100037,79,100000,179,100042,179,99999,200,100053,179,99987,179,100062,179,99986,179,100068,100,99985,100,100086,100,99984,100,100088,100,99939,100,100112,200,99906,100,100148,100,99901,100,100178,100,99889,100
2019-06-28 09:46:20.000000000,100042,415,100000,415,100053,100,99999,121,100062,100,99987,100,100068,100,99986,100,100086,100,99985,100,100088,100,99984,100,100112,200,99939,100,100148,100,99906,100,100178,100,99901,100,100203,100,99889,100
2019-06-28 09:46:28.117177554,100042,415,100000,415,100053,100,99999,121,100062,100,99987,100,100068,100,99986,100,100086,100,99985,100,100088,100,99984,100,100112,200,99939,100,100148,100,99906,100,100178,100,99901,100,100203,100,99889,100
2019-06-28 09:46:30.000000000,100042,163,100000,163,100053,163,99999,184,100062,163,99987,163,100068,163,99986,163,100086,163,99985,163,100088,100,99984,100,100112,200,99939,100,100148,100,99906,100,100178,100,99901,100,100203,100,99889,100
2019-06-28 09:46:34.048398202,100042,63,100000,163,100053,163,99999,184,100062,63,99987,163,100068,163,99986,163,100086,163,99985,163,100088,100,99984,100,100112,200,99939,100,100148,100,99906,100,100178,100,99901,100,100203,100,99889,100
2019-06-28 09:46:40.000000000,100053,415,100000,415,100068,100,99999,121,100086,100,99987,100,100088,100,99986,100,100112,200,99985,100,100148,100,99984,100,100178,100,99939,100,100203,100,99906,100,100209,100,99901,100,100220,100,99889,100
2019-06-28 09:46:48.320936884,100053,415,100000,415,100068,100,99999,121,100086,100,99987,100,100088,100,99986,100,100112,200,99985,100,100148,100,99984,100,100178,100,99939,100,100203,100,99906,100,100209,100,99901,100,100220,100,99889,100
2019-06-28 09:46:50.000000000,100053,415,100000,415,100068,100,99999,121,100086,100,99987,100,100088,100,99986,100,100112,200,99985,100,100148,100,99984,100,100178,100,99939,100,100203,100,99906,100,100209,100,99901,100,100220,100,99889,100
2019-06-28 09:47:00.000000000,100053,207,100000,207,100068,204,99999,225,100086,204,99987,204,100088,100,99986,100,100112,200,99985,100,100148,100,99984,100,100178,100,99939,100,100203,100,99906,100,100209,100,99901,100,100220,100,99889,100
2019-06-28 09:47:10.000000000,100053,179,100000,179,100068,179,99999,200,100086,179,99987,179,100088,179,99986,179,100112,200,99985,100,100148,100,99984,100,100178,100,99939,100,100203,100,99906,100,100209,100,99901,100,100220,100,99889,100
2019-06-28 09:47:20.000000000,100053,258,100000,258,100068,258,99999,279,100086,100,99987,100,100088,100,99986,100,100112,200,99985,100,100148,100,99984,100,100178,100,99939,100,100203,100,99906,100,100209,100,99901,100,100220,100,99889,100
2019-06-28 09:47:26.998778380,100053,258,100000,258,100068,258,99999,279,100086,100,99987,100,100088,100,99986,100,100112,200,99985,100,100148,100,99984,100,100178,100,99939,100,100203,100,99906,100,100209,100,99901,100,100220,100,99889,100
2019-06-28 09:47:28.416522743,100053,258,100000,258,100068,258,99999,279,100086,100,99987,100,100088,100,99986,100,100112,200,99985,100,100148,100,99984,100,100178,100,99939,100,100203,100,99906,100,100209,100,99901,100,100220,100,99889,100
2019-06-28 09:47:30.000000000,100053,163,100000,163,100068,163,99999,184,100086,163,99987,163,100088,163,99986,163,100112,263,99985,163,100148,100,99984,100,100178,100,99939,100,100203,100,99906,100,100209,100,99901,100,100220,100,99889,100
2019-06-28 09:47:33.709934172,100053,63,100000,163,100068,163,99999,184,100086,163,99987,163,100088,163,99986,163,100112,263,99985,163,100148,100,99984,100,100178,100,99939,100,100203,100,99906,100,100209,100,99901,100,100220,100,99889,100
2019-06-28 09:47:40.000000000,100068,179,100000,179,100086,179,99999,200,100088,179,99987,179,100112,279,99986,179,100148,100,99985,100,100178,100,99984,100,100203,100,99939,100,100209,100,99906,100,100220,100,99901,100,100236,100,99889,100
2019-06-28 09:47:50.000000000,100068,163,100000,163,100086,163,99999,184,100088,163,99987,163,100112,263,99986,163,100148,163,99985,163,100178,100,99984,100,100203,100,99939,100,100209,100,99906,100,100220,100,99901,100,100236,100,99889,100
2019-06-28 09:48:00.000000000,100068,207,100000,207,100086,204,99999,225,100088,204,99987,204,100112,200,99986,100,100148,100,99985,100,100178,100,99984,100,100203,100,99939,100,100209,100,99906,100,100220,100,99901,100,100236,100,99889,100
2019-06-28 09:48:01.030418225,100068,107,100000,207,100086,204,99999,225,100088,204,99987,204,100112,200,99986,100,100148,100,99985,100,100178,100,99984,100,100203,100,99939,100,100209,100,99906,100,100220,100,99901,100,100236,100,99889,100
2019-06-28 09:48:10.000000000,100086,163,100000,163,100088,163,99999,184,100112,263,99987,163,100148,163,99986,163,100178,163,99985,163,100203,100,99984,100,100209,100,99939,100,100220,100,99906,100,100236,100,99901,100,100290,100,99889,100
2019-06-28 09:48:20.000000000,100086,207,100000,207,100088,204,99999,225,100112,304,99987,204,100148,100,99986,100,100178,100,99985,100,100203,100,99984,100,100209,100,99939,100,100220,100,99906,100,100236,100,99901,100,100290,100,99889,100
2019-06-28 09:48:29.735677665,100086,207,100000,207,100088,204,99999,225,100112,304,99987,204,100148,100,99986,100,100178,100,99985,100,100203,100,99984,100,100209,100,99939,100,100220,100,99906,100,100236,100,99901,100,100290,100,99889,100
2019-06-28 09:48:30.000000000,100086,179,100000,179,100088,179,99999,200,100112,279,99987,179,100148,179,99986,179,100178,100,99985,100,100203,100,99984,100,100209,100,99939,100,100220,100,99906,100,100236,100,99901,100,100290,100,99889,100
2019-06-28 09:48:40.000000000,100086,163,100000,163,100088,163,99999,184,100112,263,99987,163,100148,163,99986,163,100178,163,99985,163,100203,100,99984,100,100209,100,99939,100,100220,100,99906,100,100236,100,99901,100,100290,100,99889,100
2019-06-28 09:48:49.338836006,100086,163,100000,163,100088,163,99999,184,100112,263,99987,163,100148,163,99986,163,100178,163,99985,163,100203,100,99984,100,100209,100,99939,100,100220,100,99906,100,100236,100,99901,100,100290,100,99889,100
2019-06-28 09:48:50.000000000,100086,179,100000,179,100088,179,99999,200,100112,279,99987,179,100148,179,99986,179,100178,100,99985,100,100203,100,99984,100,100209,100,99939,100,100220,100,99906,100,100236,100,99901,100,100290,100,99889,100
2019-06-28 09:49:00.000000000,100086,415,100000,415,100088,100,99999,121,100112,200,99987,100,100148,100,99986,100,100178,100,99985,100,100203,100,99984,100,100209,100,99939,100,100220,100,99906,100,100236,100,99901,100,100290,100,99889,100
2019-06-28 09:49:10.000000000,100086,415,100000,415,100088,100,99999,121,100112,200,99987,100,100148,100,99986,100,100178,100,99985,100,100203,100,99984,100,100209,100,99939,100,100220,100,99906,100,100236,100,99901,100,100290,100,99889,100
2019-06-28 09:49:19.343451901,100086,315,100000,415,100088,100,99999,121,100112,200,99987,100,100148,100,99986,100,100178,100,99985,100,100203,100,99984,100,100209,100,99939,100,100220,100,99906,100,100236,100,99901,100,100290,100,99889,100
2019-06-28 09:49:20.000000000,100088,207,100000,207,100112,304,99999,225,100148,204,99987,204,100178,100,99986,100,100203,100,99985,100,100209,100,99984,100,100220,100,99939,100,100236,100,99906,100,100290,100,99901,100,100549,100,99889,100
2019-06-28 09:49:27.535647685,100088,107,100000,207,100112,304,99999,225,100148,204,99987,204,100178,100,99986,100,100203,100,99985,100,100209,100,99984,100,100220,100,99939,100,100236,100,99906,100,100290,100,99901,100,100549,100,99889,100
2019-06-28 09:49:30.000000000,100112,515,100000,415,100148,100,99999,121,100178,100,99987,100,100203,100,99986,100,100209,100,99985,100,100220,100,99984,100,100236,100,99939,100,100290,100,99906,100,100549,100,99901,100,100595,100,99889,100
2019-06-28 09:49:40.000000000,100112,307,100000,207,100148,204,99999,225,100178,204,99987,204,100203,100,99986,100,100209,100,99985,100,100220,100,99984,100,100236,100,99939,100,100290,100,99906,100,100549,100,99901,100,100595,100,99889,100
2019-06-28 09:49:50.000000000,100112,515,100000,415,100148,100,99999,121,100178,100,99987,100,100203,100,99986,100,100209,100,99985,100,100220,100,99984,100,100236,100,99939,100,100290,100,99906,100,100549,100,99901,100,100595,100,99889,100
2019-06-28 09:49:59.511102972,100112,315,100000,415,100148,100,99999,121,100178,100,99987,100,100203,100,99986,100,100209,100,99985,100,100220,100,99984,100,100236,100,99939,100,100290,100,99906,100,100549,100,99901,100,100595,100,99889,100
2019-06-28 09:50:00.000000000,100148,207,100000,207,100178,204,99999,225,100203,204,99987,204,100209,100,99986,100,100220,100,99985,100,100236,100,99984,100,100290,100,99939,100,100549,100,99906,100,100595,100,99901,100,100710,100,99889,100
2019-06-28 09:50:10.000000000,100148,207,100000,207,100178,204,99999,225,100203,204,99987,204,100209,100,99986,100,100220,100,99985,100,100236,100,99984,100,100290,100,99939,100,100549,100,99906,100,100595,100,99901,100,100710,100,99889,100
2019-06-28 09:50:11.730195456,100148,107,100000,207,100178,204,99999,225,100203,204,99987,204,100209,100,99986,100,100220,100,99985,100,100236,100,99984,100,100290,100,99939,100,100549,100,99906,100,100595,100,99901,100,100710,100,99889,100
2019-06-28 09:50:20.000000000,100178,258,100000,258,100203,258,99999,279,100209,100,99987,100,100220,100,99986,100,100236,100,99985,100,100290,100,99984,100,100549,100,99939,100,100595,100,99906,100,100710,100,99901,100,100748,100,99889,100
2019-06-28 09:50:30.000000000,100178,258,100000,258,100203,258,99999,279,100209,100,99987,100,100220,100,99986,100,100236,100,99985,100,100290,100,99984,100,100549,100,99939,100,100595,100,99906,100,100710,100,99901,100,100748,100,99889,100
2019-06-28 09:50:40.000000000,100178,179,100000,179,100203,179,99999,200,100209,179,99987,179,100220,179,99986,179,100236,100,99985,100,100290,100,99984,100,100549,100,99939,100,100595,100,99906,100,100710,100,99901,100,100748,100,99889,100
2019-06-28 09:50:50.000000000,100178,415,100000,415,100203,100,99999,121,100209,100,99987,100,100220,100,99986,100,100236,100,99985,100,100290,100,99984,100,100549,100,99939,100,100595,100,99906,100,100710,100,99901,100,100748,100,99889,100
2019-06-28 09:51:00.000000000,100178,179,100000,179,100203,179,99999,200,100209,179,99987,179,100220,179,99986,179,100236,100,99985,100,100290,100,99984,100,100549,100,99939,100,100595,100,99906,100,100710,100,99901,100,100748,100,99889,100
2019-06-28 09:51:04.309137408,100178,179,100112,100,100203,179,100000,179,100209,179,99999,200,100220,179,99987,179,100236,100,99986,179,100290,100,99984,100,100549,100,99939,100,100595,100,99906,100,100710,100,99901,100,100748,100,99889,100
2019-06-28 09:51:10.000000000,100178,163,100112,163,100203,163,100000,163,100209,163,99999,184,100220,163,99987,163,100236,163,99986,163,100290,100,99984,100,100549,100,99939,100,100595,100,99906,100,100710,100,99901,100,100748,100,99889,100
2019-06-28 09:51:20.000000000,100178,258,100112,258,100203,258,100000,258,100209,100,99999,121,100220,100,99987,100,100236,100,99986,100,100290,100,99984,100,100549,100,99939,100,100595,100,99906,100,100710,100,99901,100,100748,100,99889,100
2019-06-28 09:51:30.000000000,100178,415,100112,415,100203,100,100000,100,100209,100,99999,121,100220,100,99987,100,100236,100,99986,100,100290,100,99984,100,100549,100,99939,100,100595,100,99906,100,100710,100,99901,100,100748,100,99889,100
2019-06-28 09:51:40.000000000,100178,207,100112,207,100203,204,100000,204,100209,204,99999,225,100220,100,99987,100,100236,100,99986,100,100290,100,99984,100,100549,100,99939,100,100595,100,99906,100,100710,100,99901,100,100748,100,99889,100
2019-06-28 09:51:47.370824221,100178,107,100112,207,100203,204,100000,204,100209,204,99999,225,100220,100,99987,100,100236,100,99986,100,100290,100,99984,100,100549,100,99939,100,100595,100,99906,100,100636,100,99901,100,100710,100,99889,100
2019-06-28 09:51:50.000000000,100203,179,100112,179,100209,179,100000,179,100220,179,99999,200,100236,179,99987,179,100290,100,99986,100,100549,100,99984,100,100595,100,99939,100,100636,100,99906,100,100710,100,99901,100,100748,100,99889,100
2019-06-28 09:52:00.000000000,100203,207,100112,207,100209,204,100000,204,100220,204,99999,225,100236,100,99987,100,100290,100,99986,100,100549,100,99984,100,100595,100,99939,100,100636,100,99906,100,100710,100,99901,100,100748,100,99889,100
2019-06-28 09:52:00.094434770,100203,207,100112,207,100209,204,100000,204,100220,204,99999,225,100236,100,99987,100,100290,100,99986,100,100549,100,99939,100,100595,100,99906,100,100636,100,99901,100,100710,100,99889,100,100748,100,99867,100
2019-06-28 09:52:10.000000000,100203,207,100112,207,100209,204,100000,204,100220,204,99999,225,100236,100,99987,100,100290,100,99986,100,100549,100,99939,100,100595,100,99906,100,100636,100,99901,100,100710,100,99889,100,100748,100,99867,100
2019-06-28 09:52:20.000000000,100203,163,100112,163,100209,163,100000,163,100220,163,99999,184,100236,163,99987,163,100290,163,99986,163,100549,100,99939,100,100595,100,99906,100,100636,100,99901,100,100710,100,99889,100,100748,100,99867,100
2019-06-28 09:52:30.000000000,100203,163,100112,163,100209,163,100000,163,100220,163,99999,184,100236,163,99987,163,100290,163,99986,163,100549,100,99939,100,100595,100,99906,100,100636,100,99901,100,100710,100,99889,100,100748,100,99867,100
2019-06-28 09:52:40.000000000,100203,415,100112,415,100209,100,100000,100,100220,100,99999,121,100236,100,99987,100,100290,100,99986,100,100549,100,99939,100,100595,100,99906,100,100636,100,99901,100,100710,100,99889,100,100748,100,99867,100
2019-06-28 09:52:46.923184740,100203,415,100112,315,100209,100,100000,100,100220,100,99999,121,100236,100,99987,100,100290,100,99986,100,100549,100,99939,100,100595,100,99906,100,100636,100,99901,100,100710,100,99889,100,100805,100,99867,100
2019-06-28 09:52:50.000000000,100203,163,100000,163,100209,163,99999,184,100220,163,99987,163,100236,163,99986,163,100290,163,99939,163,100549,100,99906,100,100595,100,99901,100,100636,100,99889,100,100710,100,99867,100,100805,100,99823,100
2019-06-28 09:52:56.679048685,100147,100,100000,163,100203,163,99999,184,100209,163,99987,63,100220,163,99986,163,100236,163,99939,163,100290,163,99906,100,100549,100,99901,100,100595,100,99889,100,100636,100,99867,100,100710,100,99823,100
2019-06-28 09:53:00.000000000,100147,207,100000,207,100203,204,99999,225,100209,204,99986,204,100220,100,99939,100,100236,100,99906,100,100290,100,99901,100,100549,100,99889,100,100595,100,99867,100,100636,100,99823,100,100710,100,99809,100
2019-06-28 09:53:10.000000000,100147,258,100000,258,100203,258,99999,279,100209,100,99986,100,100220,100,99939,100,100236,100,99906,100,100290,100,99901,100,100549,100,99889,100,100595,100,99867,100,100636,100,99823,100,100710,100,99809,100
2019-06-28 09:53:20.000000000,100147,179,100000,179,100203,179,99999,200,100209,179,99986,179,100220,179,99939,179,100236,100,99906,100,100290,100,99901,100,100549,100,99889,100,100595,100,99867,100,100636,100,99823,100,100710,100,99809,100
2019-06-28 09:53:22.799156414,100147,179,100000,179,100203,179,99999,200,100209,179,99986,179,100220,179,99939,179,100290,100,99906,100,100549,100,99901,100,100595,100,99889,100,100636,100,99867,100,100710,100,99823,100,100805,100,99809,100
2019-06-28 09:53:25.873781496,100147,179,100000,79,100203,179,99999,200,100209,179,99986,179,100220,179,99939,179,100290,100,99906,100,100549,100,99901,100,100595,100,99889,100,100636,100,99867,100,100710,100,99823,100,100805,100,99809,100
2019-06-28 09:53:26.463452802,100147,179,100000,79,100203,79,99999,200,100209,179,99986,179,100220,179,99939,179,100290,100,99906,100,100549,100,99901,100,100595,100,99889,100,100636,100,99867,100,100710,100,99823,100,100805,100,99809,100
2019-06-28 09:53:30.000000000,100147,207,99999,228,100209,204,99986,204,100220,204,99939,204,100290,100,99906,100,100549,100,99901,100,100595,100,99889,100,100636,100,99867,100,100710,100,99823,100,100805,100,99809,100,100854,100,99764,100
2019-06-28 09:53:40.000000000,100147,179,99999,200,100209,179,99986,179,100220,179,99939,179,100290,179,99906,179,100549,100,99901,100,100595,100,99889,100,100636,100,99867,100,100710,100,99823,100,100805,100,99809,100,100854,100,99764,100
2019-06-28 09:53:50.000000000,100147,258,99999,279,100209,258,99986,258,100220,100,99939,100,100290,100,99906,100,100549,100,99901,100,100595,100,99889,100,100636,100,99867,100,100710,100,99823,100,100805,100,99809,100,100854,100,99764,100
2019-06-28 09:53:57.427854283,100147,258,99999,179,100209,258,99986,258,100220,100,99939,100,100290,100,99906,100,100549,100,99901,100,100595,100,99867,100,100636,100,99823,100,100710,100,99809,100,100805,100,99764,100,100854,100,99333,100
2019-06-28 09:54:00.000000000,100147,207,99999,128,100209,204,99986,204,100220,204,99939,204,100290,100,99906,100,100549,100,99901,100,100595,100,99867,100,100636,100,99823,100,100710,100,99809,100,100805,100,99764,100,100854,100,99333,100
2019-06-28 09:54:10.000000000,100147,415,99999,336,100209,100,99986,100,100220,100,99939,100,100290,100,99906,100,100549,100,99901,100,100595,100,99867,100,100636,100,99823,100,100710,100,99809,100,100805,100,99764,100,100854,100,99333,100
2019-06-28 09:54:20.000000000,100147,258,99999,179,100209,258,99986,258,100220,100,99939,100,100290,100,99906,100,100549,100,99901,100,100595,100,99867,100,100636,100,99823,100,100710,100,99809,100,100805,100,99764,100,100854,100,99333,100
2019-06-28 09:54:30.000000000,100147,179,99999,100,100209,179,99986,179,100220,179,99939,179,100290,179,99906,179,100549,100,99901,100,100595,100,99867,100,100636,100,99823,100,100710,100,99809,100,100805,100,99764,100,100854,100,99333,100
2019-06-28 09:54:33.283935424,100147,179,99986,179,100209,179,99939,179,100220,179,99906,79,100290,179,99901,100,100549,100,99867,100,100595,100,99823,100,100636,100,99809,100,100710,100,99764,100,100805,100,99333,100,100854,100,99226,100
2019-06-28 09:54:40.000000000,100147,163,99986,163,100209,163,99939,163,100220,163,99901,163,100290,163,99867,163,100549,163,99823,163,100595,100,99809,100,100636,100,99764,100,100710,100,99333,100,100805,100,99226,100,100854,100,,
2019-06-28 09:54:50.000000000,100147,163,99986,163,100209,163,99939,163,100220,163,99901,163,100290,163,99867,163,100549,163,99823,163,100595,100,99809,100,100636,100,99764,100,100710,100,99333,100,100805,100,99226,100,100854,100,,
2019-06-28 09:55:00.000000000,100147,258,99986,258,100209,258,99939,258,100220,100,99901,100,100290,100,99867,100,100549,100,99823,100,100595,100,99809,100,100636,100,99764,100,100710,100,99333,100,100805,100,99226,100,100854,100,,
2019-06-28 09:55:05.599813717,100147,258,99986,258,100209,258,99939,258,100220,100,99901,100,100290,100,99867,100,100549,100,99823,100,100595,100,99809,100,100636,100,99764,100,100710,100,99542,100,100805,100,99333,100,100854,100,99226,100
2019-06-28 09:55:10.000000000,100147,415,99986,415,100209,100,99939,100,100220,100,99901,100,100290,100,99867,100,100549,100,99823,100,100595,100,99809,100,100636,100,99764,100,100710,100,99542,100,100805,100,99333,100,100854,100,99226,100
2019-06-28 09:55:20.000000000,100147,415,99986,415,100209,100,99939,100,100220,100,99901,100,100290,100,99867,100,100549,100,99823,100,100595,100,99809,100,100636,100,99764,100,100710,100,99542,100,100805,100,99333,100,100854,100,99226,100
2019-06-28 09:55:20.008017361,100147,415,99986,415,100209,100,99939,100,100220,100,99901,100,100549,100,99867,100,100595,100,99823,100,100636,100,99809,100,100710,100,99764,100,100805,100,99542,100,100854,100,99442,100,100897,100,99333,100
2019-06-28 09:55:30.000000000,100147,415,99986,415,100209,100,99939,100,100220,100,99901,100,100549,100,99867,100,100595,100,99823,100,100636,100,99809,100,100710,100,99764,100,100805,100,99542,100,100854,100,99442,100,100897,100,99333,100
2019-06-28 09:55:35.291144739,100147,415,99986,415,100209,100,99939,100,100220,100,99901,100,100549,100,99867,100,100595,100,99823,100,100636,100,99809,100,100710,100,99764,100,100805,100,99542,100,100854,100,99442,100,100897,100,99406,100
2019-06-28 09:55:40.000000000,100147,179,99986,179,100209,179,99939,179,100220,179,99901,179,100549,179,99867,179,100595,100,99823,100,100636,100,99809,100,100710,100,99764,100,100805,100,99542,100,100854,100,99442,100,100897,100,99406,100
2019-06-28 09:55:42.673975379,100147,179,99986,179,100209,179,99939,179,100220,179,99901,179,100549,179,99867,179,100595,100,99823,100,100636,100,99809,100,100710,100,99764,100,100805,100,99542,100,100854,100,99442,100,100897,100,99406,100
2019-06-28 09:55:50.000000000,100147,179,99986,179,100209,179,99939,179,100220,179,99901,179,100549,179,99867,179,100595,100,99823,100,100636,100,99809,100,100710,100,99764,100,100805,100,99542,100,100854,100,99442,100,100897,100,99406,100
2019-06-28 09:56:00.000000000,100147,415,99986,415,100209,100,99939,100,100220,100,99901,100,100549,100,99867,100,100595,100,99823,100,100636,100,99809,100,100710,100,99764,100,100805,100,99542,100,100854,100,99442,100,100897,100,99406,100
2019-06-28 09:56:10.000000000,100147,207,99986,207,100209,204,99939,204,100220,204,99901,204,100549,100,99867,100,100595,100,99823,100,100636,100,99809,100,100710,100,99764,100,100805,100,99542,100,100854,100,99442,100,100897,100,99406,100
2019-06-28 09:56:18.279778613,99999,100,99986,207,100147,207,99939,204,100209,204,99901,204,100220,204,99867,100,100549,100,99823,100,100595,100,99809,100,100636,100,99764,100,100710,100,99542,100,100805,100,99442,100,100854,100,99406,100
2019-06-28 09:56:20.000000000,99999,415,99986,415,100147,100,99939,100,100209,100,99901,100,100220,100,99867,100,100549,100,99823,100,100595,100,99809,100,100636,100,99764,100,100710,100,99542,100,100805,100,99442,100,100854,100,99406,100
2019-06-28 09:56:30.000000000,99999,258,99986,258,100147,258,99939,258,100209,100,99901,100,100220,100,99867,100,100549,100,99823,100,100595,100,99809,100,100636,100,99764,100,100710,100,99542,100,100805,100,99442,100,100854,100,99406,100
2019-06-28 09:56:38.096651473,99999,258,99986,258,100147,258,99939,258,100209,100,99901,100,100220,100,99867,100,100549,100,99823,100,100595,100,99809,100,100636,100,99764,100,100710,100,99542,100,100805,100,99442,100,100854,100,99406,100
2019-06-28 09:56:40.000000000,99999,207,99986,207,100147,204,99939,204,100209,204,99901,204,100220,100,99867,100,100549,100,99823,100,100595,100,99809,100,100636,100,99764,100,100710,100,99542,100,100805,100,99442,100,100854,100,99406,100
2019-06-28 09:56:50.000000000,99999,179,99986,179,100147,179,99939,179,100209,179,99901,179,100220,179,99867,179,100549,100,99823,100,100595,100,99809,100,100636,100,99764,100,100710,100,99542,100,100805,100,99442,100,100854,100,99406,100
2019-06-28 09:56:52.128024151,99999,179,99986,79,100147,179,99939,179,100209,179,99901,179,100220,179,99867,179,100549,100,99823,100,100595,100,99809,100,100636,100,99764,100,100710,100,99542,100,100805,100,99442,100,100854,100,99406,100
2019-06-28 09:57:00.000000000,99999,163,99939,163,100147,163,99901,163,100209,163,99867,163,100220,163,99823,163,100549,163,99809,163,100595,100,99764,100,100636,100,99542,100,100710,100,99442,100,100805,100,99406,100,100854,100,99346,100
2019-06-28 09:57:08.397165448,99999,163,99939,63,100147,163,99901,163,100209,163,99867,163,100220,163,99823,163,100549,163,99809,163,100595,100,99764,100,100636,100,99542,100,100710,100,99442,100,100805,100,99406,100,100854,100,99346,100
2019-06-28 09:57:10.000000000,99999,258,99901,258,100147,258,99867,258,100209,100,99823,100,100220,100,99809,100,100549,100,99764,100,100595,100,99542,100,100636,100,99442,100,100710,100,99406,100,100805,100,99346,100,100854,100,99333,100
2019-06-28 09:57:11.631662942,99999,258,99901,258,100147,258,99867,258,100209,100,99823,100,100220,100,99809,100,100549,100,99764,100,100595,100,99542,100,100636,100,99442,100,100710,100,99406,100,100805,100,99346,100,100854,100,99333,100
2019-06-28 09:57:20.000000000,99999,179,99901,179,100147,179,99867,179,100209,179,99823,179,100220,179,99809,179,100549,100,99764,100,100595,100,99542,100,100636,100,99442,100,100710,100,99406,100,100805,100,99346,100,100854,100,99333,100
2019-06-28 09:57:20.604086989,99986,100,99901,179,99999,179,99867,179,100147,179,99823,179,100209,179,99809,179,100220,179,99764,100,100549,100,99542,100,100595,100,99442,100,100636,100,99406,100,100710,100,99346,100,100805,100,99333,100
2019-06-28 09:57:24.421346432,99986,100,99901,79,99999,179,99867,179,100147,179,99823,179,100209,179,99809,179,100220,179,99764,100,100595,100,99542,100,100636,100,99442,100,100710,100,99406,100,100805,100,99346,100,100854,100,99333,100
2019-06-28 09:57:30.000000000,99986,179,99867,179,99999,179,99823,179,100147,179,99809,179,100209,179,99764,179,100220,100,99542,100,100595,100,99442,100,100636,100,99406,100,100710,100,99346,100,100805,100,99333,100,100854,100,99226,100
2019-06-28 09:57:30.720256651,99986,179,99867,79,99999,179,99823,179,100147,179,99809,179,100209,79,99764,179,100220,100,99542,100,100595,100,99442,100,100636,100,99406,100,100710,100,99346,100,100805,100,99333,100,100854,100,99226,100
2019-06-28 09:57:40.000000000,99986,207,99823,207,99999,204,99809,204,100147,204,99764,204,100220,100,99542,100,100595,100,99442,100,100636,100,99406,100,100710,100,99346,100,100805,100,99333,100,100854,100,99226,100,100897,100,99066,100
2019-06-28 09:57:50.000000000,99986,207,99823,207,99999,204,99809,204,100147,204,99764,204,100220,100,99542,100,100595,100,99442,100,100636,100,99406,100,100710,100,99346,100,100805,100,99333,100,100854,100,99226,100,100897,100,99066,100
2019-06-28 09:57:55.407523125,99986,207,99823,107,99999,204,99809,204,100147,204,99764,204,100220,100,99542,100,100595,100,99442,100,100636,100,99406,100,100710,100,99346,100,100805,100,99333,100,100854,100,99066,100,100897,100,98882,100
2019-06-28 09:57:56.106802630,99986,207,99823,7,99999,204,99809,204,100147,204,99764,204,100220,100,99542,100,100595,100,99442,100,100636,100,99406,100,100710,100,99346,100,100854,100,99333,100,100897,100,99066,100,101218,100,98882,100
2019-06-28 09:58:00.000000000,99986,179,99809,179,99999,179,99764,179,100147,179,99542,179,100220,179,99442,179,100595,100,99406,100,100636,100,99346,100,100710,100,99333,100,100854,100,99066,100,100897,100,98882,100,101218,100,,
2019-06-28 09:58:04.201080403,99986,179,99809,79,99999,179,99764,179,100147,179,99542,179,100220,179,99442,179,100595,100,99406,100,100636,100,99333,100,100710,100,99066,100,100854,100,98882,100,100897,100,,,101218,100,,
2019-06-28 09:58:10.000000000,99986,258,99764,258,99999,258,99542,258,100147,100,99442,100,100220,100,99406,100,100595,100,99333,100,100636,100,99066,100,100710,100,98882,100,100854,100,,,100897,100,,,101218,100,,
2019-06-28 09:58:20.000000000,99986,207,99764,207,99999,204,99542,204,100147,204,99442,204,100220,100,99406,100,100595,100,99333,100,100636,100,99066,100,100710,100,98882,100,100854,100,,,100897,100,,,101218,100,,
2019-06-28 09:58:28.450733749,99986,207,99764,107,99999,204,99542,204,100147,204,99442,204,100220,100,99406,100,100595,100,99333,100,100636,100,99066,100,100710,100,98882,100,100854,100,,,100897,100,,,101218,100,,
2019-06-28 09:58:30.000000000,99986,207,99542,207,99999,204,99442,204,100147,204,99406,204,100220,100,99333,100,100595,100,99066,100,100636,100,98882,100,100710,100,,,100854,100,,,100897,100,,,101218,100,,
2019-06-28 09:58:30.698016682,99986,207,99553,100,99999,204,99542,207,100147,204,99442,204,100220,100,99406,204,100595,100,99333,100,100636,100,99066,100,100710,100,,,100854,100,,,100897,100,,,101218,100,,
2019-06-28 09:58:32.342403384,99986,207,99553,100,99999,204,99542,207,100147,204,99442,204,100220,100,99406,204,100595,100,99333,100,100636,100,99181,100,100710,100,99066,100,100854,100,,,100897,100,,,101218,100,,
2019-06-28 09:58:37.179994212,99986,207,99553,100,99999,204,99551,100,100147,204,99542,207,100220,100,99442,204,100595,100,99406,204,100636,100,99333,100,100710,100,99181,100,100854,100,99066,100,100897,100,,,101218,100,,
2019-06-28 09:58:40.000000000,99986,258,99553,258,99999,258,99551,258,100147,100,99542,100,100220,100,99442,100,100595,100,99406,100,100636,100,99333,100,100710,100,99181,100,100854,100,99066,100,100897,100,,,101218,100,,
2019-06-28 09:58:47.715562219,99809,100,99553,258,99986,258,99551,258,99999,258,99542,100,100147,100,99442,100,100220,100,99406,100,100595,100,99333,100,100636,100,99181,100,100710,100,99066,100,100854,100,,,100897,100,,
2019-06-28 09:58:50.000000000,99809,163,99553,163,99986,163,99551,163,99999,163,99542,163,100147,163,99442,163,100220,163,99406,163,100595,100,99333,100,100636,100,99181,100,100710,100,99066,100,100854,100,,,100897,100,,
2019-06-28 09:58:59.511820307,99809,163,99553,163,99986,163,99551,163,99999,163,99542,163,100021,100,99442,163,100147,163,99406,163,100220,163,99333,100,100595,100,99181,100,100636,100,99066,100,100710,100,,,100854,100,,
2019-06-28 09:59:00.000000000,99809,207,99553,207,99986,204,99551,204,99999,204,99542,204,100021,100,99442,100,100147,100,99406,100,100220,100,99333,100,100595,100,99181,100,100636,100,99066,100,100710,100,,,100854,100,,
2019-06-28 09:59:06.318149509,99809,207,99553,207,99836,100,99551,204,99986,204,99542,204,99999,204,99442,100,100021,100,99406,100,100147,100,99333,100,100220,100,99181,100,100595,100,99066,100,100636,100,,,100710,100,,
2019-06-28 09:59:10.000000000,99809,163,99553,163,99836,163,99551,163,99986,163,99542,163,99999,163,99442,163,100021,163,99406,163,100147,100,99333,100,100220,100,99181,100,100595,100,99066,100,100636,100,,,100710,100,,
2019-06-28 09:59:15.085741089,99809,163,99553,163,99836,163,99551,163,99986,163,99542,163,99999,163,99442,163,100021,163,99406,163,100144,100,99333,100,100147,100,99181,100,100220,100,,,100595,100,,,100636,100,,
2019-06-28 09:59:20.000000000,99809,163,99553,163,99836,163,99551,163,99986,163,99542,163,99999,163,99442,163,100021,163,99406,163,100144,100,99333,100,100147,100,99181,100,100220,100,,,100595,100,,,100636,100,,
2019-06-28 09:59:30.000000000,99809,163,99553,163,99836,163,99551,163,99986,163,99542,163,99999,163,99442,163,100021,163,99406,163,100144,100,99333,100,100147,100,99181,100,100220,100,,,100595,100,,,100636,100,,
2019-06-28 09:59:40.000000000,99809,163,99553,163,99836,163,99551,163,99986,163,99542,163,99999,163,99442,163,100021,163,99406,163,100144,100,99333,100,100147,100,99181,100,100220,100,,,100595,100,,,100636,100,,
2019-06-28 09:59:50.000000000,99809,415,99553,415,99836,100,99551,100,99986,100,99542,100,99999,100,99442,100,100021,100,99406,100,100144,100,99333,100,100147,100,99181,100,100220,100,,,100595,100,,,100636,100,,
2019-06-28 09:59:52.478418086,99809,315,99553,415,99836,100,99551,100,99986,100,99542,100,99999,100,99442,100,100021,100,99406,100,100144,100,99333,100,100147,100,99181,100,100220,100,,,100595,100,,,100636,100,,
2019-06-28 10:00:00.000000000,99836,258,99553,258,99986,258,99551,258,99999,100,99542,100,100021,100,99442,100,100144,100,99406,100,100147,100,99333,100,100220,100,99181,100,100595,100,,,100636,100,,,100710,100,,
2019-06-28 10:00:01.337367850,99836,258,99553,258,99986,258,99551,158,99999,100,99542,100,100021,100,99442,100,100144,100,99406,100,100147,100,99333,100,100220,100,99181,100,100308,100,,,100595,100,,,100636,100,,
2019-06-28 10:00:02.863121909,99836,158,99553,258,99986,258,99551,158,99999,100,99542,100,100021,100,99442,100,100144,100,99406,100,100147,100,99333,100,100220,100,,,100308,100,,,100595,100,,,100636,100,,
2019-06-28 10:00:10.000000000,99986,258,99553,258,99999,258,99542,258,100021,100,99442,100,100144,100,99406,100,100147,100,99333,100,100220,100,,,100308,100,,,100595,100,,,100636,100,,,100710,100,,
2019-06-28 10:00:20.000000000,99986,415,99553,415,99999,100,99542,100,100021,100,99442,100,100144,100,99406,100,100147,100,99333,100,100220,100,,,100308,100,,,100595,100,,,100636,100,,,100710,100,,
2019-06-28 10:00:30.000000000,99986,415,99553,415,99999,100,99542,100,100021,100,99442,100,100144,100,99406,100,100147,100,99333,100,100220,100,,,100308,100,,,100595,100,,,100636,100,,,100710,100,,
2019-06-28 10:00:40.000000000,99986,163,99553,163,99999,163,99542,163,100021,163,99442,163,100144,163,99406,163,100147,163,99333,163,100220,100,,,100308,100,,,100595,100,,,100636,100,,,100710,100,,
2019-06-28 10:00:45.436593492,99986,163,99809,100,99999,163,99553,163,100021,163,99542,163,100144,163,99442,163,100147,163,99406,163,100220,100,99333,163,100308,100,,,100595,100,,,100636,100,,,100710,100,,
2019-06-28 10:00:50.000000000,99986,415,99809,415,99999,100,99553,100,100021,100,99542,100,100144,100,99442,100,100147,100,99406,100,100220,100,99333,100,100308,100,,,100595,100,,,100636,100,,,100710,100,,
2019-06-28 10:00:50.730637419,99986,315,99809,415,99999,100,99553,100,100021,100,99542,100,100144,100,99442,100,100147,100,99406,100,100220,100,99333,100,100308,100,,,100595,100,,,100636,100,,,100710,100,,
2019-06-28 10:01:00.000000000,99999,258,99809,258,100021,258,99553,258,100144,100,99542,100,100147,100,99442,100,100220,100,99406,100,100308,100,99333,100,100595,100,,,100636,100,,,100710,100,,,100854,100,,
2019-06-28 10:01:10.000000000,99999,163,99809,163,100021,163,99553,163,100144,163,99542,163,100147,163,99442,163,100220,163,99406,163,100308,100,99333,100,100595,100,,,100636,100,,,100710,100,,,100854,100,,
2019-06-28 10:01:15.210090691,99999,163,99809,163,100021,163,99553,163,100144,163,99542,163,100147,163,99442,163,100220,163,99406,163,100308,100,99341,100,100595,100,99333,100,100636,100,,,100710,100,,,100854,100,,
2019-06-28 10:01:16.231448304,99835,100,99809,163,99999,163,99553,163,100021,163,99542,163,100144,163,99442,163,100147,163,99406,163,100220,163,99341,100,100308,100,99333,100,100595,100,,,100636,100,,,100710,100,,
2019-06-28 10:01:20.000000000,99835,163,99809,163,99999,163,99553,163,100021,163,99542,163,100144,163,99442,163,100147,163,99406,163,100220,100,99341,100,100308,100,99333,100,100595,100,,,100636,100,,,100710,100,,
2019-06-28 10:01:20.981078387,99835,263,99809,163,99999,163,99553,163,100021,163,99542,163,100144,163,99442,163,100147,163,99406,163,100220,100,99341,100,100308,100,99333,100,100595,100,,,100636,100,,,100710,100,,
2019-06-28 10:01:22.241107436,99835,363,99809,163,99999,163,99553,163,100021,163,99542,163,100144,163,99442,163,100147,163,99406,163,100220,100,99341,100,100308,100,99333,100,100595,100,,,100636,100,,,100710,100,,
2019-06-28 10:01:30.000000000,99835,407,99809,207,99999,204,99553,204,100021,204,99542,204,100144,100,99442,100,100147,100,99406,100,100220,100,99341,100,100308,100,99333,100,100595,100,,,100636,100,,,100710,100,,
2019-06-28 10:01:35.675658106,99835,407,99809,207,99999,204,99629,100,100021,204,99553,204,100147,100,99542,204,100220,100,99442,100,100308,100,99406,100,100595,100,99341,100,100636,100,99333,100,100710,100,,,100854,100,,
2019-06-28 10:01:40.000000000,99835,363,99809,163,99999,163,99629,163,100021,163,99553,163,100147,163,99542,163,100220,163,99442,163,100308,100,99406,100,100595,100,99341,100,100636,100,99333,100,100710,100,,,100854,100,,
2019-06-28 10:01:40.094562742,99835,363,99809,63,99999,163,99629,163,100021,163,99553,163,100147,163,99542,163,100220,163,99442,163,100308,100,99406,100,100595,100,99341,100,100636,100,99333,100,100710,100,,,100854,100,,
2019-06-28 10:01:50.000000000,99835,363,99629,163,99999,163,99553,163,100021,163,99542,163,100147,163,99442,163,100220,163,99406,163,100308,100,99341,100,100595,100,99333,100,100636,100,,,100710,100,,,100854,100,,
2019-06-28 10:02:00.000000000,99835,379,99629,179,99999,179,99553,179,100021,179,99542,179,100147,179,99442,179,100220,100,99406,100,100308,100,99341,100,100595,100,99333,100,100636,100,,,100710,100,,,100854,100,,
2019-06-28 10:02:10.000000000,99835,407,99629,207,99999,204,99553,204,100021,204,99542,204,100147,100,99442,100,100220,100,99406,100,100308,100,99341,100,100595,100,99333,100,100636,100,,,100710,100,,,100854,100,,
2019-06-28 10:02:12.724580741,99835,407,99629,207,99999,204,99553,204,100021,204,99546,100,100147,100,99542,204,100220,100,99442,100,100308,100,99406,100,100595,100,99341,100,100636,100,99333,100,100710,100,,,100854,100,,
2019-06-28 10:02:13.296786436,99834,100,99629,207,99835,407,99553,204,99999,204,99546,100,100021,204,99542,204,100147,100,99442,100,100220,100,99406,100,100308,100,99341,100,100595,100,99333,100,100636,100,,,100710,100,,
2019-06-28 10:02:20.000000000,99834,163,99629,163,99835,363,99553,163,99999,163,99546,163,100021,163,99542,163,100147,163,99442,163,100220,100,99406,100,100308,100,99341,100,100595,100,99333,100,100636,100,,,100710,100,,
2019-06-28 10:02:30.000000000,99834,258,99629,258,99835,458,99553,258,99999,100,99546,100,100021,100,99542,100,100147,100,99442,100,100220,100,99406,100,100308,100,99341,100,100595,100,99333,100,100636,100,,,100710,100,,
2019-06-28 10:02:30.647883854,99834,258,99650,100,99835,458,99629,258,99999,100,99553,258,100021,100,99546,100,100147,100,99542,100,100220,100,99442,100,100308,100,99406,100,100595,100,99341,100,100636,100,99333,100,100710,100,,
2019-06-28 10:02:40.000000000,99834,163,99650,163,99835,363,99629,163,99999,163,99553,163,100021,163,99546,163,100147,163,99542,163,100220,100,99442,100,100308,100,99406,100,100595,100,99341,100,100636,100,99333,100,100710,100,,
2019-06-28 10:02:44.217356107,99834,163,99650,163,99835,363,99629,163,99927,100,99553,163,99999,163,99546,163,100021,163,99542,163,100147,163,99442,100,100220,100,99406,100,100308,100,99341,100,100595,100,99333,100,100636,100,,
2019-06-28 10:02:45.683976872,99834,163,99721,100,99835,363,99650,163,99927,100,99629,163,99999,163,99553,163,100021,163,99546,163,100147,163,99542,163,100220,100,99442,100,100308,100,99406,100,100595,100,99341,100,100636,100,99333,100
2019-06-28 10:02:50.000000000,99834,179,99721,179,99835,379,99650,179,99927,179,99629,179,99999,179,99553,179,100021,100,99546,100,100147,100,99542,100,100220,100,99442,100,100308,100,99406,100,100595,100,99341,100,100636,100,99333,100
2019-06-28 10:02:59.175641371,99834,179,99721,179,99835,379,99650,179,99881,100,99629,179,99927,179,99553,179,99999,179,99546,100,100021,100,99542,100,100147,100,99442,100,100220,100,99406,100,100308,100,99341,100,100595,100,99333,100
2019-06-28 10:03:00.000000000,99834,163,99721,163,99835,363,99650,163,99881,163,99629,163,99927,163,99553,163,99999,163,99546,163,100021,100,99542,100,100147,100,99442,100,100220,100,99406,100,100308,100,99341,100,100595,100,99333,100
2019-06-28 10:03:01.616911365,99834,163,99721,163,99835,363,99650,63,99848,100,99629,163,99881,163,99553,163,99927,163,99546,163,99999,163,99542,100,100021,100,99442,100,100147,100,99406,100,100220,100,99341,100,100308,100,99333,100
2019-06-28 10:03:06.326881995,99834,163,99810,100,99835,363,99721,163,99848,100,99650,63,99881,163,99629,163,99927,163,99553,163,99999,163,99546,163,100021,100,99542,100,100147,100,99442,100,100220,100,99406,100,100308,100,99341,100
2019-06-28 10:03:10.000000000,99834,207,99810,207,99835,404,99721,204,99848,204,99629,204,99881,100,99553,100,99927,100,99546,100,99999,100,99542,100,100021,100,99442,100,100147,100,99406,100,100220,100,99341,100,100308,100,99333,100
2019-06-28 10:03:20.000000000,99834,179,99810,179,99835,379,99721,179,99848,179,99629,179,99881,179,99553,179,99927,100,99546,100,99999,100,99542,100,100021,100,99442,100,100147,100,99406,100,100220,100,99341,100,100308,100,99333,100
2019-06-28 10:03:20.642718218,99834,179,99810,179,99835,279,99721,179,99848,179,99629,179,99881,179,99553,179,99927,100,99546,100,99985,100,99542,100,99999,100,99442,100,100021,100,99406,100,100147,100,99341,100,100220,100,99333,100
2019-06-28 10:03:30.000000000,99834,179,99810,179,99835,279,99721,179,99848,179,99629,179,99881,179,99553,179,99927,100,99546,100,99985,100,99542,100,99999,100,99442,100,100021,100,99406,100,100147,100,99341,100,100220,100,99333,100
2019-06-28 10:03:40.000000000,99834,258,99810,258,99835,358,99721,258,99848,100,99629,100,99881,100,99553,100,99927,100,99546,100,99985,100,99542,100,99999,100,99442,100,100021,100,99406,100,100147,100,99341,100,100220,100,99333,100
2019-06-28 10:03:50.000000000,99834,207,99810,207,99835,304,99721,204,99848,204,99629,204,99881,100,99553,100,99927,100,99546,100,99985,100,99542,100,99999,100,99442,100,100021,100,99406,100,100147,100,99341,100,100220,100,99333,100
2019-06-28 10:04:00.000000000,99834,415,99810,415,99835,200,99721,100,99848,100,99629,100,99881,100,99553,100,99927,100,99546,100,99985,100,99542,100,99999,100,99442,100,100021,100,99406,100,100147,100,99341,100,100220,100,99333,100
2019-06-28 10:04:01.854929330,99834,415,99810,515,99835,200,99721,100,99848,100,99629,100,99881,100,99553,100,99927,100,99546,100,99985,100,99542,100,99999,100,99442,100,100021,100,99406,100,100147,100,99341,100,100220,100,99333,100
2019-06-28 10:04:02.662342632,99834,315,99810,515,99835,200,99721,100,99848,100,99629,100,99881,100,99553,100,99927,100,99546,100,99985,100,99542,100,99999,100,99442,100,100021,100,99341,100,100147,100,99333,100,100220,100,,
2019-06-28 10:04:10.000000000,99835,515,99810,515,99848,100,99721,100,99881,100,99629,100,99927,100,99553,100,99985,100,99546,100,99999,100,99542,100,100021,100,99442,100,100147,100,99341,100,100220,100,99333,100,100308,100,,
2019-06-28 10:04:20.000000000,99835,263,99810,263,99848,163,99721,163,99881,163,99629,163,99927,163,99553,163,99985,163,99546,163,99999,100,99542,100,100021,100,99442,100,100147,100,99341,100,100220,100,99333,100,100308,100,,
2019-06-28 10:04:30.000000000,99835,263,99810,263,99848,163,99721,163,99881,163,99629,163,99927,163,99553,163,99985,163,99546,163,99999,100,99542,100,100021,100,99442,100,100147,100,99341,100,100220,100,99333,100,100308,100,,
2019-06-28 10:04:33.764679243,99835,263,99811,100,99848,163,99810,263,99881,163,99721,163,99927,163,99629,163,99985,163,99553,163,99999,100,99546,163,100021,100,99542,100,100147,100,99442,100,100220,100,99341,100,100308,100,99333,100
2019-06-28 10:04:34.709013638,99835,263,99811,100,99848,163,99810,263,99881,163,99721,163,99927,163,99629,163,99985,163,99553,163,99999,100,99546,163,100021,100,99542,100,100147,100,99442,100,100220,100,99341,100,100308,100,99333,100
2019-06-28 10:04:39.284929898,99835,263,99811,100,99848,163,99810,263,99881,163,99721,163,99927,163,99629,163,99985,163,99553,163,99999,100,99546,163,100021,100,99542,100,100147,100,99442,100,100220,100,99341,100,100308,100,99333,100
2019-06-28 10:04:40.000000000,99835,515,99811,415,99848,100,99810,200,99881,100,99721,100,99927,100,99629,100,99985,100,99553,100,99999,100,99546,100,100021,100,99542,100,100147,100,99442,100,100220,100,99341,100,100308,100,99333,100
2019-06-28 10:04:50.000000000,99835,358,99811,258,99848,258,99810,358,99881,100,99721,100,99927,100,99629,100,99985,100,99553,100,99999,100,99546,100,100021,100,99542,100,100147,100,99442,100,100220,100,99341,100,100308,100,99333,100
2019-06-28 10:05:00.000000000,99835,307,99811,207,99848,204,99810,304,99881,204,99721,204,99927,100,99629,100,99985,100,99553,100,99999,100,99546,100,100021,100,99542,100,100147,100,99442,100,100220,100,99341,100,100308,100,99333,100
2019-06-28 10:05:03.175285540,99835,307,99811,307,99848,204,99810,304,99881,204,99721,204,99927,100,99629,100,99985,100,99553,100,99999,100,99546,100,100021,100,99542,100,100147,100,99442,100,100220,100,99341,100,100308,100,99333,100
2019-06-28 10:05:04.665703219,99835,307,99811,307,99848,204,99810,304,99881,204,99721,204,99927,100,99629,100,99985,100,99553,100,99999,100,99546,100,100021,100,99542,100,100147,100,99442,100,100220,100,99341,100,100308,100,99333,100
2019-06-28 10:05:10.000000000,99835,279,99811,279,99848,179,99810,279,99881,179,99721,179,99927,179,99629,179,99985,100,99553,100,99999,100,99546,100,100021,100,99542,100,100147,100,99442,100,100220,100,99341,100,100308,100,99333,100
2019-06-28 10:05:13.658552155,99835,279,99811,279,99848,179,99810,279,99881,179,99721,179,99927,179,99629,179,99985,100,99553,100,99999,100,99546,100,100021,100,99542,100,100147,100,99442,100,100220,100,99341,100,100308,100,99333,100
2019-06-28 10:05:20.000000000,99835,515,99811,515,99848,100,99810,200,99881,100,99721,100,99927,100,99629,100,99985,100,99553,100,99999,100,99546,100,100021,100,99542,100,100147,100,99442,100,100220,100,99341,100,100308,100,99333,100
2019-06-28 10:05:26.773390765,99835,515,99811,515,99848,100,99810,200,99881,100,99721,100,99927,100,99629,100,99985,100,99553,100,99999,100,99546,100,100021,100,99542,100,100147,100,99442,100,100220,100,99341,100,100308,100,99333,100
2019-06-28 10:05:30.000000000,99835,263,99811,263,99848,163,99810,263,99881,163,99721,163,99927,163,99629,163,99985,163,99553,163,99999,100,99546,100,100021,100,99542,100,100147,100,99442,100,100220,100,99341,100,100308,100,99333,100
2019-06-28 10:05:38.373219362,99835,163,99811,263,99848,163,99810,263,99881,163,99721,163,99927,163,99629,163,99985,163,99553,163,99999,100,99546,100,100021,100,99542,100,100147,100,99442,100,100220,100,99341,100,100308,100,99333,100
2019-06-28 10:05:40.000000000,99835,163,99811,263,99848,163,99810,263,99881,163,99721,163,99927,163,99629,163,99985,163,99553,163,99999,100,99546,100,100021,100,99542,100,100147,100,99442,100,100220,100,99341,100,100308,100,99333,100
2019-06-28 10:05:50.000000000,99835,258,99811,358,99848,258,99810,358,99881,100,99721,100,99927,100,99629,100,99985,100,99553,100,99999,100,99546,100,100021,100,99542,100,100147,100,99442,100,100220,100,99341,100,100308,100,99333,100
2019-06-28 10:05:50.685820386,99835,158,99811,358,99848,258,99810,358,99881,100,99721,100,99927,100,99629,100,99985,100,99553,100,99999,100,99546,100,100021,100,99542,100,100147,100,99442,100,100220,100,99333,100,100308,100,,
2019-06-28 10:05:55.626897015,99835,58,99811,358,99848,258,99810,358,99881,100,99721,100,99927,100,99629,100,99985,100,99553,100,99999,100,99546,100,100021,100,99542,100,100147,100,99442,100,100220,100,99333,100,100308,100,,
2019-06-28 10:06:00.000000000,99848,258,99811,358,99881,258,99810,358,99927,100,99721,100,99985,100,99629,100,99999,100,99553,100,100021,100,99546,100,100147,100,99542,100,100220,100,99442,100,100308,100,99333,100,100359,100,,
2019-06-28 10:06:03.365845523,99848,158,99811,358,99881,258,99810,358,99927,100,99721,100,99985,100,99629,100,99999,100,99553,100,100021,100,99546,100,100147,100,99542,100,100220,100,99442,100,100308,100,99333,100,100359,100,,
2019-06-28 10:06:09.858558884,99848,158,99811,358,99881,258,99810,258,99927,100,99721,100,99985,100,99629,100,99999,100,99553,100,100021,100,99546,100,100147,100,99542,100,100220,100,99442,100,100308,100,99333,100,100359,100,,
2019-06-28 10:06:10.000000000,99881,258,99811,358,99927,258,99810,258,99985,100,99721,100,99999,100,99629,100,100021,100,99553,100,100147,100,99546,100,100220,100,99542,100,100308,100,99442,100,100359,100,99333,100,100376,100,,
2019-06-28 10:06:10.521677347,99881,158,99811,358,99927,258,99810,258,99985,100,99721,100,99999,100,99629,100,100021,100,99553,100,100147,100,99546,100,100220,100,99542,100,100308,100,99333,100,100359,100,,,100376,100,,
2019-06-28 10:06:20.000000000,99927,258,99811,358,99985,258,99810,258,99999,100,99721,100,100021,100,99629,100,100147,100,99553,100,100220,100,99546,100,100308,100,99542,100,100359,100,99333,100,100376,100,,,100579,100,,
2019-06-28 10:06:25.338747556,99927,158,99811,358,99985,258,99810,258,99999,100,99721,100,100021,100,99629,100,100147,100,99553,100,100220,100,99546,100,100308,100,99542,100,100359,100,99333,100,100376,100,,,100579,100,,
2019-06-28 10:06:30.000000000,99985,258,99811,358,99999,258,99810,258,100021,100,99721,100,100147,100,99629,100,100220,100,99553,100,100308,100,99546,100,100359,100,99542,100,100376,100,99333,100,100579,100,,,100580,100,,
2019-06-28 10:06:40.000000000,99985,179,99811,279,99999,179,99810,179,100021,179,99721,179,100147,179,99629,179,100220,100,99553,100,100308,100,99546,100,100359,100,99542,100,100376,100,99333,100,100579,100,,,100580,100,,
2019-06-28 10:06:50.000000000,99985,207,99811,307,99999,204,99810,204,100021,204,99721,204,100147,100,99629,100,100220,100,99553,100,100308,100,99546,100,100359,100,99542,100,100376,100,99333,100,100579,100,,,100580,100,,
2019-06-28 10:07:00.000000000,99985,258,99811,358,99999,258,99810,258,100021,100,99721,100,100147,100,99629,100,100220,100,99553,100,100308,100,99546,100,100359,100,99542,100,100376,100,99333,100,100579,100,,,100580,100,,
2019-06-28 10:07:10.000000000,99985,163,99811,263,99999,163,99810,163,100021,163,99721,163,100147,163,99629,163,100220,163,99553,163,100308,100,99546,100,100359,100,99542,100,100376,100,99333,100,100579,100,,,100580,100,,
2019-06-28 10:07:20.000000000,99985,258,99811,358,99999,258,99810,258,100021,100,99721,100,100147,100,99629,100,100220,100,99553,100,100308,100,99546,100,100359,100,99542,100,100376,100,99333,100,100579,100,,,100580,100,,
2019-06-28 10:07:20.973260174,99985,258,99881,100,99999,258,99811,358,100021,100,99810,258,100147,100,99721,100,100220,100,99629,100,100308,100,99553,100,100359,100,99546,100,100376,100,99542,100,100579,100,99333,100,100580,100,,
2019-06-28 10:07:30.000000000,99985,258,99881,258,99999,258,99811,358,100021,100,99810,100,100147,100,99721,100,100220,100,99629,100,100308,100,99553,100,100359,100,99546,100,100376,100,99542,100,100579,100,99333,100,100580,100,,
2019-06-28 10:07:40.000000000,99985,179,99881,179,99999,179,99811,279,100021,179,99810,179,100147,179,99721,179,100220,100,99629,100,100308,100,99553,100,100359,100,99546,100,100376,100,99542,100,100579,100,99333,100,100580,100,,
2019-06-28 10:07:50.000000000,99985,207,99881,207,99999,204,99811,304,100021,204,99810,204,100147,100,99721,100,100220,100,99629,100,100308,100,99553,100,100359,100,99546,100,100376,100,99542,100,100579,100,99333,100,100580,100,,
2019-06-28 10:07:52.841711884,99985,107,99881,207,99999,204,99811,304,100021,204,99810,204,100147,100,99721,100,100220,100,99629,100,100308,100,99553,100,100359,100,99546,100,100376,100,99542,100,100579,100,99333,100,100595,100,,
2019-06-28 10:07:59.848965763,99985,107,99927,100,99999,204,99881,207,100021,204,99811,304,100147,100,99810,204,100220,100,99721,100,100308,100,99629,100,100359,100,99553,100,100376,100,99546,100,100579,100,99542,100,100595,100,99333,100
2019-06-28 10:08:00.000000000,99999,163,99927,163,100021,163,99881,163,100147,163,99811,263,100220,163,99810,163,100308,163,99721,163,100359,100,99629,100,100376,100,99553,100,100579,100,99546,100,100595,100,99542,100,100710,100,99333,100
2019-06-28 10:08:10.000000000,99999,258,99927,258,100021,258,99881,258,100147,100,99811,200,100220,100,99810,100,100308,100,99721,100,100359,100,99629,100,100376,100,99553,100,100579,100,99546,100,100595,100,99542,100,100710,100,99333,100
2019-06-28 10:08:11.624429802,99999,258,99927,358,100021,258,99881,258,100147,100,99811,200,100220,100,99810,100,100308,100,99721,100,100359,100,99629,100,100376,100,99553,100,100579,100,99546,100,100595,100,99542,100,100710,100,99333,100
2019-06-28 10:08:20.000000000,99999,179,99927,279,100021,179,99881,179,100147,179,99811,279,100220,179,99810,179,100308,100,99721,100,100359,100,99629,100,100376,100,99553,100,100579,100,99546,100,100595,100,99542,100,100710,100,99333,100
2019-06-28 10:08:29.174067893,99999,179,99927,279,100021,179,99881,179,100147,179,99811,279,100220,179,99810,179,100308,100,99721,100,100376,100,99629,100,100579,100,99553,100,100595,100,99546,100,100710,100,99542,100,100897,100,99333,100
2019-06-28 10:08:30.000000000,99999,207,99927,307,100021,204,99881,204,100147,204,99811,304,100220,100,99810,100,100308,100,99721,100,100376,100,99629,100,100579,100,99553,100,100595,100,99546,100,100710,100,99542,100,100897,100,99333,100
