,ask_price_1,ask_size_1,bid_price_1,bid_size_1,ask_price_2,ask_size_2,bid_price_2,bid_size_2,ask_price_3,ask_size_3,bid_price_3,bid_size_3,ask_price_4,ask_size_4,bid_price_4,bid_size_4,ask_price_5,ask_size_5,bid_price_5,bid_size_5,ask_price_6,ask_size_6,bid_price_6,bid_size_6,ask_price_7,ask_size_7,bid_price_7,bid_size_7,ask_price_8,ask_size_8,bid_price_8,bid_size_8,ask_price_9,ask_size_9,bid_price_9,bid_size_9,ask_price_10,ask_size_10,bid_price_10,bid_size_10
2019-06-28 09:30:00.000000001,,,99872,100,,,,,,,,,,,,,,,,,,,,,,,,,,,,,,,,,,,,
2019-06-28 09:30:00.000000004,100040,100,99872,100,100063,100,,,,,,,,,,,,,,,,,,,,,,,,,,,,,,,,,,
2019-06-28 09:30:00.000000006,100040,100,100002,100,100063,100,99872,100,,,,,,,,,,,,,,,,,,,,,,,,,,,,,,,,
2019-06-28 09:30:00.000000008,100040,100,100002,100,100063,100,99943,100,,,99872,100,,,,,,,,,,,,,,,,,,,,,,,,,,,,
2019-06-28 09:30:00.000000011,100021,100,100002,100,100040,100,99943,100,100063,100,99872,100,,,,,,,,,,,,,,,,,,,,,,,,,,,,
2019-06-28 09:30:00.000000012,100021,100,100002,100,100029,100,99943,100,100040,100,99872,100,100063,100,,,,,,,,,,,,,,,,,,,,,,,,,,
2019-06-28 09:30:00.000000013,100019,100,100002,100,100021,100,99945,100,100029,100,99943,100,100040,100,99872,100,100063,100,,,,,,,,,,,,,,,,,,,,,,
2019-06-28 09:30:00.000000015,100019,100,100002,100,100021,100,99945,100,100029,100,99943,100,100040,100,99872,100,100063,100,,,100111,100,,,,,,,,,,,,,,,,,,
2019-06-28 09:30:00.000000016,100019,100,100002,100,100021,100,99945,100,100029,100,99943,100,100040,100,99872,100,100063,100,,,100085,100,,,100111,100,,,100145,100,,,,,,,,,,
2019-06-28 09:30:00.000000017,100019,100,99945,100,100021,100,99943,100,100029,100,99872,100,100040,100,,,100063,100,,,100085,100,,,100111,100,,,100145,100,,,,,,,,,,
2019-06-28 09:30:00.000000019,100019,100,99945,100,100021,100,99943,100,100029,100,99872,100,100040,100,,,100063,100,,,100085,100,,,100111,100,,,100138,100,,,100145,100,,,,,,
2019-06-28 09:30:00.000000020,100019,100,99945,100,100021,100,99943,100,100029,100,99890,100,100040,100,99872,100,100063,100,,,100085,100,,,100111,100,,,100138,100,,,100145,100,,,,,,
2019-06-28 09:30:00.000000021,100019,100,99945,100,100021,100,99943,100,100029,100,99934,100,100040,100,99890,100,100063,100,99872,100,100085,100,,,100111,100,,,100138,100,,,100145,100,,,,,,
2019-06-28 09:30:00.000000022,100019,100,99945,100,100021,100,99943,100,100029,100,99934,100,100040,100,99890,100,100063,100,99872,100,100085,100,,,100111,100,,,100138,100,,,100142,100,,,100145,100,,
2019-06-28 09:30:00.000000023,100019,100,99945,100,100021,100,99943,100,100024,100,99934,100,100029,100,99890,100,100040,100,99872,100,100063,100,,,100085,100,,,100111,100,,,100138,100,,,100142,100,,
2019-06-28 09:30:00.000000026,100019,100,99945,100,100021,100,99943,100,100024,100,99934,100,100029,100,99890,100,100040,100,99872,100,100063,100,,,100085,100,,,100111,100,,,100123,100,,,100138,100,,
2019-06-28 09:30:00.000000027,100019,100,99945,100,100021,100,99943,100,100024,100,99934,100,100029,100,99890,100,100040,100,99872,100,100063,100,,,100085,100,,,100111,100,,,100123,100,,,100126,100,,
2019-06-28 09:30:00.000000030,100019,100,99945,100,100021,100,99943,100,100024,100,99934,100,100029,100,99890,100,100040,100,99872,100,100063,100,99840,100,100085,100,,,100111,100,,,100123,100,,,100126,100,,
2019-06-28 09:30:00.000000034,100019,100,99961,100,100021,100,99945,100,100024,100,99943,100,100029,100,99934,100,100040,100,99890,100,100063,100,99872,100,100085,100,99840,100,100111,100,,,100123,100,,,100126,100,,
2019-06-28 09:30:00.000000036,100019,100,99945,100,100021,100,99943,100,100024,100,99934,100,100029,100,99890,100,100040,100,99872,100,100063,100,99840,100,100085,100,,,100111,100,,,100123,100,,,100126,100,,
2019-06-28 09:30:00.000000037,100002,100,99950,100,100019,100,99945,100,100021,100,99943,100,100024,100,99934,100,100029,100,99890,100,100040,100,99872,100,100063,100,99840,100,100085,100,,,100111,100,,,100123,100,,
2019-06-28 09:30:00.000000038,100002,200,99950,100,100016,100,99945,100,100019,100,99943,100,100021,100,99934,100,100024,100,99890,100,100029,100,99872,100,100040,100,99840,100,100063,100,,,100085,100,,,100111,100,,
2019-06-28 09:30:00.000000039,100002,200,99950,100,100016,100,99945,100,100019,100,99943,100,100021,100,99934,100,100024,100,99890,100,100029,100,99872,100,100030,100,99840,100,100040,100,,,100063,100,,,100085,100,,
2019-06-28 09:30:00.000000040,100002,200,99968,100,100016,100,99950,100,100019,100,99945,100,100021,100,99943,100,100024,100,99934,100,100029,100,99890,100,100030,100,99872,100,100040,100,99840,100,100063,100,,,100085,100,,
2019-06-28 09:30:00.000000043,100002,200,99968,100,100016,100,99950,100,100019,100,99945,100,100021,100,99943,100,100024,100,99934,100,100029,100,99895,100,100030,100,99890,100,100040,100,99872,100,100063,100,99840,100,100085,100,,
2019-06-28 09:30:00.000000044,100002,200,100000,100,100016,100,99968,100,100019,100,99950,100,100021,100,99945,100,100024,100,99943,100,100029,100,99934,100,100030,100,99930,100,100040,100,99895,100,100063,100,99890,100,100085,100,99872,100
2019-06-28 09:30:00.000000045,100002,200,100000,100,100016,100,99968,100,100019,100,99961,100,100021,100,99950,100,100024,100,99945,100,100029,100,99943,100,100030,100,99934,100,100040,100,99930,100,100063,100,99895,100,100085,100,99890,100
2019-06-28 09:30:00.000000048,100002,200,100000,100,100016,100,99968,100,100019,100,99961,100,100021,100,99950,100,100024,100,99945,100,100029,100,99943,100,100030,100,99934,100,100040,100,99930,100,100063,100,99895,100,100085,100,99890,100
2019-06-28 09:30:00.000000049,100002,200,100000,100,100016,100,99968,100,100019,100,99961,200,100021,100,99950,100,100024,100,99945,100,100029,100,99943,100,100030,100,99934,100,100040,100,99930,100,100063,100,99895,100,100085,100,99890,100
2019-06-28 09:30:00.000000050,100002,200,99968,100,100016,100,99961,200,100019,100,99950,100,100021,100,99945,100,100024,100,99943,100,100029,100,99934,100,100030,100,99930,100,100040,100,99895,100,100063,100,99890,100,100085,100,99872,100
2019-06-28 09:30:00.000000052,100002,200,99968,100,100016,100,99961,200,100019,100,99950,100,100021,100,99945,100,100024,100,99943,100,100029,100,99934,100,100030,100,99930,100,100040,100,99895,100,100063,100,99890,100,100085,100,99872,100
2019-06-28 09:30:00.000000057,100000,100,99968,100,100002,200,99961,200,100016,100,99950,100,100019,100,99945,100,100021,100,99943,100,100024,100,99934,100,100029,100,99930,100,100030,100,99895,100,100040,100,99890,100,100063,100,99872,100
2019-06-28 09:30:00.000000060,100002,200,99968,100,100016,100,99961,200,100019,100,99957,100,100021,100,99950,100,100024,100,99945,100,100029,100,99943,100,100030,100,99934,100,100040,100,99930,100,100063,100,99895,100,100085,100,99890,100
2019-06-28 09:30:00.000000063,100002,200,100000,100,100016,100,99968,100,100019,100,99961,200,100021,100,99957,100,100024,100,99950,100,100029,100,99945,100,100030,100,99943,100,100040,100,99934,100,100063,100,99930,100,100085,100,99895,100
2019-06-28 09:30:00.000000070,100002,200,100000,100,100016,100,99968,100,100019,100,99961,200,100021,100,99957,100,100024,100,99950,100,100029,100,99945,100,100030,100,99943,100,100040,100,99934,100,100063,100,99930,100,100085,100,99895,100
2019-06-28 09:30:00.000000072,100002,200,100000,100,100016,100,99968,100,100019,100,99961,200,100021,100,99957,100,100024,100,99950,100,100029,100,99945,100,100030,100,99943,100,100040,100,99934,100,100063,100,99930,100,100078,100,99895,100
2019-06-28 09:30:00.000000073,100002,200,99968,100,100016,100,99961,200,100019,100,99957,100,100021,100,99950,100,100024,100,99945,100,100029,200,99943,100,100030,100,99934,100,100040,100,99930,100,100063,100,99895,100,100078,100,99890,100
2019-06-28 09:30:00.000000076,100002,200,99968,100,100016,100,99961,200,100019,100,99957,100,100021,100,99950,100,100024,100,99945,100,100029,200,99943,100,100030,100,99934,100,100040,100,99930,100,100063,100,99895,100,100078,100,99890,100
2019-06-28 09:30:00.000000078,100002,200,100000,100,100016,100,99968,100,100019,100,99961,200,100021,100,99957,100,100024,100,99950,100,100029,200,99945,100,100030,100,99943,100,100040,100,99934,100,100063,100,99930,100,100078,100,99895,100
2019-06-28 09:30:00.000000079,100002,200,99968,100,100016,100,99961,200,100019,100,99957,100,100021,100,99950,100,100024,100,99945,100,100029,200,99943,100,100030,100,99938,100,100040,100,99934,100,100063,100,99930,100,100078,100,99895,100
2019-06-28 09:30:00.000000080,100002,200,99997,100,100016,100,99968,100,100019,100,99961,200,100021,100,99957,100,100024,100,99950,100,100029,200,99945,100,100030,100,99943,100,100040,100,99938,100,100063,100,99934,100,100078,100,99930,100
2019-06-28 09:30:00.000000081,100002,200,100000,100,100016,100,99997,100,100019,100,99968,100,100021,100,99961,200,100024,100,99957,100,100029,200,99950,100,100030,100,99945,100,100040,100,99943,100,100063,100,99938,100,100078,100,99934,100
2019-06-28 09:30:00.000000082,100002,100,100000,100,100016,100,99997,100,100019,100,99968,100,100021,100,99961,200,100024,100,99957,100,100029,200,99950,100,100030,100,99945,100,100040,100,99943,100,100063,100,99938,100,100078,100,99934,100
2019-06-28 09:30:00.000000084,100016,100,100000,100,100019,100,99997,100,100021,100,99968,100,100024,100,99966,100,100029,200,99961,200,100030,100,99957,100,100040,100,99950,100,100063,100,99945,100,100078,100,99943,100,100080,100,99938,100
2019-06-28 09:30:00.000000086,100004,100,100000,100,100016,100,99997,100,100019,100,99968,100,100021,100,99966,100,100024,100,99961,200,100029,200,99957,100,100030,100,99950,100,100040,100,99945,100,100063,100,99943,100,100078,100,99938,100
2019-06-28 09:30:00.000000087,100004,100,100000,100,100016,100,99997,100,100019,100,99968,100,100021,100,99966,100,100024,100,99961,200,100029,200,99957,100,100030,100,99950,100,100040,100,99945,100,100063,100,99943,100,100078,100,99938,100
2019-06-28 09:30:00.000000088,100004,100,100000,100,100016,100,99997,100,100019,100,99968,100,100020,100,99966,100,100021,100,99961,200,100024,100,99957,100,100029,200,99950,100,100030,100,99945,100,100040,100,99943,100,100063,100,99938,100
2019-06-28 09:30:00.000000089,100004,100,100002,100,100016,100,100000,100,100019,100,99997,100,100020,100,99968,100,100021,100,99966,100,100024,100,99961,200,100029,200,99957,100,100030,100,99950,100,100040,100,99945,100,100063,100,99943,100
2019-06-28 09:30:00.000000090,100004,100,100002,100,100016,100,100000,100,100019,100,99997,100,100020,100,99968,100,100021,100,99966,100,100024,100,99961,200,100029,200,99960,100,100030,100,99957,100,100040,100,99950,100,100063,100,99945,100
2019-06-28 09:30:00.000000091,100004,100,100000,100,100016,100,99997,100,100019,100,99968,100,100020,100,99966,100,100021,100,99961,200,100024,100,99960,100,100029,200,99957,100,100030,100,99950,100,100040,100,99945,100,100063,100,99943,100
2019-06-28 09:30:00.000000092,100004,100,100000,100,100016,100,99997,100,100019,100,99968,100,100020,100,99966,100,100021,100,99961,200,100024,100,99960,100,100029,200,99957,100,100030,100,99950,100,100040,100,99945,100,100063,100,99943,100
2019-06-28 09:30:00.000000098,100004,100,100000,100,100006,100,99997,100,100016,100,99968,100,100019,100,99966,100,100020,100,99961,200,100021,100,99960,100,100024,100,99957,100,100029,200,99950,100,100030,100,99945,100,100040,100,99943,100
2019-06-28 09:30:00.000000099,100004,100,100000,100,100006,100,99997,100,100016,100,99968,100,100019,100,99966,100,100020,100,99961,200,100021,100,99960,100,100024,100,99957,100,100029,200,99950,100,100030,100,99945,100,100040,100,99943,100
2019-06-28 09:30:10.000000000,100004,201,100000,201,100006,198,99997,198,100016,198,99968,198,100019,100,99966,100,100020,100,99961,200,100021,100,99960,100,100024,100,99957,100,100029,200,99950,100,100030,100,99945,100,100040,100,99943,100
2019-06-28 09:30:20.000000000,100004,160,100000,160,100006,160,99997,160,100016,160,99968,160,100019,160,99966,160,100020,160,99961,260,100021,100,99960,100,100024,100,99957,100,100029,200,99950,100,100030,100,99945,100,100040,100,99943,100
2019-06-28 09:30:21.959505555,100004,160,100000,160,100006,160,99997,160,100016,160,99968,160,100019,160,99966,160,100020,160,99961,260,100021,100,99960,100,100024,100,99957,100,100029,200,99950,100,100030,100,99945,100,100040,100,99943,100
2019-06-28 09:30:30.000000000,100004,174,100000,174,100006,174,99997,174,100016,174,99968,174,100019,174,99966,174,100020,100,99961,200,100021,100,99960,100,100024,100,99957,100,100029,200,99950,100,100030,100,99945,100,100040,100,99943,100
2019-06-28 09:30:38.685973809,100004,174,100000,174,100006,174,99997,174,100016,174,99968,174,100019,174,99966,174,100020,100,99961,200,100021,100,99960,100,100024,100,99957,100,100029,200,99950,100,100030,100,99945,100,100040,100,99943,100
2019-06-28 09:30:40.000000000,100004,249,100000,249,100006,249,99997,249,100016,100,99968,100,100019,100,99966,100,100020,100,99961,200,100021,100,99960,100,100024,100,99957,100,100029,200,99950,100,100030,100,99945,100,100040,100,99943,100
2019-06-28 09:30:41.703071680,100002,100,100000,249,100004,249,99997,249,100006,249,99968,100,100016,100,99966,100,100019,100,99961,200,100020,100,99960,100,100021,100,99957,100,100024,100,99950,100,100029,200,99945,100,100030,100,99943,100
2019-06-28 09:30:50.000000000,100002,398,100000,398,100004,100,99997,100,100006,100,99968,100,100016,100,99966,100,100019,100,99961,200,100020,100,99960,100,100021,100,99957,100,100024,100,99950,100,100029,200,99945,100,100030,100,99943,100
2019-06-28 09:30:52.248274866,100002,398,100000,398,100004,100,99997,100,100006,100,99968,100,100016,100,99966,100,100019,100,99961,200,100020,100,99960,100,100021,100,99957,100,100024,100,99950,100,100029,200,99945,100,100030,100,99943,100
2019-06-28 09:30:58.281042413,100002,398,100000,398,100004,100,99997,100,100006,100,99968,100,100016,100,99966,100,100019,100,99961,100,100020,100,99960,100,100021,100,99957,100,100024,100,99950,100,100029,200,99945,100,100030,100,99943,100
2019-06-28 09:31:00.000000000,100002,249,100000,249,100004,249,99997,249,100006,100,99968,100,100016,100,99966,100,100019,100,99961,100,100020,100,99960,100,100021,100,99957,100,100024,100,99950,100,100029,200,99945,100,100030,100,99943,100
2019-06-28 09:31:06.263316409,100002,249,100000,249,100004,249,99997,249,100006,100,99968,100,100016,100,99966,100,100019,100,99961,100,100020,100,99960,100,100021,100,99957,100,100029,200,99950,100,100030,100,99945,100,100040,100,99943,100
2019-06-28 09:31:07.350973408,100002,149,100000,149,100004,249,99997,249,100006,100,99968,100,100016,100,99966,100,100019,100,99961,100,100020,100,99960,100,100021,100,99957,100,100029,200,99950,100,100030,100,99945,100,100040,100,99943,100
2019-06-28 09:31:10.000000000,100004,160,99997,160,100006,160,99968,160,100016,160,99966,160,100019,160,99961,160,100020,160,99960,160,100021,100,99957,100,100029,200,99950,100,100030,100,99945,100,100040,100,99943,100,100059,100,99938,100
2019-06-28 09:31:12.222931278,100004,160,99997,60,100006,160,99968,160,100016,160,99966,160,100019,160,99961,160,100020,60,99960,160,100021,100,99957,100,100029,200,99950,100,100030,100,99945,100,100040,100,99943,100,100059,100,99938,100
2019-06-28 09:31:20.000000000,100004,174,99968,174,100006,174,99966,174,100016,174,99961,174,100019,174,99960,174,100021,100,99957,100,100029,200,99950,100,100030,100,99945,100,100040,100,99943,100,100059,100,99938,100,100063,100,99934,100
2019-06-28 09:31:30.000000000,100004,160,99968,160,100006,160,99966,160,100016,160,99961,160,100019,160,99960,160,100021,160,99957,160,100029,200,99950,100,100030,100,99945,100,100040,100,99943,100,100059,100,99938,100,100063,100,99934,100
2019-06-28 09:31:40.000000000,100004,249,99968,249,100006,249,99966,249,100016,100,99961,100,100019,100,99960,100,100021,100,99957,100,100029,200,99950,100,100030,100,99945,100,100040,100,99943,100,100059,100,99938,100,100063,100,99934,100
2019-06-28 09:31:50.000000000,100004,249,99968,249,100006,249,99966,249,100016,100,99961,100,100019,100,99960,100,100021,100,99957,100,100029,200,99950,100,100030,100,99945,100,100040,100,99943,100,100059,100,99938,100,100063,100,99934,100
2019-06-28 09:32:00.000000000,100004,249,99968,249,100006,249,99966,249,100016,100,99961,100,100019,100,99960,100,100021,100,99957,100,100029,200,99950,100,100030,100,99945,100,100040,100,99943,100,100059,100,99938,100,100063,100,99934,100
2019-06-28 09:32:07.533295780,100004,149,99968,249,100006,249,99966,249,100016,100,99961,100,100019,100,99960,100,100021,100,99957,100,100029,200,99950,100,100030,100,99945,100,100040,100,99943,100,100059,100,99938,100,100063,100,99934,100
2019-06-28 09:32:10.000000000,100006,249,99968,249,100016,249,99966,249,100019,100,99961,100,100021,100,99960,100,100029,200,99957,100,100030,100,99950,100,100040,100,99945,100,100059,100,99943,100,100063,100,99938,100,100078,100,99934,100
2019-06-28 09:32:14.547452246,100006,249,99968,249,100016,249,99966,249,100019,100,99961,100,100021,100,99960,100,100029,200,99957,100,100030,100,99950,100,100040,100,99945,100,100056,100,99943,100,100059,100,99938,100,100063,100,99934,100
2019-06-28 09:32:16.765497498,100006,149,99968,249,100016,249,99966,249,100019,100,99961,100,100021,100,99960,100,100029,200,99957,100,100030,100,99950,100,100040,100,99945,100,100056,100,99943,100,100059,100,99938,100,100063,100,99934,100
2019-06-28 09:32:17.773643200,100006,49,99968,249,100016,249,99966,249,100019,100,99961,100,100021,100,99960,100,100029,200,99957,100,100030,100,99950,100,100040,100,99945,100,100056,100,99943,100,100059,100,99938,100,100063,100,99934,100
2019-06-28 09:32:20.000000000,100016,398,99968,398,100019,100,99966,100,100021,100,99961,100,100029,200,99960,100,100030,100,99957,100,100040,100,99950,100,100056,100,99945,100,100059,100,99943,100,100063,100,99938,100,100078,100,99934,100
2019-06-28 09:32:30.000000000,100016,249,99968,249,100019,249,99966,249,100021,100,99961,100,100029,200,99960,100,100030,100,99957,100,100040,100,99950,100,100056,100,99945,100,100059,100,99943,100,100063,100,99938,100,100078,100,99934,100
2019-06-28 09:32:31.780040069,100016,249,99968,249,100019,249,99966,249,100021,100,99961,100,100029,200,99960,100,100030,100,99957,100,100040,100,99950,100,100056,100,99945,100,100059,100,99943,100,100063,100,99938,100,100078,100,99934,100
2019-06-28 09:32:40.000000000,100016,160,99968,160,100019,160,99966,160,100021,160,99961,160,100029,260,99960,160,100030,160,99957,160,100040,100,99950,100,100056,100,99945,100,100059,100,99943,100,100063,100,99938,100,100078,100,99934,100
2019-06-28 09:32:50.000000000,100016,398,99968,398,100019,100,99966,100,100021,100,99961,100,100029,200,99960,100,100030,100,99957,100,100040,100,99950,100,100056,100,99945,100,100059,100,99943,100,100063,100,99938,100,100078,100,99934,100
2019-06-28 09:33:00.000000000,100016,398,99968,398,100019,100,99966,100,100021,100,99961,100,100029,200,99960,100,100030,100,99957,100,100040,100,99950,100,100056,100,99945,100,100059,100,99943,100,100063,100,99938,100,100078,100,99934,100
2019-06-28 09:33:10.000000000,100016,398,99968,398,100019,100,99966,100,100021,100,99961,100,100029,200,99960,100,100030,100,99957,100,100040,100,99950,100,100056,100,99945,100,100059,100,99943,100,100063,100,99938,100,100078,100,99934,100
2019-06-28 09:33:17.051331255,100016,398,99968,398,100019,100,99966,100,100021,100,99961,100,100029,200,99960,100,100030,100,99957,100,100040,100,99945,100,100056,100,99943,100,100059,100,99938,100,100063,100,99934,100,100078,100,99930,100
2019-06-28 09:33:20.000000000,100016,398,99968,398,100019,100,99966,100,100021,100,99961,100,100029,200,99960,100,100030,100,99957,100,100040,100,99945,100,100056,100,99943,100,100059,100,99938,100,100063,100,99934,100,100078,100,99930,100
2019-06-28 09:33:30.000000000,100016,201,99968,201,100019,198,99966,198,100021,198,99961,198,100029,200,99960,100,100030,100,99957,100,100040,100,99945,100,100056,100,99943,100,100059,100,99938,100,100063,100,99934,100,100078,100,99930,100
2019-06-28 09:33:30.986692906,100016,101,99968,201,100019,198,99966,198,100021,198,99961,198,100029,200,99960,100,100030,100,99957,100,100040,100,99945,100,100056,100,99943,100,100059,100,99938,100,100063,100,99934,100,100078,100,99930,100
2019-06-28 09:33:40.000000000,100019,249,99968,249,100021,249,99966,249,100029,200,99961,100,100030,100,99960,100,100040,100,99957,100,100056,100,99945,100,100059,100,99943,100,100063,100,99938,100,100078,100,99934,100,100085,100,99930,100
2019-06-28 09:33:49.772820973,100019,149,99968,249,100021,249,99966,249,100029,200,99961,100,100030,100,99960,100,100040,100,99945,100,100056,100,99943,100,100059,100,99938,100,100063,100,99934,100,100078,100,99930,100,100085,100,99901,100
2019-06-28 09:33:50.000000000,100021,160,99968,160,100029,260,99966,160,100030,160,99961,160,100040,160,99960,160,100056,160,99945,160,100059,100,99943,100,100063,100,99938,100,100078,100,99934,100,100085,100,99930,100,100102,100,99901,100
2019-06-28 09:33:51.893590665,100021,160,99968,160,100029,260,99966,160,100030,160,99961,160,100040,160,99960,160,100056,160,99945,160,100059,100,99943,100,100063,100,99938,100,100078,100,99934,100,100085,100,99930,100,100102,100,99901,100
2019-06-28 09:33:55.807155716,100021,60,99968,160,100029,260,99966,160,100030,160,99961,160,100040,160,99960,160,100056,160,99945,160,100059,100,99943,100,100063,100,99938,100,100078,100,99930,100,100085,100,99901,100,100102,100,99899,100
2019-06-28 09:34:00.000000000,100029,349,99968,249,100030,249,99966,249,100040,100,99961,100,100056,100,99960,100,100059,100,99945,100,100063,100,99943,100,100078,100,99938,100,100085,100,99930,100,100102,100,99901,100,100111,100,99899,100
2019-06-28 09:34:02.559588440,100029,249,99968,249,100030,249,99966,249,100040,100,99961,100,100056,100,99960,100,100059,100,99945,100,100063,100,99943,100,100078,100,99938,100,100085,100,99930,100,100102,100,99901,100,100111,100,99899,100
2019-06-28 09:34:10.000000000,100029,160,99968,160,100030,160,99966,160,100040,160,99961,160,100056,160,99960,160,100059,160,99945,160,100063,100,99943,100,100078,100,99938,100,100085,100,99930,100,100102,100,99901,100,100111,100,99899,100
2019-06-28 09:34:20.000000000,100029,160,99968,160,100030,160,99966,160,100040,160,99961,160,100056,160,99960,160,100059,160,99945,160,100063,100,99943,100,100078,100,99938,100,100085,100,99930,100,100102,100,99901,100,100111,100,99899,100
2019-06-28 09:34:27.321469474,100029,160,99968,160,100030,160,99966,160,100040,160,99961,160,100056,160,99960,160,100059,160,99945,160,100063,100,99943,100,100078,100,99938,100,100085,100,99930,100,100102,100,99901,100,100111,100,99899,100
2019-06-28 09:34:30.000000000,100029,201,99968,201,100030,198,99966,198,100040,198,99961,198,100056,100,99960,100,100059,100,99945,100,100063,100,99943,100,100078,100,99938,100,100085,100,99930,100,100102,100,99901,100,100111,100,99899,100
2019-06-28 09:34:40.000000000,100029,398,99968,398,100030,100,99966,100,100040,100,99961,100,100056,100,99960,100,100059,100,99945,100,100063,100,99943,100,100078,100,99938,100,100085,100,99930,100,100102,100,99901,100,100111,100,99899,100
2019-06-28 09:34:50.000000000,100029,201,99968,201,100030,198,99966,198,100040,198,99961,198,100056,100,99960,100,100059,100,99945,100,100063,100,99943,100,100078,100,99938,100,100085,100,99930,100,100102,100,99901,100,100111,100,99899,100
2019-06-28 09:34:59.387302061,100029,201,99968,201,100030,198,99966,198,100040,198,99961,198,100056,100,99960,100,100059,100,99945,100,100063,100,99943,100,100078,100,99938,100,100085,100,99930,100,100102,100,99901,100,100111,100,99899,100
2019-06-28 09:35:00.000000000,100029,160,99968,160,100030,160,99966,160,100040,160,99961,160,100056,160,99960,160,100059,160,99945,160,100063,100,99943,100,100078,100,99938,100,100085,100,99930,100,100102,100,99901,100,100111,100,99899,100
2019-06-28 09:35:07.718841890,100029,160,100021,100,100030,160,99968,160,100040,160,99966,160,100056,160,99961,160,100059,160,99960,160,100063,100,99945,160,100078,100,99943,100,100085,100,99938,100,100102,100,99930,100,100111,100,99901,100
2019-06-28 09:35:10.000000000,100029,201,100021,201,100030,198,99968,198,100040,198,99966,198,100056,100,99961,100,100059,100,99960,100,100063,100,99945,100,100078,100,99943,100,100085,100,99938,100,100102,100,99930,100,100111,100,99901,100
2019-06-28 09:35:17.167075449,100029,201,100021,201,100030,198,99968,198,100040,198,99966,198,100056,100,99961,100,100059,100,99960,100,100063,100,99945,100,100078,100,99943,100,100085,100,99938,100,100102,100,99930,100,100111,100,99899,100
2019-06-28 09:35:20.000000000,100029,398,100021,398,100030,100,99968,100,100040,100,99966,100,100056,100,99961,100,100059,100,99960,100,100063,100,99945,100,100078,100,99943,100,100085,100,99938,100,100102,100,99930,100,100111,100,99899,100
2019-06-28 09:35:30.000000000,100029,249,100021,249,100030,249,99968,249,100040,100,99966,100,100056,100,99961,100,100059,100,99960,100,100063,100,99945,100,100078,100,99943,100,100085,100,99938,100,100102,100,99930,100,100111,100,99899,100
2019-06-28 09:35:40.000000000,100029,174,100021,174,100030,174,99968,174,100040,174,99966,174,100056,174,99961,174,100059,100,99960,100,100063,100,99945,100,100078,100,99943,100,100085,100,99938,100,100102,100,99930,100,100111,100,99899,100
2019-06-28 09:35:46.835095182,100029,74,100021,174,100030,174,99968,174,100040,174,99966,174,100056,174,99961,174,100059,100,99960,100,100063,100,99945,100,100078,100,99943,100,100085,100,99938,100,100102,100,99930,100,100111,100,99899,100
2019-06-28 09:35:50.000000000,100030,249,100021,249,100040,249,99968,249,100056,100,99966,100,100059,100,99961,100,100063,100,99960,100,100078,100,99945,100,100085,100,99943,100,100102,100,99938,100,100111,100,99930,100,100123,100,99899,100
2019-06-28 09:36:00.000000000,100030,160,100021,160,100040,160,99968,160,100056,160,99966,160,100059,160,99961,160,100063,160,99960,160,100078,100,99945,100,100085,100,99943,100,100102,100,99938,100,100111,100,99930,100,100123,100,99899,100
2019-06-28 09:36:07.539546722,100030,60,100021,160,100040,160,99968,160,100056,160,99966,160,100059,160,99961,160,100063,160,99960,160,100078,100,99945,100,100085,100,99943,100,100102,100,99938,100,100111,100,99930,100,100123,100,99899,100
2019-06-28 09:36:10.000000000,100040,201,100021,201,100056,198,99968,198,100059,198,99966,198,100063,100,99961,100,100078,100,99960,100,100085,100,99945,100,100102,100,99943,100,100111,100,99938,100,100123,100,99930,100,100138,100,99899,100
2019-06-28 09:36:16.925187569,100028,100,100021,201,100040,201,99968,198,100056,198,99966,198,100059,198,99961,100,100063,100,99960,100,100078,100,99945,100,100085,100,99943,100,100102,100,99938,100,100111,100,99930,100,100123,100,99899,100
2019-06-28 09:36:20.000000000,100028,249,100021,249,100040,249,99968,249,100056,100,99966,100,100059,100,99961,100,100063,100,99960,100,100078,100,99945,100,100085,100,99943,100,100102,100,99938,100,100111,100,99930,100,100123,100,99899,100
2019-06-28 09:36:23.391740353,100028,349,100021,249,100040,249,99968,249,100056,100,99966,100,100059,100,99961,100,100063,100,99960,100,100078,100,99945,100,100085,100,99943,100,100102,100,99938,100,100111,100,99930,100,100123,100,99899,100
2019-06-28 09:36:30.000000000,100028,260,100021,160,100040,160,99968,160,100056,160,99966,160,100059,160,99961,160,100063,160,99960,160,100078,100,99945,100,100085,100,99943,100,100102,100,99938,100,100111,100,99930,100,100123,100,99899,100
2019-06-28 09:36:39.234909102,100028,260,100021,160,100040,160,99968,160,100056,160,99966,160,100059,160,99961,160,100063,160,99960,160,100078,100,99945,100,100085,100,99943,100,100102,100,99938,100,100111,100,99930,100,100123,100,99899,100
2019-06-28 09:36:40.000000000,100028,260,100021,160,100040,160,99968,160,100056,160,99966,160,100059,160,99961,160,100063,160,99960,160,100078,100,99945,100,100085,100,99943,100,100102,100,99938,100,100111,100,99930,100,100123,100,99899,100
2019-06-28 09:36:41.370272386,100028,360,100021,160,100040,160,99968,160,100056,160,99966,160,100059,160,99961,160,100063,160,99960,160,100078,100,99945,100,100085,100,99943,100,100102,100,99938,100,100111,100,99930,100,100123,100,99899,100
2019-06-28 09:36:50.000000000,100028,374,100021,174,100040,174,99968,174,100056,174,99966,174,100059,174,99961,174,100063,100,99960,100,100078,100,99945,100,100085,100,99943,100,100102,100,99938,100,100111,100,99930,100,100123,100,99899,100
2019-06-28 09:36:54.781323771,100028,374,100021,174,100040,174,99968,174,100056,174,99966,174,100059,174,99961,174,100061,100,99960,100,100063,100,99945,100,100078,100,99943,100,100085,100,99938,100,100102,100,99930,100,100111,100,99899,100
2019-06-28 09:36:54.971443911,100028,374,100021,174,100040,174,100014,100,100056,174,99968,174,100059,174,99966,174,100061,100,99961,174,100063,100,99960,100,100078,100,99945,100,100085,100,99943,100,100102,100,99938,100,100111,100,99930,100
2019-06-28 09:36:59.215394188,100028,374,100021,174,100040,174,100014,100,100056,174,99968,174,100059,174,99966,174,100061,100,99961,174,100063,100,99960,100,100078,100,99945,100,100085,100,99943,100,100102,100,99938,100,100111,100,99930,100
2019-06-28 09:36:59.784561136,100028,374,100021,174,100040,174,100014,100,100056,174,99968,174,100059,174,99966,174,100061,100,99961,174,100063,100,99960,100,100078,100,99945,100,100085,100,99943,100,100102,100,99938,100,100111,100,99930,100
2019-06-28 09:37:00.000000000,100028,374,100021,174,100040,174,100014,174,100056,174,99968,174,100059,174,99966,174,100061,100,99961,100,100063,100,99960,100,100078,100,99945,100,100085,100,99943,100,100102,100,99938,100,100111,100,99930,100
2019-06-28 09:37:10.000000000,100028,401,100021,201,100040,198,100014,198,100056,198,99968,198,100059,100,99966,100,100061,100,99961,100,100063,100,99960,100,100078,100,99945,100,100085,100,99943,100,100102,100,99938,100,100111,100,99930,100
2019-06-28 09:37:20.000000000,100028,598,100021,398,100040,100,100014,100,100056,100,99968,100,100059,100,99966,100,100061,100,99961,100,100063,100,99960,100,100078,100,99945,100,100085,100,99943,100,100102,100,99938,100,100111,100,99930,100
2019-06-28 09:37:30.000000000,100028,401,100021,201,100040,198,100014,198,100056,198,99968,198,100059,100,99966,100,100061,100,99961,100,100063,100,99960,100,100078,100,99945,100,100085,100,99943,100,100102,100,99938,100,100111,100,99930,100
2019-06-28 09:37:39.873061403,100028,401,100021,201,100040,198,100014,198,100056,198,99968,198,100059,100,99966,100,100061,100,99961,100,100063,100,99960,100,100078,100,99945,100,100085,100,99944,100,100102,100,99943,100,100111,100,99938,100
2019-06-28 09:37:40.000000000,100028,449,100021,249,100040,249,100014,249,100056,100,99968,100,100059,100,99966,100,100061,100,99961,100,100063,100,99960,100,100078,100,99945,100,100085,100,99944,100,100102,100,99943,100,100111,100,99938,100
2019-06-28 09:37:50.000000000,100028,449,100021,249,100040,249,100014,249,100056,100,99968,100,100059,100,99966,100,100061,100,99961,100,100063,100,99960,100,100078,100,99945,100,100085,100,99944,100,100102,100,99943,100,100111,100,99938,100
2019-06-28 09:37:53.533415440,100028,449,100021,149,100040,249,100014,249,100056,100,99968,100,100059,100,99966,100,100061,100,99961,100,100063,100,99960,100,100078,100,99945,100,100085,100,99944,100,100102,100,99943,100,100111,100,99938,100
2019-06-28 09:38:00.000000000,100028,374,100014,174,100040,174,99968,174,100056,174,99966,174,100059,174,99961,174,100061,100,99960,100,100063,100,99945,100,100078,100,99944,100,100085,100,99943,100,100102,100,99938,100,100111,100,99930,100
2019-06-28 09:38:00.822012443,100028,374,100014,174,100040,174,99968,174,100056,174,99966,174,100059,174,99961,174,100061,100,99960,100,100063,100,99945,100,100078,100,99944,100,100085,100,99943,100,100102,100,99938,100,100111,100,99930,100
2019-06-28 09:38:01.098455182,100028,374,100014,74,100040,174,99968,174,100056,174,99966,174,100059,174,99961,174,100061,100,99960,100,100063,100,99945,100,100078,100,99944,100,100085,100,99943,100,100102,100,99938,100,100111,100,99930,100
2019-06-28 09:38:10.000000000,100028,374,99968,174,100040,174,99966,174,100056,174,99961,174,100059,174,99960,174,100061,100,99945,100,100063,100,99944,100,100078,100,99943,100,100085,100,99938,100,100102,100,99930,100,100111,100,99899,100
2019-06-28 09:38:12.552493711,100028,374,99968,74,100040,174,99966,174,100056,174,99961,174,100059,174,99960,174,100061,100,99945,100,100063,100,99944,100,100078,100,99943,100,100085,100,99938,100,100102,100,99930,100,100111,100,99899,100
2019-06-28 09:38:16.236537523,99968,26,99966,174,100028,374,99961,174,100040,174,99960,174,100056,174,99945,100,100059,74,99944,100,100061,100,99943,100,100063,100,99938,100,100078,100,99930,100,100085,100,99899,100,100102,100,99896,100
2019-06-28 09:38:20.000000000,99968,127,99966,201,100028,398,99961,198,100040,198,99960,198,100056,100,99945,100,100061,100,99944,100,100063,100,99943,100,100078,100,99938,100,100085,100,99930,100,100102,100,99899,100,100111,100,99896,100
2019-06-28 09:38:30.000000000,99968,86,99966,160,100028,360,99961,160,100040,160,99960,160,100056,160,99945,160,100061,160,99944,160,100063,100,99943,100,100078,100,99938,100,100085,100,99930,100,100102,100,99899,100,100111,100,99896,100
2019-06-28 09:38:40.000000000,99968,175,99966,249,100028,449,99961,249,100040,100,99960,100,100056,100,99945,100,100061,100,99944,100,100063,100,99943,100,100078,100,99938,100,100085,100,99930,100,100102,100,99899,100,100111,100,99896,100
2019-06-28 09:38:42.019074567,99968,175,99966,249,100028,449,99961,249,100040,100,99960,100,100056,100,99945,100,100061,100,99944,100,100063,100,99943,100,100078,100,99938,100,100085,100,99930,100,100102,100,99899,100,100111,100,99896,100
2019-06-28 09:38:44.259873264,99968,175,99966,249,100028,449,99961,249,100040,100,99960,100,100056,100,99945,100,100061,100,99944,100,100063,100,99943,100,100078,100,99938,100,100085,100,99930,100,100102,100,99899,100,100111,100,99896,100
2019-06-28 09:38:50.000000000,99968,86,99966,160,100028,360,99961,160,100040,160,99960,160,100056,160,99945,160,100061,160,99944,160,100063,100,99943,100,100078,100,99938,100,100085,100,99930,100,100102,100,99899,100,100111,100,99896,100
2019-06-28 09:39:00.000000000,99968,324,99966,398,100028,300,99961,100,100040,100,99960,100,100056,100,99945,100,100061,100,99944,100,100063,100,99943,100,100078,100,99938,100,100085,100,99930,100,100102,100,99899,100,100111,100,99896,100
2019-06-28 09:39:10.000000000,99968,127,99966,201,100028,398,99961,198,100040,198,99960,198,100056,100,99945,100,100061,100,99944,100,100063,100,99943,100,100078,100,99938,100,100085,100,99930,100,100102,100,99899,100,100111,100,99896,100
2019-06-28 09:39:12.883004236,99968,127,99966,201,100028,398,99961,198,100040,198,99960,198,100056,100,99945,100,100061,100,99944,100,100063,100,99943,100,100078,100,99938,100,100085,100,99930,100,100102,100,99899,100,100111,100,99896,100
2019-06-28 09:39:20.000000000,99968,324,99966,398,100028,300,99961,100,100040,100,99960,100,100056,100,99945,100,100061,100,99944,100,100063,100,99943,100,100078,100,99938,100,100085,100,99930,100,100102,100,99899,100,100111,100,99896,100
2019-06-28 09:39:30.000000000,99968,100,99966,174,100028,374,99961,174,100040,174,99960,174,100056,174,99945,174,100061,100,99944,100,100063,100,99943,100,100078,100,99938,100,100085,100,99930,100,100102,100,99899,100,100111,100,99896,100
2019-06-28 09:39:31.880170471,100028,374,99966,174,100040,174,99961,174,100056,174,99960,174,100061,100,99945,174,100063,100,99944,100,100078,100,99943,100,100085,100,99938,100,100102,100,99930,100,100111,100,99899,100,100123,100,99896,100
2019-06-28 09:39:40.000000000,100028,360,99966,160,100040,160,99961,160,100056,160,99960,160,100061,160,99945,160,100063,160,99944,160,100078,100,99943,100,100085,100,99938,100,100102,100,99930,100,100111,100,99899,100,100123,100,99896,100
2019-06-28 09:39:50.000000000,100028,598,99966,398,100040,100,99961,100,100056,100,99960,100,100061,100,99945,100,100063,100,99944,100,100078,100,99943,100,100085,100,99938,100,100102,100,99930,100,100111,100,99899,100,100123,100,99896,100
2019-06-28 09:40:00.000000000,100028,401,99966,201,100040,198,99961,198,100056,198,99960,198,100061,100,99945,100,100063,100,99944,100,100078,100,99943,100,100085,100,99938,100,100102,100,99930,100,100111,100,99899,100,100123,100,99896,100
2019-06-28 09:40:05.163084904,100028,401,99966,201,100040,198,99961,198,100056,198,99960,198,100061,100,99945,100,100063,100,99944,100,100078,100,99943,100,100085,100,99938,100,100102,100,99930,100,100111,100,99899,100,100142,100,99896,100
2019-06-28 09:40:10.000000000,100028,374,99966,174,100040,174,99961,174,100056,174,99960,174,100061,174,99945,174,100063,100,99944,100,100078,100,99943,100,100085,100,99938,100,100102,100,99930,100,100111,100,99899,100,100142,100,99896,100
2019-06-28 09:40:20.000000000,100028,598,99966,398,100040,100,99961,100,100056,100,99960,100,100061,100,99945,100,100063,100,99944,100,100078,100,99943,100,100085,100,99938,100,100102,100,99930,100,100111,100,99899,100,100142,100,99896,100
2019-06-28 09:40:30.000000000,100028,360,99966,160,100040,160,99961,160,100056,160,99960,160,100061,160,99945,160,100063,160,99944,160,100078,100,99943,100,100085,100,99938,100,100102,100,99930,100,100111,100,99899,100,100142,100,99896,100
2019-06-28 09:40:36.258481027,100028,360,99966,160,100040,160,99961,160,100056,160,99960,160,100061,160,99945,160,100063,160,99944,160,100078,100,99943,100,100085,100,99938,100,100102,100,99930,100,100111,100,99899,100,100142,100,99896,100
2019-06-28 09:40:40.000000000,100028,401,99966,201,100040,198,99961,198,100056,198,99960,198,100061,100,99945,100,100063,100,99944,100,100078,100,99943,100,100085,100,99938,100,100102,100,99930,100,100111,100,99899,100,100142,100,99896,100
2019-06-28 09:40:45.944028262,100028,301,99966,201,100040,198,99961,198,100056,198,99960,198,100061,100,99945,100,100063,100,99944,100,100078,100,99943,100,100085,100,99938,100,100102,100,99930,100,100111,100,99899,100,100142,100,99896,100
2019-06-28 09:40:50.000000000,100028,301,99966,201,100040,198,99961,198,100056,198,99960,198,100061,100,99945,100,100063,100,99944,100,100078,100,99943,100,100085,100,99938,100,100102,100,99930,100,100111,100,99899,100,100142,100,99896,100
2019-06-28 09:41:00.000000000,100028,498,99966,398,100040,100,99961,100,100056,100,99960,100,100061,100,99945,100,100063,100,99944,100,100078,100,99943,100,100085,100,99938,100,100102,100,99930,100,100111,100,99899,100,100142,100,99896,100
2019-06-28 09:41:10.000000000,100028,349,99966,249,100040,249,99961,249,100056,100,99960,100,100061,100,99945,100,100063,100,99944,100,100078,100,99943,100,100085,100,99938,100,100102,100,99930,100,100111,100,99899,100,100142,100,99896,100
2019-06-28 09:41:20.000000000,100028,349,99966,249,100040,249,99961,249,100056,100,99960,100,100061,100,99945,100,100063,100,99944,100,100078,100,99943,100,100085,100,99938,100,100102,100,99930,100,100111,100,99899,100,100142,100,99896,100
2019-06-28 09:41:28.590638105,100028,349,99966,249,100040,249,99961,249,100056,100,99960,100,100063,100,99945,100,100078,100,99944,100,100085,100,99943,100,100102,100,99938,100,100111,100,99930,100,100142,100,99899,100,100145,100,99896,100
2019-06-28 09:41:30.000000000,100028,274,99966,174,100040,174,99961,174,100056,174,99960,174,100063,174,99945,174,100078,100,99944,100,100085,100,99943,100,100102,100,99938,100,100111,100,99930,100,100142,100,99899,100,100145,100,99896,100
2019-06-28 09:41:30.259735818,100028,274,99966,174,100040,174,99961,174,100056,174,99960,174,100063,174,99945,174,100078,100,99944,100,100085,100,99943,100,100102,100,99938,100,100111,100,99930,100,100142,100,99899,100,100145,100,99896,100
2019-06-28 09:41:40.000000000,100028,301,99966,201,100040,198,99961,198,100056,198,99960,198,100063,100,99945,100,100078,100,99944,100,100085,100,99943,100,100102,100,99938,100,100111,100,99930,100,100142,100,99899,100,100145,100,99896,100
2019-06-28 09:41:50.000000000,100028,260,99966,160,100040,160,99961,160,100056,160,99960,160,100063,160,99945,160,100078,160,99944,160,100085,100,99943,100,100102,100,99938,100,100111,100,99930,100,100142,100,99899,100,100145,100,99896,100
2019-06-28 09:42:00.000000000,100028,260,99966,160,100040,160,99961,160,100056,160,99960,160,100063,160,99945,160,100078,160,99944,160,100085,100,99943,100,100102,100,99938,100,100111,100,99930,100,100142,100,99899,100,100145,100,99896,100
2019-06-28 09:42:10.000000000,100028,301,99966,201,100040,198,99961,198,100056,198,99960,198,100063,100,99945,100,100078,100,99944,100,100085,100,99943,100,100102,100,99938,100,100111,100,99930,100,100142,100,99899,100,100145,100,99896,100
2019-06-28 09:42:13.000868990,100028,301,99966,201,100040,198,99961,198,100056,198,99960,198,100063,100,99945,100,100078,100,99944,100,100085,100,99943,100,100102,100,99938,100,100111,100,99930,100,100142,100,99899,100,100145,100,99896,100
2019-06-28 09:42:20.000000000,100028,274,99966,174,100040,174,99961,174,100056,174,99960,174,100063,174,99945,174,100078,100,99944,100,100085,100,99943,100,100102,100,99938,100,100111,100,99930,100,100142,100,99899,100,100145,100,99896,100
2019-06-28 09:42:26.426385406,100028,274,99966,174,100040,174,99961,174,100056,174,99960,174,100063,174,99945,174,100085,100,99944,100,100102,100,99943,100,100111,100,99938,100,100142,100,99930,100,100145,100,99899,100,100403,100,99896,100
2019-06-28 09:42:27.820056542,100028,274,99966,174,100040,174,99961,174,100056,174,99960,174,100063,174,99945,174,100085,100,99944,100,100102,100,99943,100,100111,100,99938,100,100142,100,99930,100,100145,100,99896,100,100403,100,99895,100
2019-06-28 09:42:30.000000000,100028,260,99966,160,100040,160,99961,160,100056,160,99960,160,100063,160,99945,160,100085,160,99944,160,100102,100,99943,100,100111,100,99938,100,100142,100,99930,100,100145,100,99896,100,100403,100,99895,100
2019-06-28 09:42:40.000000000,100028,349,99966,249,100040,249,99961,249,100056,100,99960,100,100063,100,99945,100,100085,100,99944,100,100102,100,99943,100,100111,100,99938,100,100142,100,99930,100,100145,100,99896,100,100403,100,99895,100
2019-06-28 09:42:50.000000000,100028,349,99966,249,100040,249,99961,249,100056,100,99960,100,100063,100,99945,100,100085,100,99944,100,100102,100,99943,100,100111,100,99938,100,100142,100,99930,100,100145,100,99896,100,100403,100,99895,100
2019-06-28 09:42:51.651190065,100028,249,99966,249,100040,249,99961,249,100056,100,99960,100,100063,100,99945,100,100085,100,99944,100,100102,100,99943,100,100111,100,99938,100,100142,100,99930,100,100145,100,99896,100,100403,100,99895,100
2019-06-28 09:42:59.650046019,100028,149,99966,249,100040,249,99961,249,100056,100,99960,100,100063,100,99945,100,100085,100,99944,100,100102,100,99943,100,100111,100,99938,100,100142,100,99930,100,100145,100,99896,100,100403,100,99895,100
2019-06-28 09:43:00.000000000,100040,201,99966,201,100056,198,99961,198,100063,198,99960,198,100085,100,99945,100,100102,100,99944,100,100111,100,99943,100,100142,100,99938,100,100145,100,99930,100,100403,100,99896,100,100409,100,99895,100
2019-06-28 09:43:07.060876651,100040,201,99966,201,100056,198,99961,198,100063,198,99960,198,100085,100,99945,100,100102,100,99944,100,100111,100,99943,100,100142,100,99938,100,100145,100,99930,100,100403,100,99896,100,100409,100,99895,100
2019-06-28 09:43:10.000000000,100040,398,99966,398,100056,100,99961,100,100063,100,99960,100,100085,100,99945,100,100102,100,99944,100,100111,100,99943,100,100142,100,99938,100,100145,100,99930,100,100403,100,99896,100,100409,100,99895,100
2019-06-28 09:43:20.000000000,100040,174,99966,174,100056,174,99961,174,100063,174,99960,174,100085,174,99945,174,100102,100,99944,100,100111,100,99943,100,100142,100,99938,100,100145,100,99930,100,100403,100,99896,100,100409,100,99895,100
2019-06-28 09:43:30.000000000,100040,398,99966,398,100056,100,99961,100,100063,100,99960,100,100085,100,99945,100,100102,100,99944,100,100111,100,99943,100,100142,100,99938,100,100145,100,99930,100,100403,100,99896,100,100409,100,99895,100
2019-06-28 09:43:40.000000000,100040,160,99966,160,100056,160,99961,160,100063,160,99960,160,100085,160,99945,160,100102,160,99944,160,100111,100,99943,100,100142,100,99938,100,100145,100,99930,100,100403,100,99896,100,100409,100,99895,100
2019-06-28 09:43:50.000000000,100040,249,99966,249,100056,249,99961,249,100063,100,99960,100,100085,100,99945,100,100102,100,99944,100,100111,100,99943,100,100142,100,99938,100,100145,100,99930,100,100403,100,99896,100,100409,100,99895,100
2019-06-28 09:43:52.828821918,100040,249,99966,249,100056,249,99961,249,100063,100,99960,100,100085,100,99945,100,100102,100,99944,100,100111,100,99943,100,100142,100,99938,100,100145,100,99930,100,100403,100,99896,100,100409,100,99895,100
2019-06-28 09:43:53.905709432,100040,149,99966,249,100056,249,99961,249,100063,100,99960,100,100085,100,99944,100,100102,100,99943,100,100111,100,99938,100,100142,100,99930,100,100145,100,99896,100,100403,100,99895,100,100409,100,99894,100
2019-06-28 09:44:00.000000000,100056,174,99966,174,100063,174,99961,174,100085,174,99960,174,100102,174,99944,174,100111,100,99943,100,100142,100,99938,100,100145,100,99930,100,100403,100,99896,100,100409,100,99895,100,100427,100,99894,100
2019-06-28 09:44:10.000000000,100056,249,99966,249,100063,249,99961,249,100085,100,99960,100,100102,100,99944,100,100111,100,99943,100,100142,100,99938,100,100145,100,99930,100,100403,100,99896,100,100409,100,99895,100,100427,100,99894,100
2019-06-28 09:44:10.038738958,100056,149,99966,249,100063,249,99961,249,100085,100,99960,100,100102,100,99944,100,100111,100,99943,100,100142,100,99938,100,100145,100,99896,100,100403,100,99895,100,100409,100,99894,100,100427,100,99890,100
2019-06-28 09:44:20.000000000,100063,174,99966,174,100085,174,99961,174,100102,174,99960,174,100111,174,99944,174,100142,100,99943,100,100145,100,99938,100,100403,100,99896,100,100409,100,99895,100,100427,100,99894,100,100473,100,99890,100
2019-06-28 09:44:23.586690502,100063,74,99966,174,100085,174,99961,174,100102,174,99960,174,100111,174,99944,174,100142,100,99943,100,100145,100,99938,100,100403,100,99896,100,100409,100,99895,100,100427,100,99894,100,100473,100,99890,100
2019-06-28 09:44:30.000000000,100085,174,99966,174,100102,174,99961,174,100111,174,99960,174,100142,174,99944,174,100145,100,99943,100,100403,100,99938,100,100409,100,99896,100,100427,100,99895,100,100473,100,99894,100,100814,100,99890,100
2019-06-28 09:44:31.310426473,100085,74,99966,174,100102,174,99961,174,100111,174,99960,174,100142,174,99944,174,100145,100,99938,100,100403,100,99896,100,100409,100,99895,100,100427,100,99894,100,100473,100,99890,100,100814,100,99872,100
2019-06-28 09:44:40.000000000,100102,249,99966,249,100111,249,99961,249,100142,100,99960,100,100145,100,99944,100,100403,100,99938,100,100409,100,99896,100,100427,100,99895,100,100473,100,99894,100,100814,100,99890,100,100855,100,99872,100
2019-06-28 09:44:50.000000000,100102,398,99966,398,100111,100,99961,100,100142,100,99960,100,100145,100,99944,100,100403,100,99938,100,100409,100,99896,100,100427,100,99895,100,100473,100,99894,100,100814,100,99890,100,100855,100,99872,100
2019-06-28 09:45:00.000000000,100102,201,99966,201,100111,198,99961,198,100142,198,99960,198,100145,100,99944,100,100403,100,99938,100,100409,100,99896,100,100427,100,99895,100,100473,100,99894,100,100814,100,99890,100,100855,100,99872,100
2019-06-28 09:45:03.670952864,100102,101,99966,201,100111,198,99961,198,100142,198,99960,198,100145,100,99944,100,100403,100,99938,100,100409,100,99896,100,100427,100,99895,100,100473,100,99894,100,100814,100,99890,100,100855,100,99872,100
2019-06-28 09:45:10.000000000,100111,160,99966,160,100142,160,99961,160,100145,160,99960,160,100403,160,99944,160,100409,160,99938,160,100427,100,99896,100,100473,100,99895,100,100814,100,99894,100,100855,100,99890,100,100879,100,99872,100
2019-06-28 09:45:20.000000000,100111,201,99966,201,100142,198,99961,198,100145,198,99960,198,100403,100,99944,100,100409,100,99938,100,100427,100,99896,100,100473,100,99895,100,100814,100,99894,100,100855,100,99890,100,100879,100,99872,100
2019-06-28 09:45:22.874584730,100111,101,99966,201,100142,198,99961,198,100145,198,99960,198,100403,100,99944,100,100409,100,99938,100,100427,100,99896,100,100473,100,99895,100,100814,100,99894,100,100855,100,99890,100,100879,100,99872,100
2019-06-28 09:45:29.848305495,100111,101,99966,201,100142,198,99961,198,100145,198,99960,198,100403,100,99938,100,100409,100,99896,100,100427,100,99895,100,100473,100,99894,100,100814,100,99890,100,100855,100,99872,100,100879,100,99840,100
2019-06-28 09:45:30.000000000,100142,174,99966,174,100145,174,99961,174,100403,174,99960,174,100409,174,99938,174,100427,100,99896,100,100473,100,99895,100,100814,100,99894,100,100855,100,99890,100,100879,100,99872,100,100968,100,99840,100
2019-06-28 09:45:30.341615798,100142,174,99966,174,100145,174,99961,174,100403,174,99960,174,100409,74,99938,174,100427,100,99896,100,100473,100,99895,100,100814,100,99894,100,100855,100,99890,100,100879,100,99872,100,100968,100,99840,100
2019-06-28 09:45:33.777773821,100142,74,99966,174,100145,174,99961,174,100403,174,99960,174,100409,74,99938,174,100427,100,99896,100,100473,100,99895,100,100814,100,99894,100,100855,100,99890,100,100879,100,99872,100,100968,100,99840,100
2019-06-28 09:45:40.000000000,100145,174,99966,174,100403,174,99961,174,100427,174,99960,174,100473,174,99938,174,100814,100,99896,100,100855,100,99895,100,100879,100,99894,100,100968,100,99890,100,100986,100,99872,100,101092,100,99840,100
2019-06-28 09:45:50.000000000,100145,174,99966,174,100403,174,99961,174,100427,174,99960,174,100473,174,99938,174,100814,100,99896,100,100855,100,99895,100,100879,100,99894,100,100968,100,99890,100,100986,100,99872,100,101092,100,99840,100
2019-06-28 09:46:00.000000000,100145,249,99966,249,100403,249,99961,249,100427,100,99960,100,100473,100,99938,100,100814,100,99896,100,100855,100,99895,100,100879,100,99894,100,100968,100,99890,100,100986,100,99872,100,101092,100,99840,100
2019-06-28 09:46:06.385109536,100145,149,99966,249,100403,249,99961,249,100427,100,99960,100,100473,100,99938,100,100814,100,99896,100,100855,100,99894,100,100879,100,99890,100,100968,100,99872,100,100986,100,99840,100,101092,100,99797,100
2019-06-28 09:46:10.000000000,100403,201,99966,201,100427,198,99961,198,100473,198,99960,198,100814,100,99938,100,100855,100,99896,100,100879,100,99894,100,100968,100,99890,100,100986,100,99872,100,101092,100,99840,100,101126,100,99797,100
2019-06-28 09:46:11.313328088,100403,101,99966,201,100427,198,99961,198,100473,198,99960,198,100814,100,99938,100,100855,100,99894,100,100879,100,99890,100,100968,100,99872,100,100986,100,99840,100,101092,100,99797,100,101126,100,99749,100
2019-06-28 09:46:14.341071628,100403,101,99966,201,100427,198,99961,198,100473,198,99960,198,100814,100,99938,100,100855,100,99894,100,100879,100,99890,100,100986,100,99872,100,101092,100,99840,100,101108,100,99797,100,101126,100,99749,100
2019-06-28 09:46:19.502723579,100403,101,99966,201,100427,198,99961,198,100473,198,99960,198,100814,100,99938,100,100855,100,99894,100,100986,100,99890,100,101092,100,99872,100,101108,100,99840,100,101126,100,99797,100,101211,100,99749,100
2019-06-28 09:46:19.985268633,100403,1,99966,201,100427,198,99961,198,100473,198,99960,198,100814,100,99938,100,100855,100,99894,100,100986,100,99890,100,101092,100,99872,100,101108,100,99840,100,101126,100,99797,100,101211,100,99749,100
2019-06-28 09:46:20.000000000,100427,160,99966,160,100473,160,99961,160,100814,160,99960,160,100855,160,99938,160,100986,160,99894,160,101092,100,99890,100,101108,100,99872,100,101126,100,99840,100,101211,100,99797,100,101265,100,99749,100
2019-06-28 09:46:30.000000000,100427,174,99966,174,100473,174,99961,174,100814,174,99960,174,100855,174,99938,174,100986,100,99894,100,101092,100,99890,100,101108,100,99872,100,101126,100,99840,100,101211,100,99797,100,101265,100,99749,100
2019-06-28 09:46:34.067725286,100427,174,99966,174,100473,174,99961,174,100814,174,99960,174,100855,174,99938,174,100986,100,99894,100,101083,100,99890,100,101092,100,99872,100,101108,100,99840,100,101126,100,99797,100,101211,100,99749,100
2019-06-28 09:46:40.000000000,100427,249,99966,249,100473,249,99961,249,100814,100,99960,100,100855,100,99938,100,100986,100,99894,100,101083,100,99890,100,101092,100,99872,100,101108,100,99840,100,101126,100,99797,100,101211,100,99749,100
2019-06-28 09:46:50.000000000,100427,201,99966,201,100473,198,99961,198,100814,198,99960,198,100855,100,99938,100,100986,100,99894,100,101083,100,99890,100,101092,100,99872,100,101108,100,99840,100,101126,100,99797,100,101211,100,99749,100
2019-06-28 09:46:51.758228091,100427,101,99966,201,100473,198,99961,198,100814,198,99960,198,100855,100,99938,100,100986,100,99894,100,101083,100,99890,100,101092,100,99872,100,101108,100,99840,100,101126,100,99797,100,101211,100,99749,100
2019-06-28 09:47:00.000000000,100473,160,99966,160,100814,160,99961,160,100855,160,99960,160,100986,160,99938,160,101083,160,99894,160,101092,100,99890,100,101108,100,99872,100,101126,100,99840,100,101211,100,99797,100,101265,100,99749,100
2019-06-28 09:47:02.777101977,100473,60,99966,160,100814,160,99961,160,100855,160,99960,160,100986,160,99938,160,101083,160,99894,160,101092,100,99890,100,101108,100,99872,100,101126,100,99840,100,101211,100,99797,100,101265,100,99749,100
2019-06-28 09:47:10.000000000,100814,201,99966,201,100855,198,99961,198,100986,198,99960,198,101083,100,99938,100,101092,100,99894,100,101108,100,99890,100,101126,100,99872,100,101211,100,99840,100,101265,100,99797,100,101352,100,99749,100
2019-06-28 09:47:11.649335129,100814,201,99966,201,100855,198,99961,198,100986,198,99960,198,101083,100,99938,100,101092,100,99894,100,101108,100,99890,100,101126,100,99872,100,101211,100,99840,100,101265,100,99797,100,101352,100,99749,100
2019-06-28 09:47:20.000000000,100814,174,99966,174,100855,174,99961,174,100986,174,99960,174,101083,174,99938,174,101092,100,99894,100,101108,100,99890,100,101126,100,99872,100,101211,100,99840,100,101265,100,99797,100,101352,100,99749,100
2019-06-28 09:47:30.000000000,100814,160,99966,160,100855,160,99961,160,100986,160,99960,160,101083,160,99938,160,101092,160,99894,160,101108,100,99890,100,101126,100,99872,100,101211,100,99840,100,101265,100,99797,100,101352,100,99749,100
2019-06-28 09:47:40.000000000,100814,398,99966,398,100855,100,99961,100,100986,100,99960,100,101083,100,99938,100,101092,100,99894,100,101108,100,99890,100,101126,100,99872,100,101211,100,99840,100,101265,100,99797,100,101352,100,99749,100
2019-06-28 09:47:50.000000000,100814,160,99966,160,100855,160,99961,160,100986,160,99960,160,101083,160,99938,160,101092,160,99894,160,101108,100,99890,100,101126,100,99872,100,101211,100,99840,100,101265,100,99797,100,101352,100,99749,100
2019-06-28 09:48:00.000000000,100814,174,99966,174,100855,174,99961,174,100986,174,99960,174,101083,174,99938,174,101092,100,99894,100,101108,100,99890,100,101126,100,99872,100,101211,100,99840,100,101265,100,99797,100,101352,100,99749,100
2019-06-28 09:48:05.913641687,100814,174,100427,100,100855,174,99966,174,100986,174,99961,174,101083,174,99960,174,101092,100,99938,174,101108,100,99894,100,101126,100,99890,100,101211,100,99872,100,101265,100,99840,100,101352,100,99797,100
2019-06-28 09:48:10.000000000,100814,174,100427,174,100855,174,99966,174,100986,174,99961,174,101083,174,99960,174,101092,100,99938,100,101108,100,99894,100,101126,100,99890,100,101211,100,99872,100,101265,100,99840,100,101352,100,99797,100
2019-06-28 09:48:10.995876708,100814,74,100427,174,100855,174,99966,174,100986,174,99961,174,101083,174,99960,174,101092,100,99938,100,101108,100,99894,100,101126,100,99890,100,101211,100,99872,100,101265,100,99840,100,101352,100,99797,100
2019-06-28 09:48:20.000000000,100855,174,100427,174,100986,174,99966,174,101083,174,99961,174,101092,174,99960,174,101108,100,99938,100,101126,100,99894,100,101211,100,99890,100,101265,100,99872,100,101352,100,99840,100,101427,100,99797,100
2019-06-28 09:48:20.447929691,100855,74,100427,174,100986,174,99966,174,101083,174,99961,174,101092,174,99960,174,101108,100,99894,100,101126,100,99890,100,101211,100,99872,100,101265,100,99840,100,101352,100,99797,100,101427,100,99749,100
2019-06-28 09:48:24.065138800,100855,74,100427,174,100903,100,99966,174,100986,174,99961,174,101083,174,99960,174,101092,174,99894,100,101108,100,99890,100,101126,100,99872,100,101211,100,99840,100,101265,100,99797,100,101352,100,99749,100
2019-06-28 09:48:30.000000000,100903,160,100427,160,100986,160,99966,160,101083,160,99961,160,101092,160,99960,160,101108,160,99894,160,101126,100,99890,100,101211,100,99872,100,101265,100,99840,100,101352,100,99797,100,101427,100,99749,100
2019-06-28 09:48:40.000000000,100903,174,100427,174,100986,174,99966,174,101083,174,99961,174,101092,174,99960,174,101108,100,99894,100,101126,100,99890,100,101211,100,99872,100,101265,100,99840,100,101352,100,99797,100,101427,100,99749,100
2019-06-28 09:48:50.000000000,100903,201,100427,201,100986,198,99966,198,101083,198,99961,198,101092,100,99960,100,101108,100,99894,100,101126,100,99890,100,101211,100,99872,100,101265,100,99840,100,101352,100,99797,100,101427,100,99749,100
2019-06-28 09:49:00.000000000,100903,174,100427,174,100986,174,99966,174,101083,174,99961,174,101092,174,99960,174,101108,100,99894,100,101126,100,99890,100,101211,100,99872,100,101265,100,99840,100,101352,100,99797,100,101427,100,99749,100
2019-06-28 09:49:07.374267076,100903,174,100427,174,100986,174,99966,174,101070,100,99961,174,101083,174,99960,174,101092,174,99894,100,101108,100,99890,100,101126,100,99872,100,101211,100,99840,100,101265,100,99797,100,101352,100,99749,100
2019-06-28 09:49:10.000000000,100903,249,100427,249,100986,249,99966,249,101070,100,99961,100,101083,100,99960,100,101092,100,99894,100,101108,100,99890,100,101126,100,99872,100,101211,100,99840,100,101265,100,99797,100,101352,100,99749,100
2019-06-28 09:49:14.811366061,100903,249,100427,249,100986,249,99966,149,101070,100,99961,100,101080,100,99960,100,101083,100,99894,100,101092,100,99890,100,101108,100,99872,100,101126,100,99840,100,101211,100,99797,100,101265,100,99749,100
2019-06-28 09:49:20.000000000,100903,249,100427,249,100986,249,99961,249,101070,100,99960,100,101080,100,99894,100,101083,100,99890,100,101092,100,99872,100,101108,100,99840,100,101126,100,99797,100,101211,100,99749,100,101265,100,99669,100
2019-06-28 09:49:21.880426620,100903,149,100427,249,100986,249,99961,249,101070,100,99960,100,101080,100,99894,100,101083,100,99890,100,101092,100,99872,100,101108,100,99840,100,101126,100,99797,100,101211,100,99749,100,101265,100,99669,100
2019-06-28 09:49:30.000000000,100986,174,100427,174,101070,174,99961,174,101080,174,99960,174,101083,174,99894,174,101092,100,99890,100,101108,100,99872,100,101126,100,99840,100,101211,100,99797,100,101265,100,99749,100,101352,100,99669,100
2019-06-28 09:49:40.000000000,100986,160,100427,160,101070,160,99961,160,101080,160,99960,160,101083,160,99894,160,101092,160,99890,160,101108,100,99872,100,101126,100,99840,100,101211,100,99797,100,101265,100,99749,100,101352,100,99669,100
2019-06-28 09:49:50.000000000,100986,160,100427,160,101070,160,99961,160,101080,160,99960,160,101083,160,99894,160,101092,160,99890,160,101108,100,99872,100,101126,100,99840,100,101211,100,99797,100,101265,100,99749,100,101352,100,99669,100
2019-06-28 09:49:52.694067781,100986,160,100427,160,101070,160,99961,160,101080,160,99960,160,101083,160,99894,160,101092,160,99890,160,101108,100,99872,100,101126,100,99840,100,101211,100,99797,100,101265,100,99749,100,101352,100,99669,100
2019-06-28 09:49:53.351081287,100986,160,100855,100,101070,160,100427,160,101080,160,99961,160,101083,160,99960,160,101092,160,99894,160,101108,100,99890,160,101126,100,99872,100,101211,100,99840,100,101265,100,99797,100,101352,100,99749,100
2019-06-28 09:50:00.000000000,100986,249,100855,249,101070,249,100427,249,101080,100,99961,100,101083,100,99960,100,101092,100,99894,100,101108,100,99890,100,101126,100,99872,100,101211,100,99840,100,101265,100,99797,100,101352,100,99749,100
2019-06-28 09:50:10.000000000,100986,174,100855,174,101070,174,100427,174,101080,174,99961,174,101083,174,99960,174,101092,100,99894,100,101108,100,99890,100,101126,100,99872,100,101211,100,99840,100,101265,100,99797,100,101352,100,99749,100
2019-06-28 09:50:20.000000000,100986,249,100855,249,101070,249,100427,249,101080,100,99961,100,101083,100,99960,100,101092,100,99894,100,101108,100,99890,100,101126,100,99872,100,101211,100,99840,100,101265,100,99797,100,101352,100,99749,100
2019-06-28 09:50:26.919921750,100888,100,100855,249,100986,249,100427,249,101070,249,99961,100,101080,100,99960,100,101083,100,99894,100,101092,100,99890,100,101108,100,99872,100,101211,100,99840,100,101265,100,99797,100,101352,100,99749,100
2019-06-28 09:50:30.000000000,100888,160,100855,160,100986,160,100427,160,101070,160,99961,160,101080,160,99960,160,101083,160,99894,160,101092,100,99890,100,101108,100,99872,100,101211,100,99840,100,101265,100,99797,100,101352,100,99749,100
2019-06-28 09:50:40.000000000,100888,398,100855,398,100986,100,100427,100,101070,100,99961,100,101080,100,99960,100,101083,100,99894,100,101092,100,99890,100,101108,100,99872,100,101211,100,99840,100,101265,100,99797,100,101352,100,99749,100
2019-06-28 09:50:40.758576783,100888,398,100855,298,100986,100,100427,100,101070,100,99961,100,101080,100,99960,100,101083,100,99894,100,101092,100,99890,100,101108,100,99872,100,101211,100,99840,100,101265,100,99797,100,101352,100,99749,100
2019-06-28 09:50:50.000000000,100888,249,100427,249,100986,249,99961,249,101070,100,99960,100,101080,100,99894,100,101083,100,99890,100,101092,100,99872,100,101108,100,99840,100,101211,100,99797,100,101265,100,99749,100,101352,100,99669,100
2019-06-28 09:51:00.000000000,100888,398,100427,398,100986,100,99961,100,101070,100,99960,100,101080,100,99894,100,101083,100,99890,100,101092,100,99872,100,101108,100,99840,100,101211,100,99797,100,101265,100,99749,100,101352,100,99669,100
2019-06-28 09:51:05.362002703,100888,398,100505,100,100986,100,100427,398,101070,100,99961,100,101080,100,99960,100,101083,100,99894,100,101092,100,99890,100,101108,100,99872,100,101211,100,99840,100,101265,100,99797,100,101352,100,99749,100
2019-06-28 09:51:10.000000000,100888,398,100505,398,100986,100,100427,100,101070,100,99961,100,101080,100,99960,100,101083,100,99894,100,101092,100,99890,100,101108,100,99872,100,101211,100,99840,100,101265,100,99797,100,101352,100,99749,100
2019-06-28 09:51:20.000000000,100888,398,100505,398,100986,100,100427,100,101070,100,99961,100,101080,100,99960,100,101083,100,99894,100,101092,100,99890,100,101108,100,99872,100,101211,100,99840,100,101265,100,99797,100,101352,100,99749,100
2019-06-28 09:51:30.000000000,100888,249,100505,249,100986,249,100427,249,101070,100,99961,100,101080,100,99960,100,101083,100,99894,100,101092,100,99890,100,101108,100,99872,100,101211,100,99840,100,101265,100,99797,100,101352,100,99749,100
2019-06-28 09:51:40.000000000,100888,174,100505,174,100986,174,100427,174,101070,174,99961,174,101080,174,99960,174,101083,100,99894,100,101092,100,99890,100,101108,100,99872,100,101211,100,99840,100,101265,100,99797,100,101352,100,99749,100
2019-06-28 09:51:50.000000000,100888,160,100505,160,100986,160,100427,160,101070,160,99961,160,101080,160,99960,160,101083,160,99894,160,101092,100,99890,100,101108,100,99872,100,101211,100,99840,100,101265,100,99797,100,101352,100,99749,100
2019-06-28 09:52:00.000000000,100888,160,100505,160,100986,160,100427,160,101070,160,99961,160,101080,160,99960,160,101083,160,99894,160,101092,100,99890,100,101108,100,99872,100,101211,100,99840,100,101265,100,99797,100,101352,100,99749,100
2019-06-28 09:52:01.348082415,100888,160,100505,60,100986,160,100427,160,101070,160,99961,160,101080,160,99960,160,101083,160,99894,160,101092,100,99890,100,101108,100,99872,100,101211,100,99840,100,101265,100,99797,100,101352,100,99749,100
2019-06-28 09:52:10.000000000,100888,160,100427,160,100986,160,99961,160,101070,160,99960,160,101080,160,99894,160,101083,160,99890,160,101092,100,99872,100,101108,100,99840,100,101211,100,99797,100,101265,100,99749,100,101352,100,99669,100
2019-06-28 09:52:20.000000000,100888,398,100427,398,100986,100,99961,100,101070,100,99960,100,101080,100,99894,100,101083,100,99890,100,101092,100,99872,100,101108,100,99840,100,101211,100,99797,100,101265,100,99749,100,101352,100,99669,100
2019-06-28 09:52:30.000000000,100888,398,100427,398,100986,100,99961,100,101070,100,99960,100,101080,100,99894,100,101083,100,99890,100,101092,100,99872,100,101108,100,99840,100,101211,100,99797,100,101265,100,99749,100,101352,100,99669,100
2019-06-28 09:52:33.522998663,100855,100,100427,398,100888,398,99961,100,100986,100,99960,100,101070,100,99894,100,101080,100,99890,100,101083,100,99872,100,101092,100,99840,100,101108,100,99797,100,101211,100,99749,100,101265,100,99669,100
2019-06-28 09:52:40.000000000,100855,201,100427,201,100888,198,99961,198,100986,198,99960,198,101070,100,99894,100,101080,100,99890,100,101083,100,99872,100,101092,100,99840,100,101108,100,99797,100,101211,100,99749,100,101265,100,99669,100
2019-06-28 09:52:40.438904617,100855,201,100427,201,100888,198,100181,100,100986,198,99961,198,101070,100,99960,198,101080,100,99894,100,101083,100,99890,100,101092,100,99872,100,101108,100,99840,100,101211,100,99797,100,101265,100,99749,100
2019-06-28 09:52:50.000000000,100855,249,100427,249,100888,249,100181,249,100986,100,99961,100,101070,100,99960,100,101080,100,99894,100,101083,100,99890,100,101092,100,99872,100,101108,100,99840,100,101211,100,99797,100,101265,100,99749,100
2019-06-28 09:53:00.000000000,100855,249,100427,249,100888,249,100181,249,100986,100,99961,100,101070,100,99960,100,101080,100,99894,100,101083,100,99890,100,101092,100,99872,100,101108,100,99840,100,101211,100,99797,100,101265,100,99749,100
2019-06-28 09:53:10.000000000,100855,174,100427,174,100888,174,100181,174,100986,174,99961,174,101070,174,99960,174,101080,100,99894,100,101083,100,99890,100,101092,100,99872,100,101108,100,99840,100,101211,100,99797,100,101265,100,99749,100
2019-06-28 09:53:20.000000000,100855,201,100427,201,100888,198,100181,198,100986,198,99961,198,101070,100,99960,100,101080,100,99894,100,101083,100,99890,100,101092,100,99872,100,101108,100,99840,100,101211,100,99797,100,101265,100,99749,100
2019-06-28 09:53:30.000000000,100855,160,100427,160,100888,160,100181,160,100986,160,99961,160,101070,160,99960,160,101080,160,99894,160,101083,100,99890,100,101092,100,99872,100,101108,100,99840,100,101211,100,99797,100,101265,100,99749,100
2019-06-28 09:53:40.000000000,100855,174,100427,174,100888,174,100181,174,100986,174,99961,174,101070,174,99960,174,101080,100,99894,100,101083,100,99890,100,101092,100,99872,100,101108,100,99840,100,101211,100,99797,100,101265,100,99749,100
2019-06-28 09:53:40.689911445,100855,174,100506,100,100888,174,100427,174,100986,174,100181,174,101070,174,99961,174,101080,100,99960,174,101083,100,99894,100,101092,100,99890,100,101108,100,99872,100,101211,100,99840,100,101265,100,99797,100
2019-06-28 09:53:44.457489452,100855,174,100506,100,100888,174,100427,174,100986,174,100181,174,101070,174,99961,174,101080,100,99960,174,101083,100,99894,100,101092,100,99872,100,101108,100,99840,100,101211,100,99797,100,101265,100,99749,100
2019-06-28 09:53:50.000000000,100855,398,100506,398,100888,100,100427,100,100986,100,100181,100,101070,100,99961,100,101080,100,99960,100,101083,100,99894,100,101092,100,99872,100,101108,100,99840,100,101211,100,99797,100,101265,100,99749,100
2019-06-28 09:53:53.276018444,100855,398,100506,498,100888,100,100427,100,100986,100,100181,100,101070,100,99961,100,101080,100,99960,100,101083,100,99894,100,101092,100,99840,100,101108,100,99797,100,101211,100,99749,100,101265,100,99669,100
2019-06-28 09:54:00.000000000,100855,160,100506,260,100888,160,100427,160,100986,160,100181,160,101070,160,99961,160,101080,160,99960,160,101083,100,99894,100,101092,100,99840,100,101108,100,99797,100,101211,100,99749,100,101265,100,99669,100
2019-06-28 09:54:06.939409635,100855,160,100506,260,100888,160,100427,160,100986,160,100181,160,101070,160,99961,160,101080,160,99960,160,101083,100,99894,100,101092,100,99840,100,101108,100,99797,100,101211,100,99749,100,101248,100,99669,100
2019-06-28 09:54:10.000000000,100855,201,100506,301,100888,198,100427,198,100986,198,100181,198,101070,100,99961,100,101080,100,99960,100,101083,100,99894,100,101092,100,99840,100,101108,100,99797,100,101211,100,99749,100,101248,100,99669,100
2019-06-28 09:54:20.000000000,100855,249,100506,349,100888,249,100427,249,100986,100,100181,100,101070,100,99961,100,101080,100,99960,100,101083,100,99894,100,101092,100,99840,100,101108,100,99797,100,101211,100,99749,100,101248,100,99669,100
2019-06-28 09:54:20.141003095,100855,249,100506,349,100888,249,100427,249,100986,100,100181,100,101040,100,99961,100,101070,100,99960,100,101080,100,99894,100,101083,100,99840,100,101092,100,99797,100,101108,100,99749,100,101211,100,99669,100
2019-06-28 09:54:27.623146099,100855,149,100506,349,100888,249,100427,249,100986,100,100181,100,101040,100,99961,100,101070,100,99960,100,101080,100,99894,100,101083,100,99840,100,101092,100,99797,100,101108,100,99749,100,101211,100,99669,100
2019-06-28 09:54:30.000000000,100888,249,100506,349,100986,249,100427,249,101040,100,100181,100,101070,100,99961,100,101080,100,99960,100,101083,100,99894,100,101092,100,99840,100,101108,100,99797,100,101211,100,99749,100,101248,100,99669,100
2019-06-28 09:54:40.000000000,100888,174,100506,274,100986,174,100427,174,101040,174,100181,174,101070,174,99961,174,101080,100,99960,100,101083,100,99894,100,101092,100,99840,100,101108,100,99797,100,101211,100,99749,100,101248,100,99669,100
2019-06-28 09:54:40.502585711,100888,74,100506,274,100986,174,100427,174,101040,174,100181,174,101070,174,99961,174,101080,100,99960,100,101083,100,99894,100,101092,100,99840,100,101108,100,99797,100,101211,100,99749,100,101248,100,99669,100
2019-06-28 09:54:50.000000000,100986,201,100506,301,101040,198,100427,198,101070,198,100181,198,101080,100,99961,100,101083,100,99960,100,101092,100,99894,100,101108,100,99840,100,101211,100,99797,100,101248,100,99749,100,101265,100,99669,100
2019-06-28 09:55:00.000000000,100986,398,100506,498,101040,100,100427,100,101070,100,100181,100,101080,100,99961,100,101083,100,99960,100,101092,100,99894,100,101108,100,99840,100,101211,100,99797,100,101248,100,99749,100,101265,100,99669,100
2019-06-28 09:55:10.000000000,100986,174,100506,274,101040,174,100427,174,101070,174,100181,174,101080,174,99961,174,101083,100,99960,100,101092,100,99894,100,101108,100,99840,100,101211,100,99797,100,101248,100,99749,100,101265,100,99669,100
2019-06-28 09:55:16.215611439,100986,74,100506,274,101040,174,100427,174,101070,174,100181,174,101080,174,99961,174,101083,100,99960,100,101092,100,99894,100,101108,100,99840,100,101211,100,99749,100,101248,100,99669,100,101265,100,,
2019-06-28 09:55:20.000000000,101040,174,100506,274,101070,174,100427,174,101080,174,100181,174,101083,174,99961,174,101092,100,99960,100,101108,100,99894,100,101211,100,99840,100,101248,100,99749,100,101265,100,99669,100,101352,100,,
2019-06-28 09:55:30.000000000,101040,249,100506,349,101070,249,100427,249,101080,100,100181,100,101083,100,99961,100,101092,100,99960,100,101108,100,99894,100,101211,100,99840,100,101248,100,99749,100,101265,100,99669,100,101352,100,,
2019-06-28 09:55:32.810688710,101040,249,100506,349,101057,100,100427,249,101070,249,100181,100,101080,100,99961,100,101083,100,99960,100,101092,100,99894,100,101108,100,99840,100,101211,100,99749,100,101248,100,99669,100,101265,100,,
2019-06-28 09:55:40.000000000,101040,398,100506,498,101057,100,100427,100,101070,100,100181,100,101080,100,99961,100,101083,100,99960,100,101092,100,99894,100,101108,100,99840,100,101211,100,99749,100,101248,100,99669,100,101265,100,,
2019-06-28 09:55:42.897476283,100887,100,100506,498,101040,398,100427,100,101057,100,100181,100,101070,100,99961,100,101080,100,99960,100,101083,100,99894,100,101092,100,99840,100,101108,100,99749,100,101211,100,99669,100,101248,100,,
2019-06-28 09:55:50.000000000,100887,398,100506,498,101040,100,100427,100,101057,100,100181,100,101070,100,99961,100,101080,100,99960,100,101083,100,99894,100,101092,100,99840,100,101108,100,99749,100,101211,100,99669,100,101248,100,,
2019-06-28 09:55:55.658010105,100887,398,100506,498,101011,100,100427,100,101040,100,100181,100,101057,100,99961,100,101070,100,99960,100,101080,100,99894,100,101083,100,99840,100,101092,100,99749,100,101108,100,99669,100,101211,100,,
2019-06-28 09:55:56.253024693,100887,298,100506,498,101011,100,100427,100,101040,100,100181,100,101057,100,99961,100,101070,100,99960,100,101080,100,99894,100,101083,100,99840,100,101092,100,99749,100,101108,100,99669,100,101211,100,,
2019-06-28 09:56:00.000000000,101011,174,100506,274,101040,174,100427,174,101057,174,100181,174,101070,174,99961,174,101080,100,99960,100,101083,100,99894,100,101092,100,99840,100,101108,100,99749,100,101211,100,99669,100,101248,100,,
2019-06-28 09:56:10.000000000,101011,160,100506,260,101040,160,100427,160,101057,160,100181,160,101070,160,99961,160,101080,160,99960,160,101083,100,99894,100,101092,100,99840,100,101108,100,99749,100,101211,100,99669,100,101248,100,,
2019-06-28 09:56:12.218423891,100985,100,100506,260,101011,160,100427,160,101040,160,100181,160,101057,160,99961,160,101070,160,99960,160,101080,160,99894,100,101083,100,99840,100,101092,100,99749,100,101108,100,99669,100,101211,100,,
2019-06-28 09:56:20.000000000,100985,249,100506,349,101011,249,100427,249,101040,100,100181,100,101057,100,99961,100,101070,100,99960,100,101080,100,99894,100,101083,100,99840,100,101092,100,99749,100,101108,100,99669,100,101211,100,,
2019-06-28 09:56:30.000000000,100985,249,100506,349,101011,249,100427,249,101040,100,100181,100,101057,100,99961,100,101070,100,99960,100,101080,100,99894,100,101083,100,99840,100,101092,100,99749,100,101108,100,99669,100,101211,100,,
2019-06-28 09:56:33.902531906,100985,349,100506,349,101011,249,100427,249,101040,100,100181,100,101057,100,99961,100,101070,100,99960,100,101080,100,99894,100,101083,100,99840,100,101092,100,99749,100,101108,100,99669,100,101211,100,,
2019-06-28 09:56:38.022013829,100659,100,100506,349,100985,349,100427,249,101011,249,100181,100,101040,100,99961,100,101057,100,99960,100,101070,100,99894,100,101080,100,99840,100,101083,100,99749,100,101092,100,99669,100,101108,100,,
2019-06-28 09:56:40.000000000,100659,398,100506,498,100985,200,100427,100,101011,100,100181,100,101040,100,99961,100,101057,100,99960,100,101070,100,99894,100,101080,100,99840,100,101083,100,99749,100,101092,100,99669,100,101108,100,,
2019-06-28 09:56:44.836718822,100659,398,100506,498,100985,200,100181,100,101011,100,99961,100,101040,100,99960,100,101057,100,99894,100,101070,100,99840,100,101080,100,99749,100,101083,100,99669,100,101092,100,,,101108,100,,
2019-06-28 09:56:50.000000000,100659,201,100506,301,100985,298,100181,198,101011,198,99961,198,101040,100,99960,100,101057,100,99894,100,101070,100,99840,100,101080,100,99749,100,101083,100,99669,100,101092,100,,,101108,100,,
2019-06-28 09:56:58.966613180,100659,201,100506,301,100985,298,100181,198,101011,198,100126,100,101040,100,99961,198,101057,100,99960,100,101070,100,99894,100,101080,100,99840,100,101083,100,99749,100,101092,100,99669,100,101108,100,,
2019-06-28 09:57:00.000000000,100659,249,100506,349,100985,349,100181,249,101011,100,100126,100,101040,100,99961,100,101057,100,99960,100,101070,100,99894,100,101080,100,99840,100,101083,100,99749,100,101092,100,99669,100,101108,100,,
2019-06-28 09:57:10.000000000,100659,398,100506,498,100985,200,100181,100,101011,100,100126,100,101040,100,99961,100,101057,100,99960,100,101070,100,99894,100,101080,100,99840,100,101083,100,99749,100,101092,100,99669,100,101108,100,,
2019-06-28 09:57:20.000000000,100659,160,100506,260,100985,260,100181,160,101011,160,100126,160,101040,160,99961,160,101057,160,99960,160,101070,100,99894,100,101080,100,99840,100,101083,100,99749,100,101092,100,99669,100,101108,100,,
2019-06-28 09:57:21.228307918,100659,160,100506,260,100985,260,100181,160,101011,160,100126,160,101040,160,99989,100,101057,160,99961,160,101070,100,99960,160,101080,100,99894,100,101083,100,99840,100,101092,100,99749,100,101108,100,99669,100
2019-06-28 09:57:30.000000000,100659,249,100506,349,100985,349,100181,249,101011,100,100126,100,101040,100,99989,100,101057,100,99961,100,101070,100,99960,100,101080,100,99894,100,101083,100,99840,100,101092,100,99749,100,101108,100,99669,100
2019-06-28 09:57:36.481405548,100659,249,100506,349,100985,349,100181,249,101040,100,100126,100,101057,100,99989,100,101070,100,99961,100,101080,100,99960,100,101083,100,99955,100,101092,100,99894,100,101108,100,99840,100,101211,100,99749,100
2019-06-28 09:57:39.207961312,100659,249,100506,349,100886,100,100181,249,100985,349,100126,100,101040,100,99989,100,101057,100,99961,100,101070,100,99960,100,101080,100,99955,100,101083,100,99894,100,101092,100,99840,100,101108,100,99749,100
2019-06-28 09:57:40.000000000,100659,174,100506,274,100886,174,100181,174,100985,274,100126,174,101040,174,99989,174,101057,100,99961,100,101070,100,99960,100,101080,100,99955,100,101083,100,99894,100,101092,100,99840,100,101108,100,99749,100
2019-06-28 09:57:48.797440969,100659,174,100506,274,100886,174,100181,174,100985,274,100162,100,101040,174,100126,174,101057,100,99989,174,101070,100,99961,100,101080,100,99960,100,101083,100,99955,100,101092,100,99894,100,101108,100,99840,100
2019-06-28 09:57:50.000000000,100659,249,100506,349,100886,249,100181,249,100985,200,100162,100,101040,100,100126,100,101057,100,99989,100,101070,100,99961,100,101080,100,99960,100,101083,100,99955,100,101092,100,99894,100,101108,100,99840,100
2019-06-28 09:57:55.088141107,100659,249,100506,349,100886,349,100181,249,100985,200,100162,100,101040,100,100126,100,101057,100,99989,100,101070,100,99961,100,101080,100,99960,100,101083,100,99955,100,101092,100,99894,100,101108,100,99840,100
2019-06-28 09:57:56.080462104,100659,249,100506,349,100886,349,100181,249,100985,200,100162,100,101040,100,100126,100,101057,100,99989,100,101070,100,99961,100,101080,100,99960,100,101083,100,99955,100,101092,100,99918,100,101108,100,99894,100
2019-06-28 09:57:56.193423474,100659,249,100506,249,100886,349,100181,249,100985,200,100162,100,101040,100,100126,100,101057,100,99989,100,101070,100,99961,100,101080,100,99960,100,101083,100,99955,100,101092,100,99918,100,101108,100,99894,100
2019-06-28 09:58:00.000000000,100659,160,100506,160,100886,260,100181,160,100985,260,100162,160,101040,160,100126,160,101057,160,99989,160,101070,100,99961,100,101080,100,99960,100,101083,100,99955,100,101092,100,99918,100,101108,100,99894,100
2019-06-28 09:58:08.351448712,100659,160,100506,60,100886,260,100181,160,100985,260,100162,160,101040,160,100126,160,101057,160,99989,160,101070,100,99961,100,101080,100,99960,100,101083,100,99955,100,101092,100,99894,100,101108,100,99840,100
2019-06-28 09:58:09.651726778,100659,160,100506,60,100886,260,100411,100,100985,260,100181,160,101040,160,100162,160,101057,160,100126,160,101070,100,99989,160,101080,100,99961,100,101083,100,99960,100,101092,100,99955,100,101108,100,99894,100
2019-06-28 09:58:10.000000000,100659,174,100411,174,100886,274,100181,174,100985,274,100162,174,101040,174,100126,174,101057,100,99989,100,101070,100,99961,100,101080,100,99960,100,101083,100,99955,100,101092,100,99894,100,101108,100,99840,100
2019-06-28 09:58:20.000000000,100659,160,100411,160,100886,260,100181,160,100985,260,100162,160,101040,160,100126,160,101057,160,99989,160,101070,100,99961,100,101080,100,99960,100,101083,100,99955,100,101092,100,99894,100,101108,100,99840,100
2019-06-28 09:58:30.000000000,100659,174,100411,174,100886,274,100181,174,100985,274,100162,174,101040,174,100126,174,101057,100,99989,100,101070,100,99961,100,101080,100,99960,100,101083,100,99955,100,101092,100,99894,100,101108,100,99840,100
2019-06-28 09:58:40.000000000,100659,398,100411,398,100886,200,100181,100,100985,200,100162,100,101040,100,100126,100,101057,100,99989,100,101070,100,99961,100,101080,100,99960,100,101083,100,99955,100,101092,100,99894,100,101108,100,99840,100
2019-06-28 09:58:50.000000000,100659,160,100411,160,100886,260,100181,160,100985,260,100162,160,101040,160,100126,160,101057,160,99989,160,101070,100,99961,100,101080,100,99960,100,101083,100,99955,100,101092,100,99894,100,101108,100,99840,100
2019-06-28 09:58:50.436235005,100506,100,100411,160,100659,160,100181,160,100886,260,100162,160,100985,260,100126,160,101040,160,99989,160,101057,160,99961,100,101070,100,99960,100,101080,100,99955,100,101083,100,99894,100,101092,100,99840,100
2019-06-28 09:59:00.000000000,100506,201,100411,201,100659,198,100181,198,100886,298,100162,198,100985,200,100126,100,101040,100,99989,100,101057,100,99961,100,101070,100,99960,100,101080,100,99955,100,101083,100,99894,100,101092,100,99840,100
2019-06-28 09:59:00.161010659,100506,201,100411,101,100659,198,100181,198,100886,298,100162,198,100985,200,100126,100,101040,100,99989,100,101057,100,99961,100,101070,100,99960,100,101080,100,99955,100,101083,100,99894,100,101092,100,99840,100
2019-06-28 09:59:10.000000000,100506,249,100181,249,100659,249,100162,249,100886,200,100126,100,100985,200,99989,100,101040,100,99961,100,101057,100,99960,100,101070,100,99955,100,101080,100,99894,100,101083,100,99840,100,101092,100,99749,100
2019-06-28 09:59:10.092911056,100506,249,100181,149,100659,249,100162,249,100886,200,100126,100,100985,200,99989,100,101040,100,99961,100,101057,100,99960,100,101070,100,99955,100,101080,100,99894,100,101083,100,99840,100,101092,100,99749,100
2019-06-28 09:59:18.558387909,100506,249,100181,149,100659,149,100162,249,100886,200,100126,100,100985,200,99989,100,101040,100,99961,100,101057,100,99960,100,101070,100,99955,100,101080,100,99894,100,101083,100,99840,100,101092,100,99749,100
2019-06-28 09:59:20.000000000,100506,201,100162,201,100886,298,100126,198,100985,298,99989,198,101040,100,99961,100,101057,100,99960,100,101070,100,99955,100,101080,100,99894,100,101083,100,99840,100,101092,100,99749,100,101108,100,99462,100
2019-06-28 09:59:30.000000000,100506,174,100162,174,100886,274,100126,174,100985,274,99989,174,101040,174,99961,174,101057,100,99960,100,101070,100,99955,100,101080,100,99894,100,101083,100,99840,100,101092,100,99749,100,101108,100,99462,100
2019-06-28 09:59:40.000000000,100506,201,100162,201,100886,298,100126,198,100985,298,99989,198,101040,100,99961,100,101057,100,99960,100,101070,100,99955,100,101080,100,99894,100,101083,100,99840,100,101092,100,99749,100,101108,100,99462,100
2019-06-28 09:59:50.000000000,100506,398,100162,398,100886,200,100126,100,100985,200,99989,100,101040,100,99961,100,101057,100,99960,100,101070,100,99955,100,101080,100,99894,100,101083,100,99840,100,101092,100,99749,100,101108,100,99462,100
2019-06-28 09:59:58.922779303,100506,398,100162,398,100886,200,100126,100,100985,200,99989,100,101040,100,99961,100,101057,100,99960,100,101070,100,99955,100,101080,100,99894,100,101083,100,99840,100,101092,100,99749,100,101108,100,99462,100
2019-06-28 10:00:00.000000000,100506,201,100162,201,100886,298,100126,198,100985,298,99989,198,101040,100,99961,100,101057,100,99960,100,101070,100,99955,100,101080,100,99894,100,101083,100,99840,100,101092,100,99749,100,101108,100,99462,100
2019-06-28 10:00:10.000000000,100506,249,100162,249,100886,349,100126,249,100985,200,99989,100,101040,100,99961,100,101057,100,99960,100,101070,100,99955,100,101080,100,99894,100,101083,100,99840,100,101092,100,99749,100,101108,100,99462,100
2019-06-28 10:00:20.000000000,100506,160,100162,160,100886,260,100126,160,100985,260,99989,160,101040,160,99961,160,101057,160,99960,160,101070,100,99955,100,101080,100,99894,100,101083,100,99840,100,101092,100,99749,100,101108,100,99462,100
2019-06-28 10:00:30.000000000,100506,160,100162,160,100886,260,100126,160,100985,260,99989,160,101040,160,99961,160,101057,160,99960,160,101070,100,99955,100,101080,100,99894,100,101083,100,99840,100,101092,100,99749,100,101108,100,99462,100
2019-06-28 10:00:38.442491215,100411,100,100162,160,100506,160,100126,160,100886,260,99989,160,100985,260,99961,160,101040,160,99960,160,101057,160,99955,100,101070,100,99894,100,101080,100,99840,100,101083,100,99749,100,101092,100,99462,100
2019-06-28 10:00:40.000000000,100411,201,100162,201,100506,198,100126,198,100886,298,99989,198,100985,200,99961,100,101040,100,99960,100,101057,100,99955,100,101070,100,99894,100,101080,100,99840,100,101083,100,99749,100,101092,100,99462,100
2019-06-28 10:00:47.318892102,100411,201,100162,201,100506,198,100126,198,100886,298,100108,100,100985,200,99989,198,101040,100,99961,100,101057,100,99960,100,101070,100,99955,100,101080,100,99894,100,101083,100,99840,100,101092,100,99462,100
2019-06-28 10:00:50.000000000,100411,249,100162,249,100506,249,100126,249,100886,200,100108,100,100985,200,99989,100,101040,100,99961,100,101057,100,99960,100,101070,100,99955,100,101080,100,99894,100,101083,100,99840,100,101092,100,99462,100
2019-06-28 10:01:00.000000000,100411,201,100162,201,100506,198,100126,198,100886,298,100108,198,100985,200,99989,100,101040,100,99961,100,101057,100,99960,100,101070,100,99955,100,101080,100,99894,100,101083,100,99840,100,101092,100,99462,100
2019-06-28 10:01:10.000000000,100411,160,100162,160,100506,160,100126,160,100886,260,100108,160,100985,260,99989,160,101040,160,99961,160,101057,100,99960,100,101070,100,99955,100,101080,100,99894,100,101083,100,99840,100,101092,100,99462,100
2019-06-28 10:01:20.000000000,100411,201,100162,201,100506,198,100126,198,100886,298,100108,198,100985,200,99989,100,101040,100,99961,100,101057,100,99960,100,101070,100,99955,100,101080,100,99894,100,101083,100,99840,100,101092,100,99462,100
2019-06-28 10:01:24.504545609,100411,201,100182,100,100506,198,100162,201,100886,298,100126,198,100985,200,100108,198,101040,100,99989,100,101057,100,99961,100,101070,100,99960,100,101080,100,99955,100,101083,100,99894,100,101092,100,99840,100
2019-06-28 10:01:30.000000000,100411,398,100182,398,100506,100,100162,100,100886,200,100126,100,100985,200,100108,100,101040,100,99989,100,101057,100,99961,100,101070,100,99960,100,101080,100,99955,100,101083,100,99894,100,101092,100,99840,100
2019-06-28 10:01:40.000000000,100411,249,100182,249,100506,249,100162,249,100886,200,100126,100,100985,200,100108,100,101040,100,99989,100,101057,100,99961,100,101070,100,99960,100,101080,100,99955,100,101083,100,99894,100,101092,100,99840,100
2019-06-28 10:01:50.000000000,100411,249,100182,249,100506,249,100162,249,100886,200,100126,100,100985,200,100108,100,101040,100,99989,100,101057,100,99961,100,101070,100,99960,100,101080,100,99955,100,101083,100,99894,100,101092,100,99840,100
2019-06-28 10:02:00.000000000,100411,160,100182,160,100506,160,100162,160,100886,260,100126,160,100985,260,100108,160,101040,160,99989,160,101057,100,99961,100,101070,100,99960,100,101080,100,99955,100,101083,100,99894,100,101092,100,99840,100
2019-06-28 10:02:02.547511700,100347,100,100182,160,100411,160,100162,160,100506,160,100126,60,100886,260,100108,160,100985,260,99989,160,101040,160,99961,100,101057,100,99960,100,101070,100,99955,100,101080,100,99894,100,101083,100,99840,100
2019-06-28 10:02:10.000000000,100347,160,100182,160,100411,160,100162,160,100506,160,100108,160,100886,260,99989,160,100985,260,99961,160,101040,100,99960,100,101057,100,99955,100,101070,100,99894,100,101080,100,99840,100,101083,100,99462,100
2019-06-28 10:02:14.403436165,100347,160,100182,160,100411,260,100162,160,100506,160,100108,160,100886,260,99989,160,100985,260,99961,160,101040,100,99960,100,101057,100,99955,100,101070,100,99894,100,101080,100,99840,100,101083,100,99462,100
2019-06-28 10:02:20.000000000,100347,160,100182,160,100411,260,100162,160,100506,160,100108,160,100886,260,99989,160,100985,260,99961,160,101040,100,99960,100,101057,100,99955,100,101070,100,99894,100,101080,100,99840,100,101083,100,99462,100
2019-06-28 10:02:28.638886236,100347,160,100182,160,100411,260,100162,160,100506,160,100108,160,100886,260,99989,160,100985,260,99961,160,101040,100,99960,100,101057,100,99955,100,101070,100,99894,100,101080,100,99840,100,101083,100,99760,100
2019-06-28 10:02:30.000000000,100347,201,100182,201,100411,298,100162,198,100506,198,100108,198,100886,200,99989,100,100985,200,99961,100,101040,100,99960,100,101057,100,99955,100,101070,100,99894,100,101080,100,99840,100,101083,100,99760,100
2019-06-28 10:02:31.790721109,100347,201,100182,201,100411,298,100162,198,100506,198,100108,198,100886,200,99989,100,100985,200,99961,100,101040,100,99960,100,101057,100,99955,100,101070,100,99894,100,101080,100,99840,100,101083,100,99760,100
2019-06-28 10:02:40.000000000,100347,160,100182,160,100411,260,100162,160,100506,160,100108,160,100886,260,99989,160,100985,260,99961,160,101040,100,99960,100,101057,100,99955,100,101070,100,99894,100,101080,100,99840,100,101083,100,99760,100
2019-06-28 10:02:50.000000000,100347,249,100182,249,100411,349,100162,249,100506,100,100108,100,100886,200,99989,100,100985,200,99961,100,101040,100,99960,100,101057,100,99955,100,101070,100,99894,100,101080,100,99840,100,101083,100,99760,100
2019-06-28 10:02:50.228040401,100248,100,100182,249,100347,249,100162,249,100411,349,100108,100,100506,100,99989,100,100886,200,99961,100,100985,200,99960,100,101040,100,99955,100,101057,100,99894,100,101070,100,99840,100,101080,100,99760,100
2019-06-28 10:02:50.238383676,100218,100,100182,249,100248,100,100162,249,100347,249,100108,100,100411,349,99989,100,100506,100,99961,100,100886,200,99960,100,100985,200,99955,100,101040,100,99894,100,101057,100,99840,100,101070,100,99760,100
2019-06-28 10:02:55.207169874,100218,100,100182,249,100248,100,100162,249,100347,249,100108,100,100411,349,99989,100,100506,100,99961,100,100886,200,99960,100,100985,200,99955,100,101040,100,99894,100,101057,100,99840,100,101070,100,99760,100
2019-06-28 10:03:00.000000000,100218,201,100182,201,100248,198,100162,198,100347,198,100108,198,100411,200,99989,100,100506,100,99961,100,100886,200,99960,100,100985,200,99955,100,101040,100,99894,100,101057,100,99840,100,101070,100,99760,100
2019-06-28 10:03:10.000000000,100218,201,100182,201,100248,198,100162,198,100347,198,100108,198,100411,200,99989,100,100506,100,99961,100,100886,200,99960,100,100985,200,99955,100,101040,100,99894,100,101057,100,99840,100,101070,100,99760,100
2019-06-28 10:03:20.000000000,100218,249,100182,249,100248,249,100162,249,100347,100,100108,100,100411,200,99989,100,100506,100,99961,100,100886,200,99960,100,100985,200,99955,100,101040,100,99894,100,101057,100,99840,100,101070,100,99760,100
2019-06-28 10:03:24.158967772,100218,249,100182,249,100248,249,100162,249,100347,100,100108,100,100411,300,99989,100,100506,100,99961,100,100886,200,99960,100,100985,200,99955,100,101040,100,99894,100,101057,100,99840,100,101070,100,99760,100
2019-06-28 10:03:30.000000000,100218,201,100182,201,100248,198,100162,198,100347,198,100108,198,100411,300,99989,100,100506,100,99961,100,100886,200,99960,100,100985,200,99955,100,101040,100,99894,100,101057,100,99840,100,101070,100,99760,100
2019-06-28 10:03:32.691008940,100218,201,100182,201,100248,198,100162,198,100347,198,100108,198,100411,300,99989,100,100886,200,99961,100,100985,200,99960,100,101040,100,99955,100,101057,100,99894,100,101070,100,99840,100,101080,100,99760,100
2019-06-28 10:03:40.000000000,100218,398,100182,398,100248,100,100162,100,100347,100,100108,100,100411,300,99989,100,100886,200,99961,100,100985,200,99960,100,101040,100,99955,100,101057,100,99894,100,101070,100,99840,100,101080,100,99760,100
2019-06-28 10:03:50.000000000,100218,174,100182,174,100248,174,100162,174,100347,174,100108,174,100411,374,99989,174,100886,200,99961,100,100985,200,99960,100,101040,100,99955,100,101057,100,99894,100,101070,100,99840,100,101080,100,99760,100
2019-06-28 10:03:54.357316458,100218,74,100182,174,100248,174,100162,174,100347,174,100108,174,100411,274,99989,174,100886,200,99961,100,100985,200,99960,100,101040,100,99955,100,101057,100,99894,100,101070,100,99840,100,101080,100,99760,100
2019-06-28 10:04:00.000000000,100248,398,100182,398,100347,100,100162,100,100411,200,100108,100,100886,200,99989,100,100985,200,99961,100,101040,100,99960,100,101057,100,99955,100,101070,100,99894,100,101080,100,99840,100,101083,100,99760,100
2019-06-28 10:04:10.000000000,100248,160,100182,160,100347,160,100162,160,100411,260,100108,160,100886,260,99989,160,100985,260,99961,160,101040,100,99960,100,101057,100,99955,100,101070,100,99894,100,101080,100,99840,100,101083,100,99760,100
2019-06-28 10:04:13.624234849,100248,160,100182,160,100347,160,100162,160,100411,260,100108,160,100886,260,100003,100,100985,260,99989,160,101040,100,99961,160,101057,100,99960,100,101070,100,99955,100,101080,100,99894,100,101083,100,99840,100
2019-06-28 10:04:17.022249030,100248,160,100182,60,100347,160,100162,160,100411,260,100108,160,100886,260,100003,100,100985,260,99989,160,101040,100,99961,160,101057,100,99960,100,101070,100,99955,100,101080,100,99894,100,101083,100,99840,100
2019-06-28 10:04:20.000000000,100248,249,100162,249,100347,249,100108,249,100411,200,100003,100,100886,200,99989,100,100985,200,99961,100,101040,100,99960,100,101057,100,99955,100,101070,100,99894,100,101080,100,99840,100,101083,100,99760,100
2019-06-28 10:04:24.512488793,100248,249,100162,249,100347,249,100150,100,100411,200,100108,249,100886,200,100003,100,100985,200,99989,100,101040,100,99961,100,101057,100,99960,100,101070,100,99955,100,101080,100,99894,100,101083,100,99840,100
2019-06-28 10:04:28.732334733,100248,249,100162,149,100347,249,100150,100,100411,200,100108,249,100886,200,100003,100,100985,200,99989,100,101040,100,99961,100,101057,100,99960,100,101070,100,99955,100,101080,100,99894,100,101083,100,99840,100
2019-06-28 10:04:30.000000000,100248,201,100150,201,100347,198,100108,198,100411,298,100003,198,100886,200,99989,100,100985,200,99961,100,101040,100,99960,100,101057,100,99955,100,101070,100,99894,100,101080,100,99840,100,101083,100,99760,100
2019-06-28 10:04:40.000000000,100248,160,100150,160,100347,160,100108,160,100411,260,100003,160,100886,260,99989,160,100985,260,99961,160,101040,100,99960,100,101057,100,99955,100,101070,100,99894,100,101080,100,99840,100,101083,100,99760,100
2019-06-28 10:04:42.093822675,100182,100,100150,160,100248,160,100108,160,100347,160,100003,160,100411,160,99989,160,100886,260,99961,160,100985,260,99960,100,101040,100,99955,100,101057,100,99894,100,101070,100,99840,100,101080,100,99760,100
2019-06-28 10:04:49.514075702,100182,100,100150,160,100232,100,100108,160,100248,160,100003,160,100347,160,99989,160,100411,160,99961,160,100886,260,99960,100,100985,260,99955,100,101040,100,99894,100,101057,100,99840,100,101070,100,99760,100
2019-06-28 10:04:50.000000000,100182,201,100150,201,100232,198,100108,198,100248,198,100003,198,100347,100,99989,100,100411,100,99961,100,100886,200,99960,100,100985,200,99955,100,101040,100,99894,100,101057,100,99840,100,101070,100,99760,100
2019-06-28 10:04:56.818301015,100182,201,100150,101,100232,198,100108,198,100248,198,100003,198,100347,100,99989,100,100411,100,99961,100,100886,200,99960,100,100985,200,99955,100,101040,100,99894,100,101057,100,99840,100,101070,100,99760,100
2019-06-28 10:05:00.000000000,100182,174,100108,174,100232,174,100003,174,100248,174,99989,174,100347,174,99961,174,100411,100,99960,100,100886,200,99955,100,100985,200,99894,100,101040,100,99840,100,101057,100,99760,100,101070,100,99726,100
2019-06-28 10:05:01.684264016,100162,100,100108,174,100182,174,100003,174,100232,174,99989,174,100248,174,99961,174,100347,174,99960,100,100411,100,99955,100,100886,200,99894,100,100985,200,99840,100,101040,100,99760,100,101057,100,99726,100
2019-06-28 10:05:02.376426938,100162,100,100108,74,100182,174,100003,174,100232,174,99989,174,100248,174,99961,174,100347,174,99960,100,100411,100,99955,100,100886,200,99894,100,100985,200,99840,100,101040,100,99760,100,101057,100,99726,100
2019-06-28 10:05:09.745345491,100162,100,100108,74,100182,174,100003,174,100232,174,99989,174,100248,174,99961,174,100340,100,99960,100,100347,174,99955,100,100411,100,99894,100,100886,200,99840,100,100985,200,99726,100,101040,100,99462,100
2019-06-28 10:05:10.000000000,100162,249,100003,249,100182,249,99989,249,100232,100,99961,100,100248,100,99960,100,100340,100,99955,100,100347,100,99894,100,100411,100,99840,100,100886,200,99726,100,100985,200,99462,100,101040,100,,
2019-06-28 10:05:16.167644885,100150,100,100003,249,100162,249,99989,249,100182,249,99961,100,100232,100,99960,100,100248,100,99955,100,100340,100,99894,100,100347,100,99840,100,100411,100,99726,100,100886,200,99462,100,100985,200,,
2019-06-28 10:05:20.000000000,100150,174,100003,174,100162,174,99989,174,100182,174,99961,174,100232,174,99960,174,100248,100,99955,100,100340,100,99894,100,100347,100,99840,100,100411,100,99726,100,100886,200,99462,100,100985,200,,
2019-06-28 10:05:27.362694320,100150,174,100052,100,100162,174,100003,174,100182,174,99989,174,100232,174,99961,174,100248,100,99960,174,100347,100,99955,100,100411,100,99894,100,100886,200,99840,100,100985,200,99726,100,101040,100,99462,100
2019-06-28 10:05:30.000000000,100150,174,100052,174,100162,174,100003,174,100182,174,99989,174,100232,174,99961,174,100248,100,99960,100,100347,100,99955,100,100411,100,99894,100,100886,200,99840,100,100985,200,99726,100,101040,100,99462,100
2019-06-28 10:05:40.000000000,100150,174,100052,174,100162,174,100003,174,100182,174,99989,174,100232,174,99961,174,100248,100,99960,100,100347,100,99955,100,100411,100,99894,100,100886,200,99840,100,100985,200,99726,100,101040,100,99462,100
2019-06-28 10:05:50.000000000,100150,201,100052,201,100162,198,100003,198,100182,198,99989,198,100232,100,99961,100,100248,100,99960,100,100347,100,99955,100,100411,100,99894,100,100886,200,99840,100,100985,200,99726,100,101040,100,99462,100
2019-06-28 10:06:00.000000000,100150,249,100052,249,100162,249,100003,249,100182,100,99989,100,100232,100,99961,100,100248,100,99960,100,100347,100,99955,100,100411,100,99894,100,100886,200,99840,100,100985,200,99726,100,101040,100,99462,100
2019-06-28 10:06:09.941304852,100150,249,100052,149,100162,249,100003,249,100182,100,99989,100,100232,100,99961,100,100248,100,99960,100,100411,100,99955,100,100886,200,99894,100,100985,200,99840,100,101040,100,99726,100,101057,100,99462,100
2019-06-28 10:06:10.000000000,100150,201,100003,201,100162,198,99989,198,100182,198,99961,198,100232,100,99960,100,100248,100,99955,100,100411,100,99894,100,100886,200,99840,100,100985,200,99726,100,101040,100,99462,100,101057,100,,
2019-06-28 10:06:20.000000000,100150,398,100003,398,100162,100,99989,100,100182,100,99961,100,100232,100,99960,100,100248,100,99955,100,100411,100,99894,100,100886,200,99840,100,100985,200,99726,100,101040,100,99462,100,101057,100,,
2019-06-28 10:06:30.000000000,100150,201,100003,201,100162,198,99989,198,100182,198,99961,198,100232,100,99960,100,100248,100,99955,100,100411,100,99894,100,100886,200,99840,100,100985,200,99726,100,101040,100,99462,100,101057,100,,
2019-06-28 10:06:34.222568019,100150,201,100003,101,100162,198,99989,198,100182,198,99961,198,100248,100,99960,100,100411,100,99955,100,100886,200,99894,100,100985,200,99840,100,101040,100,99726,100,101057,100,99462,100,101080,100,,
2019-06-28 10:06:40.000000000,100150,160,99989,160,100162,160,99961,160,100182,160,99960,160,100248,160,99955,160,100411,160,99894,160,100886,200,99840,100,100985,200,99726,100,101040,100,99462,100,101057,100,,,101080,100,,
2019-06-28 10:06:42.612152450,100150,160,99989,160,100162,160,99961,160,100182,160,99960,160,100248,160,99955,160,100411,160,99894,160,100886,100,99840,100,100985,200,99726,100,101040,100,99462,100,101057,100,,,101080,100,,
