,ask_price_1,ask_size_1,bid_price_1,bid_size_1,ask_price_2,ask_size_2,bid_price_2,bid_size_2,ask_price_3,ask_size_3,bid_price_3,bid_size_3,ask_price_4,ask_size_4,bid_price_4,bid_size_4,ask_price_5,ask_size_5,bid_price_5,bid_size_5,ask_price_6,ask_size_6,bid_price_6,bid_size_6,ask_price_7,ask_size_7,bid_price_7,bid_size_7,ask_price_8,ask_size_8,bid_price_8,bid_size_8,ask_price_9,ask_size_9,bid_price_9,bid_size_9,ask_price_10,ask_size_10,bid_price_10,bid_size_10
2019-06-28 09:30:00.000000000,,,99990,100,,,,,,,,,,,,,,,,,,,,,,,,,,,,,,,,,,,,
2019-06-28 09:30:00.000000004,,,99990,100,,,99960,100,,,,,,,,,,,,,,,,,,,,,,,,,,,,,,,,
2019-06-28 09:30:00.000000005,,,99960,100,,,,,,,,,,,,,,,,,,,,,,,,,,,,,,,,,,,,
2019-06-28 09:30:00.000000007,100170,100,99960,100,,,,,,,,,,,,,,,,,,,,,,,,,,,,,,,,,,,,
2019-06-28 09:30:00.000000008,100170,100,99960,100,,,99922,100,,,,,,,,,,,,,,,,,,,,,,,,,,,,,,,,
2019-06-28 09:30:00.000000009,100129,100,99960,100,100170,100,99922,100,,,,,,,,,,,,,,,,,,,,,,,,,,,,,,,,
2019-06-28 09:30:00.000000010,100106,100,99960,100,100129,100,99922,100,100170,100,,,,,,,,,,,,,,,,,,,,,,,,,,,,,,
2019-06-28 09:30:00.000000011,100106,100,99960,100,100129,100,99930,100,100170,100,99922,100,,,,,,,,,,,,,,,,,,,,,,,,,,,,
2019-06-28 09:30:00.000000012,100106,100,99977,100,100129,100,99960,100,100170,100,99930,100,,,99922,100,,,,,,,,,,,,,,,,,,,,,,,,
2019-06-28 09:30:00.000000013,100106,200,99977,100,100129,100,99960,100,100170,100,99930,100,,,99922,100,,,99882,100,,,,,,,,,,,,,,,,,,,,
2019-06-28 09:30:00.000000015,100106,200,99960,100,100129,100,99930,100,100170,100,99922,100,,,99882,100,,,,,,,,,,,,,,,,,,,,,,,,
2019-06-28 09:30:00.000000016,100076,100,99960,100,100106,200,99930,100,100129,100,99922,100,100170,100,99882,100,,,99876,100,,,,,,,,,,,,,,,,,,,,
2019-06-28 09:30:00.000000017,100042,100,99960,100,100076,100,99930,100,100106,200,99922,100,100129,100,99882,100,100170,100,99876,100,,,,,,,,,,,,,,,,,,,,
2019-06-28 09:30:00.000000018,100042,100,99960,100,100076,100,99930,100,100106,200,99922,100,100129,100,99884,100,100170,100,99882,100,,,99876,100,,,,,,,,,,,,,,,,
2019-06-28 09:30:00.000000020,100042,100,99960,100,100076,100,99949,100,100106,200,99930,100,100129,100,99922,100,100170,100,99884,100,,,99882,100,,,99876,100,,,99719,100,,,,,,,,
2019-06-28 09:30:00.000000022,100042,100,99960,100,100076,100,99949,100,100106,200,99930,100,100129,100,99922,100,100170,100,99884,100,,,99882,100,,,99876,100,,,99868,100,,,99719,100,,,,
2019-06-28 09:30:00.000000026,100042,100,99960,100,100076,100,99949,100,100106,200,99930,100,100129,100,99922,100,100170,100,99886,100,,,99884,100,,,99882,100,,,99876,100,,,99873,100,,,99868,100
2019-06-28 09:30:00.000000027,100042,100,99977,100,100076,100,99960,100,100106,200,99949,100,100129,100,99930,100,100170,100,99922,100,,,99886,100,,,99884,100,,,99882,100,,,99876,100,,,99873,100
2019-06-28 09:30:00.000000029,100042,100,99977,200,100076,100,99960,100,100106,200,99949,100,100129,100,99930,100,100170,100,99922,100,,,99886,100,,,99884,100,,,99882,100,,,99876,100,,,99873,100
2019-06-28 09:30:00.000000030,100042,100,99977,200,100076,100,99969,100,100106,200,99960,100,100129,100,99949,100,100170,100,99930,100,,,99922,100,,,99886,100,,,99884,100,,,99882,100,,,99876,100
2019-06-28 09:30:00.000000031,100042,100,99993,100,100076,100,99977,200,100106,200,99969,100,100129,100,99960,100,100170,100,99949,100,,,99930,100,,,99922,100,,,99886,100,,,99884,100,,,99882,100
2019-06-28 09:30:00.000000032,100076,100,99977,200,100106,200,99969,100,100129,100,99960,100,100170,100,99949,100,,,99930,100,,,99922,100,,,99886,100,,,99884,100,,,99882,100,,,99876,100
2019-06-28 09:30:00.000000035,100076,100,99977,200,100106,200,99969,100,100129,100,99960,100,100170,100,99949,100,,,99930,100,,,99922,100,,,99892,100,,,99886,100,,,99884,100,,,99882,100
2019-06-28 09:30:00.000000036,100076,100,99977,200,100104,100,99969,100,100106,200,99960,100,100129,100,99949,100,100170,100,99930,100,,,99922,100,,,99892,100,,,99886,100,,,99884,100,,,99882,100
2019-06-28 09:30:00.000000038,100076,100,99993,100,100104,100,99977,200,100106,200,99969,100,100129,100,99960,100,100170,100,99949,100,,,99930,100,,,99922,100,,,99892,100,,,99886,100,,,99884,100
2019-06-28 09:30:00.000000042,100076,100,99977,200,100104,100,99969,100,100106,200,99960,100,100129,100,99949,100,100170,100,99930,100,,,99922,100,,,99892,100,,,99886,100,,,99884,100,,,99882,100
2019-06-28 09:30:00.000000043,100076,100,99993,100,100104,100,99977,200,100106,200,99969,100,100129,100,99960,100,100170,100,99949,100,,,99930,100,,,99922,100,,,99892,100,,,99886,100,,,99884,100
2019-06-28 09:30:00.000000044,100047,100,99993,100,100076,100,99977,200,100104,100,99969,100,100106,200,99960,100,100129,100,99949,100,100170,100,99930,100,,,99922,100,,,99892,100,,,99886,100,,,99884,100
2019-06-28 09:30:00.000000046,100047,100,99993,200,100076,100,99977,200,100104,100,99969,100,100106,200,99960,100,100129,100,99949,100,100170,100,99930,100,,,99922,100,,,99892,100,,,99886,100,,,99884,100
2019-06-28 09:30:00.000000048,100047,100,99993,200,100076,100,99979,100,100104,100,99977,200,100106,200,99969,100,100129,100,99960,100,100170,100,99949,100,,,99930,100,,,99922,100,,,99892,100,,,99886,100
2019-06-28 09:30:00.000000051,100047,100,99993,200,100076,200,99979,100,100104,100,99977,200,100106,200,99969,100,100129,100,99960,100,100170,100,99949,100,,,99930,100,,,99922,100,,,99892,100,,,99886,100
2019-06-28 09:30:00.000000053,100047,100,99993,300,100076,200,99979,100,100104,100,99977,200,100106,200,99969,100,100129,100,99960,100,100170,100,99949,100,,,99930,100,,,99922,100,,,99892,100,,,99886,100
2019-06-28 09:30:00.000000054,100076,200,99993,300,100104,100,99979,100,100106,200,99977,200,100129,100,99969,100,100170,100,99960,100,,,99949,100,,,99930,100,,,99922,100,,,99892,100,,,99886,100
2019-06-28 09:30:00.000000055,100076,100,99993,300,100104,100,99983,100,100106,200,99979,100,100129,100,99977,200,100170,100,99969,100,,,99960,100,,,99949,100,,,99930,100,,,99922,100,,,99892,100
2019-06-28 09:30:00.000000056,100028,100,99993,300,100076,100,99983,100,100104,100,99979,100,100106,200,99977,200,100129,100,99969,100,100170,100,99960,100,,,99949,100,,,99930,100,,,99922,100,,,99892,100
2019-06-28 09:30:00.000000059,100015,100,99993,200,100028,100,99983,100,100076,100,99979,100,100096,100,99977,200,100104,100,99969,100,100106,200,99960,100,100129,100,99949,100,100170,100,99930,100,,,99922,100,,,99892,100
2019-06-28 09:30:00.000000062,100008,100,99993,200,100015,100,99983,100,100028,100,99979,100,100076,100,99977,200,100096,100,99969,100,100104,100,99960,100,100106,200,99949,100,100129,100,99930,100,100170,100,99922,100,,,99920,100
2019-06-28 09:30:00.000000064,100008,100,99993,200,100015,100,99984,100,100028,100,99983,100,100076,100,99979,100,100096,100,99977,200,100104,100,99969,100,100106,200,99960,100,100129,100,99949,100,100170,100,99930,100,,,99922,100
2019-06-28 09:30:00.000000067,100008,100,99993,200,100015,100,99984,100,100028,100,99983,100,100035,100,99979,100,100076,100,99977,200,100096,100,99969,100,100104,100,99960,100,100106,200,99949,100,100129,100,99930,100,100170,100,99922,100
2019-06-28 09:30:00.000000069,99995,100,99993,200,100008,100,99984,100,100015,100,99983,100,100028,100,99979,100,100035,100,99977,200,100076,100,99969,100,100096,100,99960,100,100104,100,99949,100,100106,200,99930,100,100129,100,99922,100
2019-06-28 09:30:00.000000070,99995,100,99993,100,100008,100,99984,100,100015,100,99983,100,100028,100,99979,100,100035,100,99977,200,100076,100,99969,100,100096,100,99960,100,100104,100,99949,100,100106,200,99930,100,100129,100,99922,100
2019-06-28 09:30:00.000000074,99995,100,99993,100,100008,100,99984,100,100015,100,99983,100,100028,100,99979,100,100035,100,99977,200,100076,100,99969,100,100096,100,99960,100,100104,100,99949,100,100106,200,99930,100,100127,100,99922,100
2019-06-28 09:30:00.000000075,100008,100,99993,100,100015,100,99984,100,100028,100,99983,100,100035,100,99979,100,100076,100,99977,200,100096,100,99969,100,100104,100,99960,100,100106,200,99949,100,100127,100,99930,100,100129,100,99922,100
2019-06-28 09:30:00.000000080,100008,100,99993,100,100015,100,99984,100,100028,100,99983,100,100035,100,99979,100,100076,100,99977,200,100096,100,99969,100,100104,100,99960,100,100106,200,99949,100,100127,100,99930,100,100129,100,99922,100
2019-06-28 09:30:00.000000083,100008,100,99993,100,100015,100,99984,100,100028,100,99983,100,100035,100,99979,100,100076,100,99977,300,100096,100,99969,100,100104,100,99960,100,100106,200,99949,100,100127,100,99930,100,100129,100,99922,100
2019-06-28 09:30:00.000000084,100008,100,99984,100,100015,100,99983,100,100028,100,99979,100,100035,100,99977,300,100076,100,99969,100,100096,100,99960,100,100104,100,99949,100,100106,200,99930,100,100127,100,99922,100,100129,100,99920,100
2019-06-28 09:30:00.000000085,100008,100,99984,100,100015,100,99983,100,100022,100,99979,100,100028,100,99977,300,100035,100,99969,100,100076,100,99960,100,100096,100,99949,100,100104,100,99930,100,100106,200,99922,100,100127,100,99920,100
2019-06-28 09:30:00.000000087,100005,100,99984,100,100008,100,99983,100,100015,100,99979,100,100022,100,99977,300,100028,100,99969,100,100035,100,99960,100,100076,100,99949,100,100096,100,99930,100,100104,100,99922,100,100106,200,99920,100
2019-06-28 09:30:00.000000091,100005,100,99984,100,100008,100,99983,100,100015,100,99979,100,100022,100,99977,300,100028,100,99969,100,100035,100,99960,100,100076,100,99949,100,100082,100,99930,100,100096,100,99922,100,100104,100,99920,100
2019-06-28 09:30:00.000000093,100008,100,99984,100,100015,100,99983,100,100022,100,99979,100,100028,100,99977,300,100035,100,99969,100,100076,100,99960,100,100082,100,99949,100,100096,100,99930,100,100104,100,99922,100,100106,200,99920,100
2019-06-28 09:30:00.000000094,100008,100,99993,100,100015,100,99984,100,100022,100,99983,100,100028,100,99979,100,100034,100,99977,300,100035,100,99969,100,100076,100,99960,100,100082,100,99949,100,100096,100,99930,100,100104,100,99922,100
2019-06-28 09:30:00.000000095,100005,100,99993,100,100008,100,99984,100,100015,100,99983,100,100022,100,99979,100,100028,100,99977,300,100034,100,99969,100,100035,100,99960,100,100076,100,99949,100,100082,100,99939,100,100096,100,99930,100
2019-06-28 09:30:00.000000098,100005,100,99993,100,100008,100,99984,100,100015,100,99983,100,100022,100,99981,100,100028,100,99979,100,100034,100,99977,300,100035,100,99969,100,100076,100,99960,100,100082,100,99949,100,100096,100,99939,100
2019-06-28 09:30:01.994662515,100005,100,99993,200,100008,100,99984,100,100015,100,99983,100,100022,100,99981,100,100028,100,99979,100,100034,100,99977,300,100035,100,99969,100,100076,100,99960,100,100082,100,99949,100,100096,100,99939,100
2019-06-28 09:30:10.000000000,100005,192,99993,292,100008,192,99984,192,100015,192,99983,192,100022,192,99981,192,100028,100,99979,100,100034,100,99977,300,100035,100,99969,100,100076,100,99960,100,100082,100,99949,100,100096,100,99939,100
2019-06-28 09:30:17.002902589,100005,192,99993,292,100008,192,99984,192,100015,192,99983,192,100022,192,99981,192,100028,100,99979,100,100034,100,99977,300,100035,100,99969,100,100076,100,99960,100,100082,100,99949,100,100096,100,99939,100
2019-06-28 09:30:20.000000000,100005,192,99993,292,100008,192,99984,192,100015,192,99983,192,100022,192,99981,192,100028,100,99979,100,100034,100,99977,300,100035,100,99969,100,100076,100,99960,100,100082,100,99949,100,100096,100,99939,100
2019-06-28 09:30:24.860103320,100005,192,99993,292,100008,192,99984,192,100015,192,99983,192,100022,192,99981,192,100028,100,99979,100,100034,100,99977,300,100035,100,99969,100,100076,100,99960,100,100082,100,99949,100,100096,100,99939,100
2019-06-28 09:30:30.000000000,100005,174,99993,274,100008,174,99984,174,100015,174,99983,174,100022,174,99981,174,100028,174,99979,174,100034,100,99977,300,100035,100,99969,100,100076,100,99960,100,100082,100,99949,100,100096,100,99939,100
2019-06-28 09:30:34.061841444,100005,174,99993,274,100008,174,99984,174,100015,174,99983,174,100022,174,99981,174,100028,174,99979,174,100034,100,99977,300,100035,100,99969,100,100076,100,99960,100,100082,100,99949,100,100096,100,99939,100
2019-06-28 09:30:40.000000000,100005,469,99993,569,100008,100,99984,100,100015,100,99983,100,100022,100,99981,100,100028,100,99979,100,100034,100,99977,300,100035,100,99969,100,100076,100,99960,100,100082,100,99949,100,100096,100,99939,100
2019-06-28 09:30:40.048636238,100005,469,99993,569,100015,100,99984,100,100022,100,99983,100,100028,100,99981,100,100034,100,99979,100,100035,100,99977,300,100076,100,99969,100,100082,100,99960,100,100096,100,99949,100,100104,100,99939,100
2019-06-28 09:30:43.035655771,100005,469,99993,569,100015,100,99984,100,100022,100,99983,100,100028,100,99981,100,100034,100,99979,100,100035,100,99977,300,100076,100,99969,100,100082,100,99960,100,100096,100,99949,100,100104,100,99939,100
2019-06-28 09:30:50.000000000,100005,225,99993,325,100015,222,99984,222,100022,222,99983,222,100028,100,99981,100,100034,100,99979,100,100035,100,99977,300,100076,100,99969,100,100082,100,99960,100,100096,100,99949,100,100104,100,99939,100
2019-06-28 09:30:52.940141245,100005,225,99993,325,100015,222,99984,222,100022,222,99983,222,100028,100,99981,100,100034,100,99979,100,100035,100,99977,300,100076,100,99969,100,100082,100,99968,100,100096,100,99960,100,100104,100,99949,100
2019-06-28 09:30:58.860365221,100005,225,99993,325,100015,222,99984,222,100022,222,99983,222,100028,100,99981,100,100034,100,99979,100,100035,100,99977,300,100082,100,99969,100,100096,100,99968,100,100104,100,99960,100,100106,200,99949,100
2019-06-28 09:31:00.000000000,100005,469,99993,569,100015,100,99984,100,100022,100,99983,100,100028,100,99981,100,100034,100,99979,100,100035,100,99977,300,100082,100,99969,100,100096,100,99968,100,100104,100,99960,100,100106,200,99949,100
2019-06-28 09:31:10.000000000,100005,225,99993,325,100015,222,99984,222,100022,222,99983,222,100028,100,99981,100,100034,100,99979,100,100035,100,99977,300,100082,100,99969,100,100096,100,99968,100,100104,100,99960,100,100106,200,99949,100
2019-06-28 09:31:20.000000000,100005,284,99993,384,100015,284,99984,284,100022,100,99983,100,100028,100,99981,100,100034,100,99979,100,100035,100,99977,300,100082,100,99969,100,100096,100,99968,100,100104,100,99960,100,100106,200,99949,100
2019-06-28 09:31:26.274044231,100005,284,99993,284,100015,284,99984,284,100022,100,99983,100,100028,100,99981,100,100035,100,99979,100,100082,100,99977,300,100096,100,99969,100,100104,100,99968,100,100106,200,99960,100,100114,100,99949,100
2019-06-28 09:31:30.000000000,100005,174,99993,174,100015,174,99984,174,100022,174,99983,174,100028,174,99981,174,100035,174,99979,174,100082,100,99977,300,100096,100,99969,100,100104,100,99968,100,100106,200,99960,100,100114,100,99949,100
2019-06-28 09:31:30.060241943,100005,74,99993,174,100015,174,99984,174,100022,174,99983,174,100028,174,99981,174,100035,174,99979,174,100082,100,99977,300,100096,100,99969,100,100104,100,99968,100,100106,200,99960,100,100114,100,99949,100
2019-06-28 09:31:35.412453811,100005,74,99994,100,100015,174,99993,174,100022,174,99984,174,100028,174,99983,174,100035,174,99981,174,100082,100,99979,174,100096,100,99977,300,100104,100,99969,100,100106,200,99968,100,100114,100,99960,100
2019-06-28 09:31:40.000000000,100015,469,99994,469,100022,100,99993,100,100028,100,99984,100,100035,100,99983,100,100082,100,99981,100,100096,100,99979,100,100104,100,99977,300,100106,200,99969,100,100114,100,99968,100,100127,100,99960,100
2019-06-28 09:31:50.000000000,100015,192,99994,192,100022,192,99993,192,100028,192,99984,192,100035,192,99983,192,100082,100,99981,100,100096,100,99979,100,100104,100,99977,300,100106,200,99969,100,100114,100,99968,100,100127,100,99960,100
2019-06-28 09:32:00.000000000,100015,174,99994,174,100022,174,99993,174,100028,174,99984,174,100035,174,99983,174,100082,174,99981,174,100096,100,99979,100,100104,100,99977,300,100106,200,99969,100,100114,100,99968,100,100127,100,99960,100
2019-06-28 09:32:08.816124411,100015,74,99994,174,100022,174,99993,174,100028,74,99984,174,100035,174,99983,174,100082,174,99981,174,100096,100,99979,100,100104,100,99977,300,100106,200,99969,100,100114,100,99968,100,100127,100,99960,100
2019-06-28 09:32:09.203652946,100022,174,100015,26,100028,74,99994,174,100035,174,99993,174,100082,174,99984,174,100096,100,99983,174,100104,100,99981,174,100106,200,99979,100,100114,100,99977,300,100127,100,99969,100,100129,100,99960,100
2019-06-28 09:32:10.000000000,100022,225,100015,151,100035,222,99994,222,100082,222,99993,222,100096,100,99984,100,100104,100,99983,100,100106,200,99981,100,100114,100,99979,100,100127,100,99977,300,100129,100,99969,100,100150,100,99960,100
2019-06-28 09:32:10.601740972,100022,225,100015,151,100035,222,99994,222,100082,222,99993,222,100096,100,99984,100,100104,100,99983,100,100106,200,99981,100,100114,100,99979,100,100127,100,99977,300,100129,100,99969,100,100150,100,99960,100
2019-06-28 09:32:13.537134720,100022,225,100015,251,100035,222,99994,222,100082,222,99993,222,100096,100,99984,100,100104,100,99983,100,100106,200,99981,100,100114,100,99979,100,100127,100,99977,300,100129,100,99969,100,100150,100,99960,100
2019-06-28 09:32:20.000000000,100022,469,100015,495,100035,100,99994,100,100082,100,99993,100,100096,100,99984,100,100104,100,99983,100,100106,200,99981,100,100114,100,99979,100,100127,100,99977,300,100129,100,99969,100,100150,100,99960,100
2019-06-28 09:32:30.000000000,100022,174,100015,200,100035,174,99994,174,100082,174,99993,174,100096,174,99984,174,100104,174,99983,174,100106,200,99981,100,100114,100,99979,100,100127,100,99977,300,100129,100,99969,100,100150,100,99960,100
2019-06-28 09:32:40.000000000,100022,192,100015,218,100035,192,99994,192,100082,192,99993,192,100096,192,99984,192,100104,100,99983,100,100106,200,99981,100,100114,100,99979,100,100127,100,99977,300,100129,100,99969,100,100150,100,99960,100
2019-06-28 09:32:47.397736882,100022,192,100015,218,100035,192,99994,192,100082,192,99993,192,100096,192,99984,192,100104,100,99983,100,100106,200,99981,100,100114,100,99979,100,100127,100,99977,300,100129,100,99969,100,100169,100,99960,100
2019-06-28 09:32:50.000000000,100022,225,100015,251,100035,222,99994,222,100082,222,99993,222,100096,100,99984,100,100104,100,99983,100,100106,200,99981,100,100114,100,99979,100,100127,100,99977,300,100129,100,99969,100,100169,100,99960,100
2019-06-28 09:32:59.415028313,100022,225,100015,351,100035,222,99994,222,100082,222,99993,222,100096,100,99984,100,100104,100,99983,100,100106,200,99981,100,100114,100,99979,100,100127,100,99977,300,100169,100,99969,100,100170,100,99960,100
2019-06-28 09:33:00.000000000,100022,284,100015,410,100035,284,99994,284,100082,100,99993,100,100096,100,99984,100,100104,100,99983,100,100106,200,99981,100,100114,100,99979,100,100127,100,99977,300,100169,100,99969,100,100170,100,99960,100
2019-06-28 09:33:08.495167395,100022,184,100015,384,100035,284,99994,284,100082,100,99993,100,100096,100,99984,100,100104,100,99983,100,100106,200,99981,100,100114,100,99979,100,100127,100,99977,300,100169,100,99969,100,100170,100,99960,100
2019-06-28 09:33:10.000000000,100035,174,100015,274,100082,174,99994,174,100096,174,99993,174,100104,174,99984,174,100106,274,99983,174,100114,100,99981,100,100127,100,99979,100,100169,100,99977,300,100170,100,99969,100,100202,100,99960,100
2019-06-28 09:33:20.000000000,100035,225,100015,325,100082,222,99994,222,100096,222,99993,222,100104,100,99984,100,100106,200,99983,100,100114,100,99981,100,100127,100,99979,100,100169,100,99977,300,100170,100,99969,100,100202,100,99960,100
2019-06-28 09:33:30.000000000,100035,192,100015,292,100082,192,99994,192,100096,192,99993,192,100104,192,99984,192,100106,200,99983,100,100114,100,99981,100,100127,100,99979,100,100169,100,99977,300,100170,100,99969,100,100202,100,99960,100
2019-06-28 09:33:40.000000000,100035,469,100015,569,100082,100,99994,100,100096,100,99993,100,100104,100,99984,100,100106,200,99983,100,100114,100,99981,100,100127,100,99979,100,100169,100,99977,300,100170,100,99969,100,100202,100,99960,100
2019-06-28 09:33:48.315941073,100035,469,100015,569,100082,100,99994,100,100096,100,99993,100,100104,100,99984,100,100106,200,99983,100,100114,100,99981,100,100127,100,99979,100,100169,100,99977,300,100170,100,99969,100,100202,100,99960,100
2019-06-28 09:33:50.000000000,100035,225,100015,325,100082,222,99994,222,100096,222,99993,222,100104,100,99984,100,100106,200,99983,100,100114,100,99981,100,100127,100,99979,100,100169,100,99977,300,100170,100,99969,100,100202,100,99960,100
2019-06-28 09:34:00.000000000,100035,284,100015,384,100082,284,99994,284,100096,100,99993,100,100104,100,99984,100,100106,200,99983,100,100114,100,99981,100,100127,100,99979,100,100169,100,99977,300,100170,100,99969,100,100202,100,99960,100
2019-06-28 09:34:04.217861914,100035,284,100015,384,100082,284,99994,284,100096,100,99993,100,100104,100,99984,100,100106,200,99983,100,100114,100,99981,100,100127,100,99979,100,100169,100,99977,300,100170,100,99969,100,100202,100,99960,100
2019-06-28 09:34:06.753191664,100035,284,100015,384,100044,100,99994,284,100082,184,99993,100,100096,100,99984,100,100104,100,99983,100,100106,200,99981,100,100114,100,99979,100,100127,100,99977,300,100169,100,99969,100,100170,100,99960,100
2019-06-28 09:34:10.000000000,100035,192,100015,292,100044,192,99994,192,100096,192,99993,192,100104,192,99984,192,100106,200,99983,100,100114,100,99981,100,100127,100,99979,100,100169,100,99977,300,100170,100,99969,100,100202,100,99960,100
2019-06-28 09:34:20.000000000,100035,469,100015,569,100044,100,99994,100,100096,100,99993,100,100104,100,99984,100,100106,200,99983,100,100114,100,99981,100,100127,100,99979,100,100169,100,99977,300,100170,100,99969,100,100202,100,99960,100
2019-06-28 09:34:27.777661774,100035,469,100015,569,100044,100,99994,100,100096,100,99993,100,100104,100,99984,100,100106,200,99983,100,100114,100,99981,100,100127,100,99979,100,100169,100,99977,300,100170,100,99969,100,100202,100,99960,100
2019-06-28 09:34:30.000000000,100035,469,100015,569,100044,100,99994,100,100096,100,99993,100,100104,100,99984,100,100106,200,99983,100,100114,100,99981,100,100127,100,99979,100,100169,100,99977,300,100170,100,99969,100,100202,100,99960,100
2019-06-28 09:34:40.000000000,100035,192,100015,292,100044,192,99994,192,100096,192,99993,192,100104,192,99984,192,100106,200,99983,100,100114,100,99981,100,100127,100,99979,100,100169,100,99977,300,100170,100,99969,100,100202,100,99960,100
2019-06-28 09:34:50.000000000,100035,192,100015,292,100044,192,99994,192,100096,192,99993,192,100104,192,99984,192,100106,200,99983,100,100114,100,99981,100,100127,100,99979,100,100169,100,99977,300,100170,100,99969,100,100202,100,99960,100
2019-06-28 09:34:58.746280262,100021,100,100015,292,100035,192,99994,92,100044,192,99993,192,100096,192,99984,192,100104,192,99983,100,100106,200,99981,100,100114,100,99979,100,100127,100,99977,300,100169,100,99969,100,100170,100,99960,100
2019-06-28 09:35:00.000000000,100021,225,100015,325,100035,222,99993,222,100044,222,99984,222,100096,100,99983,100,100104,100,99981,100,100106,200,99979,100,100114,100,99977,300,100127,100,99969,100,100169,100,99960,100,100170,100,99949,100
2019-06-28 09:35:10.000000000,100021,192,100015,292,100035,192,99993,192,100044,192,99984,192,100096,192,99983,192,100104,100,99981,100,100106,200,99979,100,100114,100,99977,300,100127,100,99969,100,100169,100,99960,100,100170,100,99949,100
2019-06-28 09:35:16.586432275,100021,292,100015,292,100035,192,99993,92,100044,192,99984,192,100096,192,99983,192,100104,100,99981,100,100106,200,99979,100,100114,100,99977,300,100127,100,99969,100,100169,100,99960,100,100170,100,99949,100
2019-06-28 09:35:20.000000000,100021,384,100015,384,100035,284,99984,284,100044,100,99983,100,100096,100,99981,100,100104,100,99979,100,100106,200,99977,300,100114,100,99969,100,100127,100,99960,100,100169,100,99949,100,100170,100,99939,100
2019-06-28 09:35:30.000000000,100021,384,100015,384,100035,284,99984,284,100044,100,99983,100,100096,100,99981,100,100104,100,99979,100,100106,200,99977,300,100114,100,99969,100,100127,100,99960,100,100169,100,99949,100,100170,100,99939,100
2019-06-28 09:35:40.000000000,100021,384,100015,384,100035,284,99984,284,100044,100,99983,100,100096,100,99981,100,100104,100,99979,100,100106,200,99977,300,100114,100,99969,100,100127,100,99960,100,100169,100,99949,100,100170,100,99939,100
2019-06-28 09:35:50.000000000,100021,292,100015,292,100035,192,99984,192,100044,192,99983,192,100096,192,99981,192,100104,100,99979,100,100106,200,99977,300,100114,100,99969,100,100127,100,99960,100,100169,100,99949,100,100170,100,99939,100
2019-06-28 09:36:00.000000000,100021,569,100015,569,100035,100,99984,100,100044,100,99983,100,100096,100,99981,100,100104,100,99979,100,100106,200,99977,300,100114,100,99969,100,100127,100,99960,100,100169,100,99949,100,100170,100,99939,100
2019-06-28 09:36:10.000000000,100021,292,100015,292,100035,192,99984,192,100044,192,99983,192,100096,192,99981,192,100104,100,99979,100,100106,200,99977,300,100114,100,99969,100,100127,100,99960,100,100169,100,99949,100,100170,100,99939,100
2019-06-28 09:36:10.399845941,100021,292,100015,292,100035,192,99984,192,100044,192,99983,192,100096,192,99981,192,100104,100,99979,100,100106,200,99977,300,100114,100,99969,100,100127,100,99960,100,100169,100,99949,100,100170,100,99939,100
2019-06-28 09:36:14.481289519,100021,292,100015,292,100035,192,99984,192,100044,192,99983,192,100096,192,99981,192,100104,100,99979,100,100106,200,99977,300,100114,100,99969,100,100127,100,99960,100,100169,100,99949,100,100170,100,99939,100
2019-06-28 09:36:20.000000000,100021,292,100015,292,100035,192,99984,192,100044,192,99983,192,100096,192,99981,192,100104,100,99979,100,100106,200,99977,300,100114,100,99969,100,100127,100,99960,100,100169,100,99949,100,100170,100,99939,100
2019-06-28 09:36:22.996389944,100021,292,100015,292,100035,192,99984,192,100044,192,99983,192,100096,192,99981,192,100104,100,99979,100,100106,200,99977,300,100114,100,99969,100,100127,100,99960,100,100169,100,99949,100,100170,100,99939,100
2019-06-28 09:36:23.307648080,100021,292,100015,192,100035,192,99984,192,100044,192,99983,192,100096,192,99981,192,100104,100,99979,100,100106,200,99977,300,100114,100,99969,100,100127,100,99960,100,100169,100,99949,100,100170,100,99939,100
2019-06-28 09:36:30.000000000,100021,274,100015,174,100035,174,99984,174,100044,174,99983,174,100096,174,99981,174,100104,174,99979,174,100106,200,99977,300,100114,100,99969,100,100127,100,99960,100,100169,100,99949,100,100170,100,99939,100
2019-06-28 09:36:40.000000000,100021,569,100015,469,100035,100,99984,100,100044,100,99983,100,100096,100,99981,100,100104,100,99979,100,100106,200,99977,300,100114,100,99969,100,100127,100,99960,100,100169,100,99949,100,100170,100,99939,100
2019-06-28 09:36:50.000000000,100021,274,100015,174,100035,174,99984,174,100044,174,99983,174,100096,174,99981,174,100104,174,99979,174,100106,200,99977,300,100114,100,99969,100,100127,100,99960,100,100169,100,99949,100,100170,100,99939,100
2019-06-28 09:37:00.000000000,100021,325,100015,225,100035,222,99984,222,100044,222,99983,222,100096,100,99981,100,100104,100,99979,100,100106,200,99977,300,100114,100,99969,100,100127,100,99960,100,100169,100,99949,100,100170,100,99939,100
2019-06-28 09:37:10.000000000,100021,384,100015,284,100035,284,99984,284,100044,100,99983,100,100096,100,99981,100,100104,100,99979,100,100106,200,99977,300,100114,100,99969,100,100127,100,99960,100,100169,100,99949,100,100170,100,99939,100
2019-06-28 09:37:14.835573348,100021,384,100015,284,100035,284,99984,284,100044,100,99983,100,100096,100,99981,100,100104,100,99979,100,100106,200,99977,300,100114,100,99969,100,100126,100,99960,100,100127,100,99949,100,100169,100,99939,100
2019-06-28 09:37:20.000000000,100021,384,100015,284,100035,284,99984,284,100044,100,99983,100,100096,100,99981,100,100104,100,99979,100,100106,200,99977,300,100114,100,99969,100,100126,100,99960,100,100127,100,99949,100,100169,100,99939,100
2019-06-28 09:37:30.000000000,100021,274,100015,174,100035,174,99984,174,100044,174,99983,174,100096,174,99981,174,100104,174,99979,174,100106,200,99977,300,100114,100,99969,100,100126,100,99960,100,100127,100,99949,100,100169,100,99939,100
2019-06-28 09:37:40.000000000,100021,569,100015,469,100035,100,99984,100,100044,100,99983,100,100096,100,99981,100,100104,100,99979,100,100106,200,99977,300,100114,100,99969,100,100126,100,99960,100,100127,100,99949,100,100169,100,99939,100
2019-06-28 09:37:48.320237649,100021,469,100015,469,100035,100,99984,100,100044,100,99983,100,100096,100,99981,100,100104,100,99979,100,100106,200,99977,300,100114,100,99969,100,100126,100,99960,100,100127,100,99949,100,100169,100,99939,100
2019-06-28 09:37:50.000000000,100021,284,100015,284,100035,284,99984,284,100044,100,99983,100,100096,100,99981,100,100104,100,99979,100,100106,200,99977,300,100114,100,99969,100,100126,100,99960,100,100127,100,99949,100,100169,100,99939,100
2019-06-28 09:38:00.000000000,100021,174,100015,174,100035,174,99984,174,100044,174,99983,174,100096,174,99981,174,100104,174,99979,174,100106,200,99977,300,100114,100,99969,100,100126,100,99960,100,100127,100,99949,100,100169,100,99939,100
2019-06-28 09:38:03.079452085,100021,74,100015,174,100035,174,99984,174,100044,174,99983,174,100096,174,99981,174,100104,74,99979,174,100106,200,99977,300,100114,100,99969,100,100126,100,99960,100,100127,100,99949,100,100169,100,99939,100
2019-06-28 09:38:10.000000000,100035,225,100015,225,100044,222,99984,222,100096,222,99983,222,100106,200,99981,100,100114,100,99979,100,100126,100,99977,300,100127,100,99969,100,100169,100,99960,100,100170,100,99949,100,100202,100,99939,100
2019-06-28 09:38:10.566653782,100035,125,100015,225,100044,222,99984,222,100096,122,99983,222,100106,200,99981,100,100114,100,99979,100,100126,100,99977,300,100127,100,99969,100,100169,100,99960,100,100170,100,99949,100,100202,100,99939,100
2019-06-28 09:38:20.000000000,100044,469,100015,469,100106,200,99984,100,100114,100,99983,100,100126,100,99981,100,100127,100,99979,100,100169,100,99977,300,100170,100,99969,100,100202,100,99960,100,100218,100,99949,100,100330,100,99939,100
2019-06-28 09:38:30.000000000,100044,174,100015,174,100106,274,99984,174,100114,174,99983,174,100126,174,99981,174,100127,174,99979,174,100169,100,99977,300,100170,100,99969,100,100202,100,99960,100,100218,100,99949,100,100330,100,99939,100
2019-06-28 09:38:40.000000000,100044,225,100015,225,100106,322,99984,222,100114,222,99983,222,100126,100,99981,100,100127,100,99979,100,100169,100,99977,300,100170,100,99969,100,100202,100,99960,100,100218,100,99949,100,100330,100,99939,100
2019-06-28 09:38:50.000000000,100044,469,100015,469,100106,200,99984,100,100114,100,99983,100,100126,100,99981,100,100127,100,99979,100,100169,100,99977,300,100170,100,99969,100,100202,100,99960,100,100218,100,99949,100,100330,100,99939,100
2019-06-28 09:39:00.000000000,100044,174,100015,174,100106,274,99984,174,100114,174,99983,174,100126,174,99981,174,100127,174,99979,174,100169,100,99977,300,100170,100,99969,100,100202,100,99960,100,100218,100,99949,100,100330,100,99939,100
2019-06-28 09:39:02.622628766,100044,174,100015,174,100106,274,99984,174,100114,174,99983,174,100126,174,99981,174,100127,174,99979,174,100169,100,99977,300,100170,100,99969,100,100202,100,99960,100,100218,100,99949,100,100330,100,99939,100
2019-06-28 09:39:05.781782708,100044,74,100015,174,100106,274,99984,174,100114,174,99983,174,100126,74,99981,174,100127,174,99979,174,100169,100,99977,300,100170,100,99969,100,100202,100,99960,100,100218,100,99949,100,100330,100,99939,100
2019-06-28 09:39:10.000000000,100106,292,100015,192,100114,192,99984,192,100127,192,99983,192,100169,192,99981,192,100170,100,99979,100,100202,100,99977,300,100218,100,99969,100,100330,100,99960,100,100582,100,99949,100,100619,100,99939,100
2019-06-28 09:39:20.000000000,100106,292,100015,192,100114,192,99984,192,100127,192,99983,192,100169,192,99981,192,100170,100,99979,100,100202,100,99977,300,100218,100,99969,100,100330,100,99960,100,100582,100,99949,100,100619,100,99939,100
2019-06-28 09:39:24.734828115,100106,192,100015,192,100114,192,99984,192,100127,192,99983,192,100169,92,99981,192,100170,100,99979,100,100202,100,99977,300,100218,100,99969,100,100330,100,99960,100,100582,100,99949,100,100619,100,99939,100
2019-06-28 09:39:30.000000000,100106,469,100015,469,100114,100,99984,100,100127,100,99983,100,100170,100,99981,100,100202,100,99979,100,100218,100,99977,300,100330,100,99969,100,100582,100,99960,100,100619,100,99949,100,,,99939,100
2019-06-28 09:39:40.000000000,100106,192,100015,192,100114,192,99984,192,100127,192,99983,192,100170,192,99981,192,100202,100,99979,100,100218,100,99977,300,100330,100,99969,100,100582,100,99960,100,100619,100,99949,100,,,99939,100
2019-06-28 09:39:50.000000000,100106,192,100015,192,100114,192,99984,192,100127,192,99983,192,100170,192,99981,192,100202,100,99979,100,100218,100,99977,300,100330,100,99969,100,100582,100,99960,100,100619,100,99949,100,,,99939,100
2019-06-28 09:39:58.307462790,100106,192,100044,100,100114,192,100015,192,100127,192,99984,192,100170,192,99983,192,100202,100,99981,192,100218,100,99979,100,100330,100,99977,300,100582,100,99969,100,100619,100,99960,100,,,99949,100
2019-06-28 09:40:00.000000000,100106,174,100044,174,100114,174,100015,174,100127,174,99984,174,100170,174,99983,174,100202,174,99981,174,100218,100,99979,100,100330,100,99977,300,100582,100,99969,100,100619,100,99960,100,,,99949,100
2019-06-28 09:40:10.000000000,100106,174,100044,174,100114,174,100015,174,100127,174,99984,174,100170,174,99983,174,100202,174,99981,174,100218,100,99979,100,100330,100,99977,300,100582,100,99969,100,100619,100,99960,100,,,99949,100
2019-06-28 09:40:19.926992572,100106,174,100044,274,100114,174,100015,174,100127,174,99984,174,100170,174,99983,174,100202,174,99981,174,100218,100,99979,100,100330,100,99977,300,100582,100,99969,100,100619,100,99960,100,,,99949,100
2019-06-28 09:40:20.000000000,100106,192,100044,292,100114,192,100015,192,100127,192,99984,192,100170,192,99983,192,100202,100,99981,100,100218,100,99979,100,100330,100,99977,300,100582,100,99969,100,100619,100,99960,100,,,99949,100
2019-06-28 09:40:20.282766098,100106,192,100044,292,100114,192,100015,192,100127,92,99984,192,100170,192,99983,192,100202,100,99981,100,100218,100,99979,100,100330,100,99977,300,100582,100,99969,100,100619,100,99960,100,100915,100,99949,100
2019-06-28 09:40:24.750062458,100106,92,100044,292,100114,192,100015,192,100127,92,99984,192,100170,192,99983,192,100202,100,99981,100,100218,100,99979,100,100330,100,99977,300,100582,100,99969,100,100619,100,99960,100,100915,100,99949,100
2019-06-28 09:40:30.000000000,100114,225,100044,325,100170,222,100015,222,100202,222,99984,222,100218,100,99983,100,100330,100,99981,100,100582,100,99979,100,100619,100,99977,300,100915,100,99969,100,,,99960,100,,,99949,100
2019-06-28 09:40:40.000000000,100114,192,100044,292,100170,192,100015,192,100202,192,99984,192,100218,192,99983,192,100330,100,99981,100,100582,100,99979,100,100619,100,99977,300,100915,100,99969,100,,,99960,100,,,99949,100
2019-06-28 09:40:50.000000000,100114,284,100044,384,100170,284,100015,284,100202,100,99984,100,100218,100,99983,100,100330,100,99981,100,100582,100,99979,100,100619,100,99977,300,100915,100,99969,100,,,99960,100,,,99949,100
2019-06-28 09:41:00.000000000,100114,174,100044,274,100170,174,100015,174,100202,174,99984,174,100218,174,99983,174,100330,174,99981,174,100582,100,99979,100,100619,100,99977,300,100915,100,99969,100,,,99960,100,,,99949,100
2019-06-28 09:41:10.000000000,100114,225,100044,325,100170,222,100015,222,100202,222,99984,222,100218,100,99983,100,100330,100,99981,100,100582,100,99979,100,100619,100,99977,300,100915,100,99969,100,,,99960,100,,,99949,100
2019-06-28 09:41:20.000000000,100114,225,100044,325,100170,222,100015,222,100202,222,99984,222,100218,100,99983,100,100330,100,99981,100,100582,100,99979,100,100619,100,99977,300,100915,100,99969,100,,,99960,100,,,99949,100
2019-06-28 09:41:23.058738408,100114,225,100044,325,100170,222,100015,222,100202,222,99984,222,100218,100,99983,100,100330,100,99981,100,100582,200,99979,100,100619,100,99977,300,100915,100,99969,100,,,99960,100,,,99949,100
2019-06-28 09:41:30.000000000,100114,174,100044,274,100170,174,100015,174,100202,174,99984,174,100218,174,99983,174,100330,174,99981,174,100582,200,99979,100,100619,100,99977,300,100915,100,99969,100,,,99960,100,,,99949,100
2019-06-28 09:41:40.000000000,100114,284,100044,384,100170,284,100015,284,100202,100,99984,100,100218,100,99983,100,100330,100,99981,100,100582,200,99979,100,100619,100,99977,300,100915,100,99969,100,,,99960,100,,,99949,100
2019-06-28 09:41:50.000000000,100114,174,100044,274,100170,174,100015,174,100202,174,99984,174,100218,174,99983,174,100330,174,99981,174,100582,200,99979,100,100619,100,99977,300,100915,100,99969,100,,,99960,100,,,99949,100
2019-06-28 09:42:00.000000000,100114,469,100044,569,100170,100,100015,100,100202,100,99984,100,100218,100,99983,100,100330,100,99981,100,100582,200,99979,100,100619,100,99977,300,100915,100,99969,100,,,99960,100,,,99949,100
2019-06-28 09:42:00.671349492,100114,469,100106,100,100170,100,100044,569,100202,100,100015,100,100218,100,99984,100,100330,100,99983,100,100582,200,99981,100,100619,100,99979,100,100915,100,99977,300,,,99969,100,,,99960,100
2019-06-28 09:42:10.000000000,100114,174,100106,174,100170,174,100044,274,100202,174,100015,174,100218,174,99984,174,100330,174,99983,174,100582,200,99981,100,100619,100,99979,100,100915,100,99977,300,,,99969,100,,,99960,100
2019-06-28 09:42:16.351530417,100114,174,100106,174,100170,174,100044,274,100202,174,100015,174,100218,174,99984,174,100330,174,99983,174,100582,200,99981,100,100619,100,99979,100,100915,100,99977,300,100920,100,99969,100,,,99960,100
2019-06-28 09:42:20.000000000,100114,192,100106,192,100170,192,100044,292,100202,192,100015,192,100218,192,99984,192,100330,100,99983,100,100582,200,99981,100,100619,100,99979,100,100915,100,99977,300,100920,100,99969,100,,,99960,100
2019-06-28 09:42:24.986297809,100114,192,100106,192,100170,192,100044,292,100202,192,100015,192,100218,192,99984,192,100330,100,99983,100,100582,200,99981,100,100619,100,99979,100,100915,100,99977,300,100920,100,99969,100,101146,100,99960,100
2019-06-28 09:42:30.000000000,100114,469,100106,469,100170,100,100044,200,100202,100,100015,100,100218,100,99984,100,100330,100,99983,100,100582,200,99981,100,100619,100,99979,100,100915,100,99977,300,100920,100,99969,100,101146,100,99960,100
2019-06-28 09:42:40.000000000,100114,225,100106,225,100170,222,100044,322,100202,222,100015,222,100218,100,99984,100,100330,100,99983,100,100582,200,99981,100,100619,100,99979,100,100915,100,99977,300,100920,100,99969,100,101146,100,99960,100
2019-06-28 09:42:47.042434340,100114,125,100106,225,100170,222,100044,322,100202,222,100015,222,100218,100,99984,100,100330,100,99983,100,100582,200,99981,100,100619,100,99979,100,100920,100,99977,300,101146,100,99969,100,,,99960,100
2019-06-28 09:42:50.000000000,100170,192,100106,192,100202,192,100044,292,100218,192,100015,192,100330,192,99984,192,100582,200,99983,100,100619,100,99981,100,100920,100,99979,100,101146,100,99977,300,,,99969,100,,,99960,100
2019-06-28 09:42:51.280518002,100170,192,100106,192,100202,192,100044,292,100218,192,100015,192,100330,192,99984,192,100582,200,99983,100,100619,100,99981,100,100920,100,99979,100,101099,100,99977,300,101146,100,99969,100,,,99960,100
2019-06-28 09:42:52.514631298,100170,192,100106,192,100202,192,100044,292,100218,192,100015,192,100330,192,99984,192,100582,200,99983,100,100619,100,99981,100,100866,100,99979,100,100920,100,99977,300,101099,100,99969,100,101146,100,99960,100
2019-06-28 09:42:52.541815110,100170,192,100107,100,100202,192,100106,192,100218,192,100044,292,100330,192,100015,192,100582,200,99984,192,100619,100,99983,100,100866,100,99981,100,100920,100,99979,100,101099,100,99977,300,101146,100,99969,100
2019-06-28 09:43:00.000000000,100170,225,100107,225,100202,222,100106,222,100218,222,100044,322,100330,100,100015,100,100582,200,99984,100,100619,100,99983,100,100866,100,99981,100,100920,100,99979,100,101099,100,99977,300,101146,100,99969,100
2019-06-28 09:43:10.000000000,100170,192,100107,192,100202,192,100106,192,100218,192,100044,292,100330,192,100015,192,100582,200,99984,100,100619,100,99983,100,100866,100,99981,100,100920,100,99979,100,101099,100,99977,300,101146,100,99969,100
2019-06-28 09:43:20.000000000,100170,469,100107,469,100202,100,100106,100,100218,100,100044,200,100330,100,100015,100,100582,200,99984,100,100619,100,99983,100,100866,100,99981,100,100920,100,99979,100,101099,100,99977,300,101146,100,99969,100
2019-06-28 09:43:30.000000000,100170,174,100107,174,100202,174,100106,174,100218,174,100044,274,100330,174,100015,174,100582,274,99984,174,100619,100,99983,100,100866,100,99981,100,100920,100,99979,100,101099,100,99977,300,101146,100,99969,100
2019-06-28 09:43:40.000000000,100170,225,100107,225,100202,222,100106,222,100218,222,100044,322,100330,100,100015,100,100582,200,99984,100,100619,100,99983,100,100866,100,99981,100,100920,100,99979,100,101099,100,99977,300,101146,100,99969,100
2019-06-28 09:43:45.999038730,100170,225,100107,325,100202,222,100106,222,100218,222,100044,322,100330,100,100015,100,100582,200,99984,100,100619,100,99983,100,100866,100,99981,100,100920,100,99979,100,101099,100,99977,300,101146,100,99969,100
2019-06-28 09:43:48.590122959,100170,225,100107,325,100202,222,100106,222,100218,222,100044,322,100330,100,100015,100,100582,200,99984,100,100619,100,99983,100,100648,100,99981,100,100866,100,99977,300,100920,100,99969,100,101099,100,99960,100
2019-06-28 09:43:48.604666722,100170,225,100107,325,100202,222,100106,222,100218,222,100044,322,100330,100,100015,100,100582,200,99984,100,100619,100,99983,100,100648,100,99981,100,100866,100,99977,200,100920,100,99969,100,101099,100,99960,100
2019-06-28 09:43:50.000000000,100170,284,100107,384,100202,284,100106,284,100218,100,100044,200,100330,100,100015,100,100582,200,99984,100,100619,100,99983,100,100648,100,99981,100,100866,100,99977,200,100920,100,99969,100,101099,100,99960,100
2019-06-28 09:43:52.958826544,100170,284,100107,384,100202,284,100106,284,100218,100,100044,200,100330,100,100015,100,100582,200,99984,100,100619,100,99983,100,100648,100,99981,100,100667,100,99977,200,100866,100,99969,100,100920,100,99960,100
2019-06-28 09:44:00.000000000,100170,469,100107,569,100202,100,100106,100,100218,100,100044,200,100330,100,100015,100,100582,200,99984,100,100619,100,99983,100,100648,100,99981,100,100667,100,99977,200,100866,100,99969,100,100920,100,99960,100
2019-06-28 09:44:10.000000000,100170,174,100107,274,100202,174,100106,174,100218,174,100044,274,100330,174,100015,174,100582,274,99984,174,100619,100,99983,100,100648,100,99981,100,100667,100,99977,200,100866,100,99969,100,100920,100,99960,100
2019-06-28 09:44:20.000000000,100170,174,100107,274,100202,174,100106,174,100218,174,100044,274,100330,174,100015,174,100582,274,99984,174,100619,100,99983,100,100648,100,99981,100,100667,100,99977,200,100866,100,99969,100,100920,100,99960,100
2019-06-28 09:44:30.000000000,100170,284,100107,384,100202,284,100106,284,100218,100,100044,200,100330,100,100015,100,100582,200,99984,100,100619,100,99983,100,100648,100,99981,100,100667,100,99977,200,100866,100,99969,100,100920,100,99960,100
2019-06-28 09:44:35.238937798,100170,184,100107,384,100202,284,100106,284,100218,100,100044,200,100330,100,100015,100,100582,200,99984,100,100619,100,99983,100,100648,100,99981,100,100667,100,99977,200,100866,100,99969,100,100920,100,99960,100
2019-06-28 09:44:40.000000000,100202,192,100107,292,100218,192,100106,192,100330,192,100044,292,100582,292,100015,192,100619,100,99984,100,100648,100,99983,100,100667,100,99981,100,100866,100,99977,200,100920,100,99969,100,101099,100,99960,100
2019-06-28 09:44:46.060831095,100202,192,100107,292,100218,192,100106,192,100330,192,100044,292,100582,292,100015,192,100637,100,99984,100,100648,100,99983,100,100667,100,99981,100,100866,100,99977,200,100920,100,99969,100,101099,100,99960,100
2019-06-28 09:44:48.296685018,100202,92,100107,292,100218,192,100106,192,100330,192,100044,292,100582,292,100015,192,100637,100,99984,100,100648,100,99983,100,100667,100,99981,100,100866,100,99977,200,100920,100,99969,100,101099,100,99960,100
2019-06-28 09:44:50.000000000,100218,192,100107,292,100330,192,100106,192,100582,292,100044,292,100637,192,100015,192,100648,100,99984,100,100667,100,99983,100,100866,100,99981,100,100920,100,99977,200,101099,100,99969,100,101146,100,99960,100
2019-06-28 09:45:00.000000000,100218,174,100107,274,100330,174,100106,174,100582,274,100044,274,100637,174,100015,174,100648,174,99984,174,100667,100,99983,100,100866,100,99981,100,100920,100,99977,200,101099,100,99969,100,101146,100,99960,100
2019-06-28 09:45:05.330192248,100218,174,100107,274,100330,174,100106,174,100582,274,100044,274,100637,174,100015,174,100648,174,99984,174,100667,100,99983,100,100713,100,99981,100,100866,100,99977,200,100920,100,99969,100,101099,100,99960,100
2019-06-28 09:45:05.813988859,100218,74,100107,274,100330,174,100106,174,100582,274,100044,274,100637,174,100015,174,100648,174,99984,174,100667,100,99983,100,100713,100,99981,100,100866,100,99977,200,100920,100,99969,100,101099,100,99960,100
2019-06-28 09:45:10.000000000,100330,284,100107,384,100582,384,100106,284,100637,100,100044,200,100648,100,100015,100,100667,100,99984,100,100713,100,99983,100,100866,100,99981,100,100920,100,99977,200,101099,100,99969,100,101146,100,99960,100
2019-06-28 09:45:10.650593845,100330,184,100107,384,100582,384,100106,284,100637,100,100044,200,100648,100,100015,100,100667,100,99984,100,100713,100,99983,100,100866,100,99981,100,100920,100,99977,200,101099,100,99969,100,101146,100,99960,100
2019-06-28 09:45:16.379297055,100330,184,100107,384,100582,384,100106,284,100637,100,100044,200,100648,100,100015,100,100667,100,99984,100,100713,100,99983,100,100781,100,99981,100,100866,100,99977,200,100920,100,99969,100,101099,100,99960,100
2019-06-28 09:45:17.143981056,100330,84,100107,384,100582,384,100106,284,100637,100,100044,200,100648,100,100015,100,100667,100,99984,100,100713,100,99983,100,100781,100,99981,100,100866,100,99977,200,100920,100,99969,100,101099,100,99960,100
2019-06-28 09:45:20.000000000,100582,325,100107,325,100637,222,100106,222,100648,222,100044,322,100667,100,100015,100,100713,100,99984,100,100781,100,99983,100,100866,100,99981,100,100920,100,99977,200,101099,100,99969,100,101146,100,99960,100
2019-06-28 09:45:30.000000000,100582,384,100107,384,100637,284,100106,284,100648,100,100044,200,100667,100,100015,100,100713,100,99984,100,100781,100,99983,100,100866,100,99981,100,100920,100,99977,200,101099,100,99969,100,101146,100,99960,100
2019-06-28 09:45:40.000000000,100582,325,100107,325,100637,222,100106,222,100648,222,100044,322,100667,100,100015,100,100713,100,99984,100,100781,100,99983,100,100866,100,99981,100,100920,100,99977,200,101099,100,99969,100,101146,100,99960,100
2019-06-28 09:45:50.000000000,100582,384,100107,384,100637,284,100106,284,100648,100,100044,200,100667,100,100015,100,100713,100,99984,100,100781,100,99983,100,100866,100,99981,100,100920,100,99977,200,101099,100,99969,100,101146,100,99960,100
2019-06-28 09:46:00.000000000,100582,292,100107,292,100637,192,100106,192,100648,192,100044,292,100667,192,100015,192,100713,100,99984,100,100781,100,99983,100,100866,100,99981,100,100920,100,99977,200,101099,100,99969,100,101146,100,99960,100
2019-06-28 09:46:10.000000000,100582,569,100107,569,100637,100,100106,100,100648,100,100044,200,100667,100,100015,100,100713,100,99984,100,100781,100,99983,100,100866,100,99981,100,100920,100,99977,200,101099,100,99969,100,101146,100,99960,100
2019-06-28 09:46:20.000000000,100582,384,100107,384,100637,284,100106,284,100648,100,100044,200,100667,100,100015,100,100713,100,99984,100,100781,100,99983,100,100866,100,99981,100,100920,100,99977,200,101099,100,99969,100,101146,100,99960,100
2019-06-28 09:46:23.020522602,100582,284,100107,384,100637,284,100106,284,100648,100,100044,200,100667,100,100015,100,100713,100,99984,100,100781,100,99983,100,100866,100,99981,100,100920,100,99977,200,101099,100,99969,100,101146,100,99960,100
2019-06-28 09:46:23.582245663,100582,284,100330,100,100637,284,100107,384,100648,100,100106,284,100667,100,100044,200,100713,100,100015,100,100781,100,99984,100,100866,100,99983,100,100920,100,99981,100,101099,100,99977,200,101146,100,99969,100
2019-06-28 09:46:23.913241741,100582,284,100330,100,100637,284,100107,384,100648,100,100106,284,100667,100,100044,200,100713,100,100015,100,100781,100,99984,100,100866,100,99983,100,100920,100,99981,100,101146,100,99977,200,102309,100,99969,100
2019-06-28 09:46:28.199157763,100582,284,100330,100,100637,284,100107,384,100648,100,100106,284,100667,100,100044,200,100713,100,100015,100,100781,100,99984,100,100866,100,99983,100,100920,100,99981,100,101146,100,99977,200,102196,100,99969,100
2019-06-28 09:46:30.000000000,100582,192,100330,192,100637,192,100107,292,100648,192,100106,192,100667,192,100044,292,100713,100,100015,100,100781,100,99984,100,100866,100,99983,100,100920,100,99981,100,101146,100,99977,200,102196,100,99969,100
2019-06-28 09:46:34.095676124,100582,192,100330,192,100637,192,100107,292,100648,192,100106,192,100667,192,100044,292,100713,100,100015,100,100781,100,99984,100,100866,100,99983,100,100920,100,99981,100,101146,100,99977,200,102173,100,99969,100
2019-06-28 09:46:40.000000000,100582,469,100330,469,100637,100,100107,200,100648,100,100106,100,100667,100,100044,200,100713,100,100015,100,100781,100,99984,100,100866,100,99983,100,100920,100,99981,100,101146,100,99977,200,102173,100,99969,100
2019-06-28 09:46:42.872055472,100582,469,100330,469,100637,100,100107,200,100648,100,100106,100,100667,100,100044,200,100713,100,100015,100,100781,100,99984,100,100866,100,99983,100,100920,100,99981,100,101146,100,99977,200,102173,100,99969,100
2019-06-28 09:46:49.354702096,100582,469,100330,469,100637,100,100107,200,100648,100,100106,100,100667,100,100044,200,100713,100,100015,100,100781,100,99984,100,100866,100,99983,100,100920,100,99981,100,101146,100,99977,200,102173,100,99969,100
2019-06-28 09:46:50.000000000,100582,469,100330,469,100637,100,100107,200,100648,100,100106,100,100667,100,100044,200,100713,100,100015,100,100781,100,99984,100,100866,100,99983,100,100920,100,99981,100,101146,100,99977,200,102173,100,99969,100
2019-06-28 09:46:57.998999945,100582,369,100330,469,100637,100,100107,200,100648,100,100106,100,100667,100,100044,200,100713,100,100015,100,100781,100,99984,100,100866,100,99983,100,100920,100,99981,100,101146,100,99977,200,102173,100,99969,100
2019-06-28 09:47:00.000000000,100637,225,100330,225,100648,222,100107,322,100667,222,100106,222,100713,100,100044,200,100781,100,100015,100,100866,100,99984,100,100920,100,99983,100,101146,100,99981,100,102173,100,99977,200,102196,100,99969,100
2019-06-28 09:47:03.490316567,100637,125,100330,225,100648,222,100107,322,100667,222,100106,222,100713,100,100044,200,100781,100,100015,100,100866,100,99984,100,100920,100,99983,100,101146,100,99981,100,102173,100,99977,200,102196,100,99969,100
2019-06-28 09:47:10.000000000,100648,284,100330,284,100667,284,100107,384,100713,100,100106,100,100781,100,100044,200,100866,100,100015,100,100920,100,99984,100,101146,100,99983,100,102173,100,99981,100,102196,100,99977,200,102256,100,99969,100
2019-06-28 09:47:16.020333827,100648,284,100330,284,100667,284,100107,384,100713,100,100106,100,100781,100,100044,200,100866,100,100015,100,100920,100,99984,100,101146,100,99983,100,102173,100,99981,100,102196,100,99977,200,102256,100,99969,100
2019-06-28 09:47:20.000000000,100648,284,100330,284,100667,284,100107,384,100713,100,100106,100,100781,100,100044,200,100866,100,100015,100,100920,100,99984,100,101146,100,99983,100,102173,100,99981,100,102196,100,99977,200,102256,100,99969,100
2019-06-28 09:47:20.852015826,100648,184,100330,284,100667,284,100107,384,100713,100,100106,100,100781,100,100044,200,100866,100,100015,100,100920,100,99984,100,101146,100,99983,100,102173,100,99981,100,102196,100,99977,200,102256,100,99969,100
2019-06-28 09:47:30.000000000,100667,469,100330,469,100713,100,100107,200,100781,100,100106,100,100866,100,100044,200,100920,100,100015,100,101146,100,99984,100,102173,100,99983,100,102196,100,99981,100,102256,100,99977,200,102309,100,99969,100
2019-06-28 09:47:40.000000000,100667,192,100330,192,100713,192,100107,292,100781,192,100106,192,100866,192,100044,292,100920,100,100015,100,101146,100,99984,100,102173,100,99983,100,102196,100,99981,100,102256,100,99977,200,102309,100,99969,100
2019-06-28 09:47:50.000000000,100667,174,100330,174,100713,174,100107,274,100781,174,100106,174,100866,174,100044,274,100920,174,100015,174,101146,100,99984,100,102173,100,99983,100,102196,100,99981,100,102256,100,99977,200,102309,100,99969,100
2019-06-28 09:48:00.000000000,100667,174,100330,174,100713,174,100107,274,100781,174,100106,174,100866,174,100044,274,100920,174,100015,174,101146,100,99984,100,102173,100,99983,100,102196,100,99981,100,102256,100,99977,200,102309,100,99969,100
2019-06-28 09:48:00.424044401,100667,174,100330,174,100713,174,100107,174,100781,174,100106,174,100866,174,100044,274,100920,174,100015,174,101146,100,99984,100,102173,100,99983,100,102196,100,99981,100,102256,100,99977,200,102309,100,99969,100
2019-06-28 09:48:10.000000000,100667,192,100330,192,100713,192,100107,192,100781,192,100106,192,100866,192,100044,292,100920,100,100015,100,101146,100,99984,100,102173,100,99983,100,102196,100,99981,100,102256,100,99977,200,102309,100,99969,100
2019-06-28 09:48:10.004392754,100667,192,100637,100,100713,192,100330,192,100781,192,100107,192,100866,192,100106,192,100920,100,100044,292,101146,100,100015,100,102173,100,99984,100,102196,100,99983,100,102256,100,99981,100,102309,100,99977,200
2019-06-28 09:48:20.000000000,100667,225,100637,225,100713,222,100330,222,100781,222,100107,222,100866,100,100106,100,100920,100,100044,200,101146,100,100015,100,102173,100,99984,100,102196,100,99983,100,102256,100,99981,100,102309,100,99977,200
2019-06-28 09:48:30.000000000,100667,174,100637,174,100713,174,100330,174,100781,174,100107,174,100866,174,100106,174,100920,174,100044,274,101146,100,100015,100,102173,100,99984,100,102196,100,99983,100,102256,100,99981,100,102309,100,99977,200
2019-06-28 09:48:31.084355029,100667,174,100637,174,100713,174,100330,174,100781,174,100107,174,100866,174,100106,174,100920,174,100044,274,101146,100,100015,100,101764,100,99984,100,102173,100,99983,100,102196,100,99981,100,102256,100,99977,200
2019-06-28 09:48:40.000000000,100667,192,100637,192,100713,192,100330,192,100781,192,100107,192,100866,192,100106,192,100920,100,100044,200,101146,100,100015,100,101764,100,99984,100,102173,100,99983,100,102196,100,99981,100,102256,100,99977,200
2019-06-28 09:48:46.335683387,100667,92,100637,192,100713,192,100330,192,100781,192,100107,192,100866,192,100106,192,100920,100,100044,200,101146,100,100015,100,101764,100,99984,100,102173,100,99983,100,102196,100,99981,100,102256,100,99977,200
2019-06-28 09:48:50.000000000,100713,284,100637,284,100781,284,100330,284,100866,100,100107,100,100920,100,100106,100,101146,100,100044,200,101764,100,100015,100,102173,100,99984,100,102196,100,99983,100,102256,100,99981,100,102309,100,99977,200
2019-06-28 09:48:58.181440562,100713,284,100637,284,100781,284,100330,284,100866,100,100107,100,100920,100,100106,100,101146,100,100044,200,101476,100,100015,100,101764,100,99984,100,102173,100,99983,100,102196,100,99981,100,102256,100,99977,200
2019-06-28 09:49:00.000000000,100713,225,100637,225,100781,222,100330,222,100866,222,100107,222,100920,100,100106,100,101146,100,100044,200,101476,100,100015,100,101764,100,99984,100,102173,100,99983,100,102196,100,99981,100,102256,100,99977,200
2019-06-28 09:49:10.000000000,100713,174,100637,174,100781,174,100330,174,100866,174,100107,174,100920,174,100106,174,101146,174,100044,274,101476,100,100015,100,101764,100,99984,100,102173,100,99983,100,102196,100,99981,100,102256,100,99977,200
2019-06-28 09:49:19.615887309,100713,174,100637,174,100781,174,100330,174,100866,174,100107,174,100920,174,100106,174,101146,174,100044,274,101735,100,100015,100,101764,100,99984,100,102173,100,99983,100,102196,100,99981,100,102256,100,99977,200
2019-06-28 09:49:20.000000000,100713,225,100637,225,100781,222,100330,222,100866,222,100107,222,100920,100,100106,100,101146,100,100044,200,101735,100,100015,100,101764,100,99984,100,102173,100,99983,100,102196,100,99981,100,102256,100,99977,200
2019-06-28 09:49:20.733443590,100713,125,100637,225,100781,222,100330,222,100866,222,100107,222,100920,100,100106,100,101146,100,100044,200,101735,100,100015,100,102173,100,99984,100,102196,100,99983,100,102256,100,99981,100,102309,100,99977,200
2019-06-28 09:49:30.000000000,100781,225,100637,225,100866,222,100330,222,100920,222,100107,222,101146,100,100106,100,101735,100,100044,200,102173,100,100015,100,102196,100,99984,100,102256,100,99983,100,102309,100,99981,100,102357,100,99977,200
2019-06-28 09:49:30.565359289,100781,225,100637,225,100866,222,100330,222,100920,222,100107,222,101146,100,100106,100,101417,100,100044,200,101735,100,100015,100,102173,100,99983,100,102196,100,99981,100,102256,100,99977,200,102309,100,99969,100
2019-06-28 09:49:31.656472463,100781,225,100637,225,100866,222,100330,222,100920,222,100107,222,101146,100,100106,100,101417,100,100044,200,101606,100,100015,100,101735,100,99983,100,102173,100,99981,100,102196,100,99977,200,102256,100,99969,100
2019-06-28 09:49:40.000000000,100781,469,100637,469,100866,100,100330,100,100920,100,100107,100,101146,100,100106,100,101417,100,100044,200,101606,100,100015,100,101735,100,99983,100,102173,100,99981,100,102196,100,99977,200,102256,100,99969,100
2019-06-28 09:49:45.473383109,100781,469,100667,100,100866,100,100637,469,100920,100,100330,100,101146,100,100107,100,101417,100,100106,100,101606,100,100044,200,101735,100,100015,100,102173,100,99983,100,102196,100,99981,100,102256,100,99977,200
2019-06-28 09:49:45.619465369,100781,369,100667,100,100866,100,100637,469,100920,100,100330,100,101417,100,100107,100,101606,100,100106,100,101735,100,100044,200,102173,100,100015,100,102196,100,99983,100,102256,100,99981,100,102309,100,99977,200
2019-06-28 09:49:50.000000000,100866,284,100667,284,100920,284,100637,284,101417,100,100330,100,101606,100,100107,100,101735,100,100106,100,102173,100,100044,200,102196,100,100015,100,102256,100,99983,100,102309,100,99981,100,,,99977,200
2019-06-28 09:49:57.115910762,100866,184,100667,284,100920,284,100637,284,101417,100,100330,100,101606,100,100107,100,101735,100,100106,100,102173,100,100044,200,102196,100,100015,100,102256,100,99983,100,102309,100,99981,100,,,99977,200
2019-06-28 09:50:00.000000000,100920,192,100667,192,101417,192,100637,192,101606,192,100330,192,101735,192,100107,192,102173,100,100106,100,102196,100,100044,200,102256,100,100015,100,102309,100,99983,100,,,99981,100,,,99977,200
2019-06-28 09:50:10.000000000,100920,225,100667,225,101417,222,100637,222,101606,222,100330,222,101735,100,100107,100,102173,100,100106,100,102196,100,100044,200,102256,100,100015,100,102309,100,99983,100,,,99981,100,,,99977,200
2019-06-28 09:50:11.775038238,100920,125,100667,225,101417,222,100637,222,101606,222,100330,222,101735,100,100107,100,102173,100,100106,100,102196,100,100044,200,102256,100,100015,100,102309,100,99983,100,,,99977,200,,,99969,100
2019-06-28 09:50:17.665678556,100816,100,100667,225,100920,125,100637,222,101417,222,100330,222,101606,222,100107,100,101735,100,100106,100,102173,100,100044,200,102196,100,100015,100,102256,100,99983,100,102309,100,99977,200,,,99969,100
2019-06-28 09:50:20.000000000,100816,174,100667,174,101417,174,100637,174,101606,174,100330,174,101735,174,100107,174,102173,174,100106,174,102196,100,100044,200,102256,100,100015,100,102309,100,99983,100,,,99977,200,,,99969,100
2019-06-28 09:50:30.000000000,100816,469,100667,469,101417,100,100637,100,101606,100,100330,100,101735,100,100107,100,102173,100,100106,100,102196,100,100044,200,102256,100,100015,100,102309,100,99983,100,,,99977,200,,,99969,100
2019-06-28 09:50:40.000000000,100816,284,100667,284,101417,284,100637,284,101606,100,100330,100,101735,100,100107,100,102173,100,100106,100,102196,100,100044,200,102256,100,100015,100,102309,100,99983,100,,,99977,200,,,99969,100
2019-06-28 09:50:50.000000000,100816,469,100667,469,101417,100,100637,100,101606,100,100330,100,101735,100,100107,100,102173,100,100106,100,102196,100,100044,200,102256,100,100015,100,102309,100,99983,100,,,99977,200,,,99969,100
2019-06-28 09:51:00.000000000,100816,284,100667,284,101417,284,100637,284,101606,100,100330,100,101735,100,100107,100,102173,100,100106,100,102196,100,100044,200,102256,100,100015,100,102309,100,99983,100,,,99977,200,,,99969,100
2019-06-28 09:51:01.418028993,100816,184,100667,284,101417,284,100637,284,101606,100,100330,100,101735,100,100107,100,102173,100,100106,100,102196,100,100044,200,102256,100,99983,100,102309,100,99977,200,,,99969,100,,,99960,100
2019-06-28 09:51:10.000000000,101417,284,100667,284,101606,284,100637,284,101735,100,100330,100,102173,100,100107,100,102196,100,100106,100,102256,100,100044,200,102309,100,99983,100,,,99977,200,,,99969,100,,,99960,100
2019-06-28 09:51:20.000000000,101417,284,100667,284,101606,284,100637,284,101735,100,100330,100,102173,100,100107,100,102196,100,100106,100,102256,100,100044,200,102309,100,99983,100,,,99977,200,,,99969,100,,,99960,100
2019-06-28 09:51:30.000000000,101417,192,100667,192,101606,192,100637,192,101735,192,100330,192,102173,192,100107,192,102196,100,100106,100,102256,100,100044,200,102309,100,99983,100,,,99977,200,,,99969,100,,,99960,100
2019-06-28 09:51:34.778264529,101417,192,100816,100,101606,192,100667,192,101735,192,100637,192,102173,192,100330,192,102196,100,100107,192,102256,100,100106,100,102309,100,100044,200,,,99983,100,,,99977,200,,,99969,100
2019-06-28 09:51:40.000000000,101417,174,100816,174,101606,174,100667,174,101735,174,100637,174,102173,174,100330,174,102196,174,100107,174,102256,100,100106,100,102309,100,100044,200,,,99983,100,,,99977,200,,,99969,100
2019-06-28 09:51:43.963626030,101308,100,100816,174,101417,174,100667,174,101606,174,100637,174,101735,174,100330,174,102173,174,100107,174,102196,174,100106,100,102256,100,100044,200,102309,100,99983,100,,,99977,200,,,99969,100
2019-06-28 09:51:49.430917037,101308,100,100884,100,101417,174,100816,174,101606,174,100667,174,101735,174,100637,174,102173,174,100330,174,102196,174,100107,174,102256,100,100106,100,102309,100,100044,200,,,99983,100,,,99977,200
2019-06-28 09:51:50.000000000,101308,284,100884,284,101417,284,100816,284,101606,100,100667,100,101735,100,100637,100,102173,100,100330,100,102196,100,100107,100,102256,100,100106,100,102309,100,100044,200,,,99983,100,,,99977,200
2019-06-28 09:51:50.751531743,101308,284,101056,100,101417,284,100884,284,101606,100,100816,284,101735,100,100667,100,102173,100,100637,100,102196,100,100330,100,102256,100,100107,100,102309,100,100106,100,,,100044,200,,,99983,100
2019-06-28 09:52:00.000000000,101308,284,101056,284,101417,284,100884,284,101606,100,100816,100,101735,100,100667,100,102173,100,100637,100,102196,100,100330,100,102256,100,100107,100,102309,100,100106,100,,,100044,200,,,99983,100
2019-06-28 09:52:10.000000000,101308,192,101056,192,101417,192,100884,192,101606,192,100816,192,101735,192,100667,192,102173,100,100637,100,102196,100,100330,100,102256,100,100107,100,102309,100,100106,100,,,100044,200,,,99983,100
2019-06-28 09:52:20.000000000,101308,174,101056,174,101417,174,100884,174,101606,174,100816,174,101735,174,100667,174,102173,174,100637,174,102196,100,100330,100,102256,100,100107,100,102309,100,100106,100,,,100044,200,,,99983,100
2019-06-28 09:52:30.000000000,101308,174,101056,174,101417,174,100884,174,101606,174,100816,174,101735,174,100667,174,102173,174,100637,174,102196,100,100330,100,102256,100,100107,100,102309,100,100106,100,,,100044,200,,,99983,100
2019-06-28 09:52:31.451063962,101308,174,101056,174,101417,174,100892,100,101606,174,100884,174,101735,174,100816,174,102173,174,100667,174,102256,100,100637,174,102309,100,100330,100,,,100107,100,,,100106,100,,,100044,200
2019-06-28 09:52:40.000000000,101308,469,101056,469,101417,100,100892,100,101606,100,100884,100,101735,100,100816,100,102173,100,100667,100,102256,100,100637,100,102309,100,100330,100,,,100107,100,,,100106,100,,,100044,200
2019-06-28 09:52:50.000000000,101308,174,101056,174,101417,174,100892,174,101606,174,100884,174,101735,174,100816,174,102173,174,100667,174,102256,100,100637,100,102309,100,100330,100,,,100107,100,,,100106,100,,,100044,200
2019-06-28 09:52:53.024811005,101308,174,101056,174,101417,174,100892,174,101606,174,100884,174,101735,174,100816,174,102173,174,100667,174,102256,100,100637,100,102309,100,100330,100,,,100107,100,,,100106,100,,,100044,200
2019-06-28 09:53:00.000000000,101308,284,101056,284,101417,284,100892,284,101606,100,100884,100,101735,100,100816,100,102173,100,100667,100,102256,100,100637,100,102309,100,100330,100,,,100107,100,,,100106,100,,,100044,200
2019-06-28 09:53:10.000000000,101308,469,101056,469,101417,100,100892,100,101606,100,100884,100,101735,100,100816,100,102173,100,100667,100,102256,100,100637,100,102309,100,100330,100,,,100107,100,,,100106,100,,,100044,200
2019-06-28 09:53:20.000000000,101308,174,101056,174,101417,174,100892,174,101606,174,100884,174,101735,174,100816,174,102173,174,100667,174,102256,100,100637,100,102309,100,100330,100,,,100107,100,,,100106,100,,,100044,200
2019-06-28 09:53:20.321340228,101308,174,101056,174,101417,174,100892,174,101583,100,100884,174,101606,174,100816,174,101735,174,100667,174,102173,174,100637,100,102256,100,100330,100,102309,100,100107,100,,,100106,100,,,100044,200
2019-06-28 09:53:28.447979434,101308,174,101056,174,101345,100,100892,174,101417,174,100884,174,101583,100,100816,174,101606,174,100667,174,101735,174,100637,100,102173,174,100330,100,102256,100,100107,100,102309,100,100106,100,,,100044,200
2019-06-28 09:53:30.000000000,101308,174,101056,174,101345,174,100892,174,101417,174,100884,174,101583,174,100816,174,101606,174,100667,174,101735,100,100637,100,102173,100,100330,100,102256,100,100107,100,102309,100,100106,100,,,100044,200
2019-06-28 09:53:36.179401412,101308,174,101056,174,101345,174,100892,174,101417,174,100884,174,101583,174,100816,274,101606,174,100667,174,101735,100,100637,100,102173,100,100330,100,102256,100,100107,100,102309,100,100106,100,,,100044,200
2019-06-28 09:53:40.000000000,101308,174,101056,174,101345,174,100892,174,101417,174,100884,174,101583,174,100816,274,101606,174,100667,174,101735,100,100637,100,102173,100,100330,100,102256,100,100107,100,102309,100,100106,100,,,100044,200
2019-06-28 09:53:40.545442366,101308,174,101056,174,101345,174,100892,174,101417,174,100884,174,101583,174,100816,374,101606,174,100667,174,101735,100,100637,100,102173,100,100330,100,102256,100,100106,100,102309,100,100044,200,,,99983,100
2019-06-28 09:53:49.187329910,101240,100,101056,174,101308,174,100892,174,101345,174,100884,174,101417,174,100816,374,101583,174,100667,174,101606,174,100637,100,101735,100,100330,100,102256,100,100106,100,102309,100,100044,200,,,99983,100
2019-06-28 09:53:50.000000000,101240,174,101056,174,101308,174,100892,174,101345,174,100884,174,101417,174,100816,374,101583,174,100667,174,101606,100,100637,100,101735,100,100330,100,102256,100,100106,100,102309,100,100044,200,,,99983,100
2019-06-28 09:54:00.000000000,101240,174,101056,174,101308,174,100892,174,101345,174,100884,174,101417,174,100816,374,101583,174,100667,174,101606,100,100637,100,101735,100,100330,100,102256,100,100106,100,102309,100,100044,200,,,99983,100
2019-06-28 09:54:04.335797485,101240,174,101056,174,101308,174,101021,100,101345,174,100892,174,101417,174,100884,174,101583,174,100816,374,101606,100,100667,174,101735,100,100637,100,102256,100,100330,100,102309,100,100106,100,,,100044,200
2019-06-28 09:54:10.000000000,101240,284,101056,284,101308,284,101021,284,101345,100,100892,100,101417,100,100884,100,101583,100,100816,300,101606,100,100667,100,101735,100,100637,100,102256,100,100330,100,102309,100,100106,100,,,100044,200
2019-06-28 09:54:18.002306326,101240,284,101056,284,101308,284,101021,284,101345,100,100892,100,101417,100,100884,100,101583,100,100866,100,101606,100,100816,300,101735,100,100667,100,102256,100,100637,100,102309,100,100330,100,,,100106,100
2019-06-28 09:54:20.000000000,101240,284,101056,284,101308,284,101021,284,101345,100,100892,100,101417,100,100884,100,101583,100,100866,100,101606,100,100816,300,101735,100,100667,100,102256,100,100637,100,102309,100,100330,100,,,100106,100
2019-06-28 09:54:24.301582949,101240,284,101056,184,101308,284,101021,284,101345,100,100892,100,101417,100,100884,100,101583,100,100866,100,101606,100,100816,300,101735,100,100667,100,102256,100,100637,100,,,100330,100,,,100106,100
2019-06-28 09:54:25.463805757,101240,284,101056,84,101308,284,101021,284,101345,100,100892,100,101417,100,100884,100,101583,100,100866,100,101606,100,100816,300,101735,100,100667,100,102256,100,100637,100,,,100330,100,,,100106,100
2019-06-28 09:54:30.000000000,101240,284,101021,284,101308,284,100892,284,101345,100,100884,100,101417,100,100866,100,101583,100,100816,300,101606,100,100667,100,101735,100,100637,100,102256,100,100330,100,,,100106,100,,,100044,200
2019-06-28 09:54:40.000000000,101240,284,101021,284,101308,284,100892,284,101345,100,100884,100,101417,100,100866,100,101583,100,100816,300,101606,100,100667,100,101735,100,100637,100,102256,100,100330,100,,,100106,100,,,100044,200
2019-06-28 09:54:42.081821086,101240,284,101021,184,101308,284,100892,284,101345,100,100884,100,101417,100,100866,100,101583,100,100816,300,101606,100,100667,100,101735,100,100637,100,102256,100,100330,100,,,100106,100,,,100044,200
2019-06-28 09:54:50.000000000,101240,174,100892,174,101308,174,100884,174,101345,174,100866,174,101417,174,100816,374,101583,174,100667,174,101606,100,100637,100,101735,100,100330,100,102256,100,100106,100,,,100044,200,,,99983,100
2019-06-28 09:54:52.630862781,101240,174,100892,174,101308,174,100884,174,101345,174,100866,174,101417,174,100816,374,101583,174,100667,174,101606,100,100637,100,101735,100,100476,100,102256,100,100330,100,,,100106,100,,,100044,200
2019-06-28 09:54:58.394392161,101056,100,100892,174,101240,174,100884,174,101308,174,100866,174,101345,174,100816,374,101417,174,100667,174,101583,174,100637,100,101606,100,100476,100,101735,100,100330,100,102256,100,100106,100,,,100044,100
2019-06-28 09:55:00.000000000,101056,284,100892,284,101240,284,100884,284,101308,100,100866,100,101345,100,100816,300,101417,100,100667,100,101583,100,100637,100,101606,100,100476,100,101735,100,100330,100,102256,100,100106,100,,,100044,100
2019-06-28 09:55:00.142858997,101056,284,100892,184,101240,284,100884,284,101308,100,100866,100,101345,100,100816,300,101417,100,100667,100,101583,100,100637,100,101606,100,100476,100,101735,100,100330,100,102256,100,100106,100,,,100044,100
2019-06-28 09:55:10.000000000,101056,192,100884,192,101240,192,100866,192,101308,192,100816,392,101345,192,100667,192,101417,100,100637,100,101583,100,100476,100,101606,100,100330,100,101735,100,100106,100,102256,100,100044,100,,,99983,100
2019-06-28 09:55:20.000000000,101056,469,100884,469,101240,100,100866,100,101308,100,100816,300,101345,100,100667,100,101417,100,100637,100,101583,100,100476,100,101606,100,100330,100,101735,100,100106,100,102256,100,100044,100,,,99983,100
2019-06-28 09:55:28.834225655,101056,469,100884,469,101240,100,100866,100,101308,100,100816,300,101345,100,100667,100,101417,100,100637,100,101583,100,100476,100,101606,100,100362,100,101735,100,100330,100,102256,100,100106,100,,,100044,100
2019-06-28 09:55:30.000000000,101056,192,100884,192,101240,192,100866,192,101308,192,100816,392,101345,192,100667,192,101417,100,100637,100,101583,100,100476,100,101606,100,100362,100,101735,100,100330,100,102256,100,100106,100,,,100044,100
2019-06-28 09:55:30.117446471,101056,192,100884,92,101240,192,100866,192,101308,192,100816,392,101345,192,100667,192,101417,100,100637,100,101583,100,100476,100,101606,100,100362,100,101735,100,100330,100,102256,100,100106,100,,,100044,100
2019-06-28 09:55:39.101105440,101056,192,100884,92,101240,192,100866,192,101308,192,100816,392,101345,192,100667,192,101417,100,100637,100,101583,100,100521,100,101606,100,100476,100,101735,100,100362,100,102256,100,100330,100,,,100106,100
2019-06-28 09:55:40.000000000,101056,174,100866,174,101240,174,100816,374,101308,174,100667,174,101345,174,100637,174,101417,174,100521,174,101583,100,100476,100,101606,100,100362,100,101735,100,100330,100,102256,100,100106,100,,,100044,100
2019-06-28 09:55:50.000000000,101056,192,100866,192,101240,192,100816,392,101308,192,100667,192,101345,192,100637,192,101417,100,100521,100,101583,100,100476,100,101606,100,100362,100,101735,100,100330,100,102256,100,100106,100,,,100044,100
2019-06-28 09:56:00.000000000,101056,225,100866,225,101240,222,100816,422,101308,222,100667,222,101345,100,100637,100,101417,100,100521,100,101583,100,100476,100,101606,100,100362,100,101735,100,100330,100,102256,100,100106,100,,,100044,100
2019-06-28 09:56:04.386591128,101056,225,100866,225,101240,222,100816,422,101308,222,100667,222,101345,100,100637,100,101417,100,100521,100,101583,100,100476,100,101606,100,100362,100,101735,100,100330,100,102256,100,100106,100,,,100082,100
2019-06-28 09:56:10.000000000,101056,469,100866,469,101240,100,100816,300,101308,100,100667,100,101345,100,100637,100,101417,100,100521,100,101583,100,100476,100,101606,100,100362,100,101735,100,100330,100,102256,100,100106,100,,,100082,100
2019-06-28 09:56:13.367734407,101056,469,100866,469,101240,100,100816,300,101308,100,100637,100,101345,100,100521,100,101417,100,100476,100,101583,100,100362,100,101606,100,100330,100,101735,100,100106,100,102256,100,100082,100,,,100044,100
2019-06-28 09:56:20.000000000,101056,225,100866,225,101240,222,100816,422,101308,222,100637,222,101345,100,100521,100,101417,100,100476,100,101583,100,100362,100,101606,100,100330,100,101735,100,100106,100,102256,100,100082,100,,,100044,100
2019-06-28 09:56:30.000000000,101056,174,100866,174,101240,174,100816,374,101308,174,100637,174,101345,174,100521,174,101417,174,100476,174,101583,100,100362,100,101606,100,100330,100,101735,100,100106,100,102256,100,100082,100,,,100044,100
2019-06-28 09:56:39.083539038,100892,100,100866,174,101056,174,100816,374,101240,174,100637,174,101308,174,100521,174,101345,174,100476,174,101417,174,100362,100,101583,100,100330,100,101606,100,100106,100,101735,100,100082,100,102256,100,100044,100
2019-06-28 09:56:40.000000000,100892,192,100866,192,101056,192,100816,392,101240,192,100637,192,101308,192,100521,192,101345,100,100476,100,101417,100,100362,100,101583,100,100330,100,101606,100,100106,100,101735,100,100082,100,102256,100,100044,100
2019-06-28 09:56:50.000000000,100892,225,100866,225,101056,222,100816,422,101240,222,100637,222,101308,100,100521,100,101345,100,100476,100,101417,100,100362,100,101583,100,100330,100,101606,100,100106,100,101735,100,100082,100,102256,100,100044,100
2019-06-28 09:57:00.000000000,100892,225,100866,225,101056,222,100816,422,101240,222,100637,222,101308,100,100521,100,101345,100,100476,100,101417,100,100362,100,101583,100,100330,100,101606,100,100106,100,101735,100,100082,100,102256,100,100044,100
2019-06-28 09:57:10.000000000,100892,174,100866,174,101056,174,100816,374,101240,174,100637,174,101308,174,100521,174,101345,174,100476,174,101417,100,100362,100,101583,100,100330,100,101606,100,100106,100,101735,100,100082,100,102256,100,100044,100
2019-06-28 09:57:10.639360134,100892,274,100866,174,101056,174,100816,374,101240,174,100637,174,101308,174,100521,174,101345,174,100476,174,101417,100,100362,100,101583,100,100330,100,101606,100,100106,100,101735,100,100082,100,102256,100,100044,100
2019-06-28 09:57:13.978938198,100892,274,100866,74,101056,174,100816,374,101240,174,100637,174,101308,174,100521,174,101345,174,100476,174,101417,100,100362,100,101583,100,100330,100,101606,100,100106,100,101735,100,100082,100,102256,100,100044,100
2019-06-28 09:57:20.000000000,100892,292,100816,392,101056,192,100637,192,101240,192,100521,192,101308,192,100476,192,101345,100,100362,100,101417,100,100330,100,101583,100,100106,100,101606,100,100082,100,101735,100,100044,100,102256,100,99983,100
2019-06-28 09:57:30.000000000,100892,325,100816,425,101056,222,100637,222,101240,222,100521,222,101308,100,100476,100,101345,100,100362,100,101417,100,100330,100,101583,100,100106,100,101606,100,100082,100,101735,100,100044,100,102256,100,99983,100
2019-06-28 09:57:40.000000000,100892,569,100816,669,101056,100,100637,100,101240,100,100521,100,101308,100,100476,100,101345,100,100362,100,101417,100,100330,100,101583,100,100106,100,101606,100,100082,100,101735,100,100044,100,102256,100,99983,100
2019-06-28 09:57:43.444025514,100884,100,100816,669,100892,569,100637,100,101056,100,100521,100,101240,100,100476,100,101308,100,100362,100,101345,100,100330,100,101417,100,100106,100,101583,100,100082,100,101606,100,100044,100,101735,100,99983,100
2019-06-28 09:57:47.659991361,100884,100,100816,669,100892,569,100637,100,101056,100,100521,100,101240,100,100476,100,101308,100,100362,100,101345,100,100330,100,101417,100,100106,100,101583,100,100082,100,101606,100,100044,100,101735,100,99983,100
2019-06-28 09:57:48.571099457,100884,200,100816,569,100892,569,100637,100,101056,100,100521,100,101240,100,100476,100,101308,100,100362,100,101345,100,100330,100,101417,100,100106,100,101583,100,100082,100,101606,100,100044,100,101735,100,99983,100
2019-06-28 09:57:50.000000000,100884,274,100816,274,100892,274,100637,174,101056,174,100521,174,101240,174,100476,174,101308,174,100362,174,101345,100,100330,100,101417,100,100106,100,101583,100,100082,100,101606,100,100044,100,101735,100,99983,100
2019-06-28 09:58:00.000000000,100884,325,100816,325,100892,322,100637,222,101056,222,100521,222,101240,100,100476,100,101308,100,100362,100,101345,100,100330,100,101417,100,100106,100,101583,100,100082,100,101606,100,100044,100,101735,100,99983,100
2019-06-28 09:58:08.671126644,100884,425,100816,325,100892,322,100637,222,101056,222,100521,222,101240,100,100476,100,101308,100,100362,100,101345,100,100330,100,101417,100,100106,100,101583,100,100082,100,101606,100,100044,100,101735,100,99983,100
2019-06-28 09:58:10.000000000,100884,484,100816,384,100892,384,100637,284,101056,100,100521,100,101240,100,100476,100,101308,100,100362,100,101345,100,100330,100,101417,100,100106,100,101583,100,100082,100,101606,100,100044,100,101735,100,99983,100
2019-06-28 09:58:20.000000000,100884,392,100816,292,100892,292,100637,192,101056,192,100521,192,101240,192,100476,192,101308,100,100362,100,101345,100,100330,100,101417,100,100106,100,101583,100,100082,100,101606,100,100044,100,101735,100,99983,100
2019-06-28 09:58:30.000000000,100884,425,100816,325,100892,322,100637,222,101056,222,100521,222,101240,100,100476,100,101308,100,100362,100,101345,100,100330,100,101417,100,100106,100,101583,100,100082,100,101606,100,100044,100,101735,100,99983,100
2019-06-28 09:58:36.686114374,100884,425,100816,325,100892,322,100637,222,101056,222,100521,222,101240,100,100476,100,101308,100,100362,100,101345,100,100330,100,101417,100,100106,100,101583,100,100082,100,101606,100,100044,100,102256,100,99983,100
2019-06-28 09:58:37.826882979,100884,525,100816,325,100892,322,100637,222,101056,222,100521,222,101240,100,100476,100,101308,100,100362,100,101345,100,100330,100,101417,100,100106,100,101583,100,100082,100,101606,100,100044,100,102256,100,99983,100
2019-06-28 09:58:40.000000000,100884,769,100816,569,100892,200,100637,100,101056,100,100521,100,101240,100,100476,100,101308,100,100362,100,101345,100,100330,100,101417,100,100106,100,101583,100,100082,100,101606,100,100044,100,102256,100,99983,100
2019-06-28 09:58:50.000000000,100884,769,100816,569,100892,200,100637,100,101056,100,100521,100,101240,100,100476,100,101308,100,100362,100,101345,100,100330,100,101417,100,100106,100,101583,100,100082,100,101606,100,100044,100,102256,100,99983,100
2019-06-28 09:58:54.270792711,100884,869,100816,569,100892,200,100637,100,101240,100,100521,100,101308,100,100476,100,101345,100,100362,100,101417,100,100330,100,101583,100,100106,100,101606,100,100082,100,102256,100,100044,100,,,99983,100
2019-06-28 09:58:54.598523857,100884,869,100816,569,100892,200,100637,100,101240,100,100521,100,101308,100,100476,100,101345,100,100362,100,101417,100,100330,100,101583,100,100106,100,101606,100,100082,100,102256,100,100044,100,,,99983,100
2019-06-28 09:58:54.821784047,100884,869,100816,469,100892,200,100637,100,101240,100,100521,100,101308,100,100476,100,101345,100,100362,100,101417,100,100330,100,101583,100,100106,100,101606,100,100082,100,102256,100,100044,100,,,99983,100
2019-06-28 09:58:57.682943832,100884,769,100816,469,100892,200,100637,100,101240,100,100521,100,101308,100,100476,100,101345,100,100362,100,101417,100,100330,100,101583,100,100106,100,101606,100,100082,100,102256,100,100044,100,,,99983,100
2019-06-28 09:59:00.000000000,100884,769,100816,469,100892,200,100637,100,101240,100,100521,100,101308,100,100476,100,101345,100,100362,100,101417,100,100330,100,101583,100,100106,100,101606,100,100082,100,102256,100,100044,100,,,99983,100
2019-06-28 09:59:09.436956403,100884,769,100816,469,100892,200,100637,100,101240,100,100521,100,101308,100,100476,100,101345,100,100362,100,101417,100,100330,100,101583,100,100106,100,101606,100,100082,100,102256,100,100044,100,,,99983,100
2019-06-28 09:59:10.000000000,100884,525,100816,225,100892,322,100637,222,101240,222,100521,222,101308,100,100476,100,101345,100,100362,100,101417,100,100330,100,101583,100,100106,100,101606,100,100082,100,102256,100,100044,100,,,99983,100
2019-06-28 09:59:20.000000000,100884,584,100816,284,100892,384,100637,284,101240,100,100521,100,101308,100,100476,100,101345,100,100362,100,101417,100,100330,100,101583,100,100106,100,101606,100,100082,100,102256,100,100044,100,,,99983,100
2019-06-28 09:59:30.000000000,100884,584,100816,284,100892,384,100637,284,101240,100,100521,100,101308,100,100476,100,101345,100,100362,100,101417,100,100330,100,101583,100,100106,100,101606,100,100082,100,102256,100,100044,100,,,99983,100
2019-06-28 09:59:40.000000000,100884,525,100816,225,100892,322,100637,222,101240,222,100521,222,101308,100,100476,100,101345,100,100362,100,101417,100,100330,100,101583,100,100106,100,101606,100,100082,100,102256,100,100044,100,,,99983,100
2019-06-28 09:59:42.136854552,100884,525,100816,225,100892,322,100637,222,101240,222,100521,222,101308,100,100476,100,101345,100,100362,100,101417,100,100330,100,101583,100,100082,100,101606,100,100044,100,102256,100,99983,100,,,99977,200
2019-06-28 09:59:50.000000000,100884,492,100816,192,100892,292,100637,192,101240,192,100521,192,101308,192,100476,192,101345,100,100362,100,101417,100,100330,100,101583,100,100082,100,101606,100,100044,100,102256,100,99983,100,,,99977,200
2019-06-28 09:59:56.923123555,100866,100,100816,192,100884,392,100637,192,100892,292,100521,192,101240,192,100476,192,101308,192,100362,100,101345,100,100330,100,101417,100,100082,100,101583,100,100044,100,101606,100,99983,100,102256,100,99977,200
2019-06-28 10:00:00.000000000,100866,174,100816,174,100884,374,100637,174,100892,274,100521,174,101240,174,100476,174,101308,174,100362,174,101345,100,100330,100,101417,100,100082,100,101583,100,100044,100,101606,100,99983,100,102256,100,99977,200
2019-06-28 10:00:03.404717696,100866,174,100816,174,100884,374,100637,174,100892,274,100521,174,101240,174,100476,174,101308,174,100362,174,101345,100,100330,100,101417,100,100082,100,101583,100,100044,100,101606,100,99983,100,102256,100,99977,200
2019-06-28 10:00:10.000000000,100866,225,100816,225,100884,422,100637,222,100892,322,100521,222,101240,100,100476,100,101308,100,100362,100,101345,100,100330,100,101417,100,100082,100,101583,100,100044,100,101606,100,99983,100,102256,100,99977,200
2019-06-28 10:00:20.000000000,100866,284,100816,284,100884,484,100637,284,100892,200,100521,100,101240,100,100476,100,101308,100,100362,100,101345,100,100330,100,101417,100,100082,100,101583,100,100044,100,101606,100,99983,100,102256,100,99977,200
2019-06-28 10:00:26.735500135,100866,284,100816,284,100884,484,100637,284,100892,200,100521,100,101240,100,100476,100,101308,100,100362,100,101345,100,100330,100,101417,100,100082,100,101583,100,100044,100,101606,100,99983,100,,,99977,200
2019-06-28 10:00:30.000000000,100866,469,100816,469,100884,300,100637,100,100892,200,100521,100,101240,100,100476,100,101308,100,100362,100,101345,100,100330,100,101417,100,100082,100,101583,100,100044,100,101606,100,99983,100,,,99977,200
2019-06-28 10:00:40.000000000,100866,225,100816,225,100884,422,100637,222,100892,322,100521,222,101240,100,100476,100,101308,100,100362,100,101345,100,100330,100,101417,100,100082,100,101583,100,100044,100,101606,100,99983,100,,,99977,200
2019-06-28 10:00:50.000000000,100866,469,100816,469,100884,300,100637,100,100892,200,100521,100,101240,100,100476,100,101308,100,100362,100,101345,100,100330,100,101417,100,100082,100,101583,100,100044,100,101606,100,99983,100,,,99977,200
2019-06-28 10:01:00.000000000,100866,284,100816,284,100884,484,100637,284,100892,200,100521,100,101240,100,100476,100,101308,100,100362,100,101345,100,100330,100,101417,100,100082,100,101583,100,100044,100,101606,100,99983,100,,,99977,200
2019-06-28 10:01:08.450108864,100866,284,100816,284,100884,484,100637,284,100892,200,100521,100,101240,100,100476,100,101308,100,100362,100,101345,100,100330,100,101417,100,100082,100,101583,100,100044,100,101606,100,99983,100,,,99977,200
2019-06-28 10:01:10.000000000,100866,225,100816,225,100884,422,100637,222,100892,322,100521,222,101240,100,100476,100,101308,100,100362,100,101345,100,100330,100,101417,100,100082,100,101583,100,100044,100,101606,100,99983,100,,,99977,200
2019-06-28 10:01:17.040699336,100866,325,100816,225,100884,422,100637,222,100892,322,100521,222,101240,100,100476,100,101308,100,100362,100,101345,100,100330,100,101417,100,100082,100,101583,100,100044,100,101606,100,99983,100,,,99977,200
2019-06-28 10:01:20.000000000,100866,292,100816,192,100884,392,100637,192,100892,292,100521,192,101240,192,100476,192,101308,100,100362,100,101345,100,100330,100,101417,100,100082,100,101583,100,100044,100,101606,100,99983,100,,,99977,200
2019-06-28 10:01:29.704430580,100866,292,100816,92,100884,392,100637,192,100892,292,100521,192,101240,192,100476,192,101308,100,100362,100,101345,100,100330,100,101417,100,100082,100,101583,100,100044,100,101606,100,99983,100,,,99977,200
2019-06-28 10:01:30.000000000,100866,325,100637,225,100884,422,100521,222,100892,322,100476,222,101240,100,100362,100,101308,100,100330,100,101345,100,100082,100,101417,100,100044,100,101583,100,99983,100,101606,100,99977,200,,,99969,100
2019-06-28 10:01:36.958420935,100866,325,100637,125,100884,422,100521,222,100892,322,100476,222,101240,100,100362,100,101308,100,100330,100,101345,100,100082,100,101417,100,100044,100,101583,100,99983,100,101606,100,99977,200,,,99969,100
2019-06-28 10:01:40.000000000,100866,325,100521,225,100884,422,100476,222,100892,322,100362,222,101240,100,100330,100,101308,100,100082,100,101345,100,100044,100,101417,100,99983,100,101583,100,99977,200,101606,100,99969,100,,,99960,100
2019-06-28 10:01:50.000000000,100866,274,100521,174,100884,374,100476,174,100892,274,100362,174,101240,174,100330,174,101308,174,100082,174,101345,100,100044,100,101417,100,99983,100,101583,100,99977,200,101606,100,99969,100,,,99960,100
2019-06-28 10:01:57.691589689,100866,274,100521,74,100884,374,100476,174,100892,274,100362,174,101240,174,100330,174,101308,174,100082,174,101345,100,100044,100,101417,100,99983,100,101583,100,99977,200,101606,100,99969,100,,,99960,100
2019-06-28 10:02:00.000000000,100866,384,100476,284,100884,484,100362,284,100892,200,100330,100,101240,100,100082,100,101308,100,100044,100,101345,100,99983,100,101417,100,99977,200,101583,100,99969,100,101606,100,99960,100,,,99949,100
2019-06-28 10:02:10.000000000,100866,274,100476,174,100884,374,100362,174,100892,274,100330,174,101240,174,100082,174,101308,174,100044,174,101345,100,99983,100,101417,100,99977,200,101583,100,99969,100,101606,100,99960,100,,,99949,100
2019-06-28 10:02:14.804560601,100866,274,100476,74,100884,374,100362,174,100892,274,100330,174,101240,174,100082,174,101308,174,100044,174,101345,100,99983,100,101417,100,99977,200,101606,100,99969,100,,,99960,100,,,99949,100
2019-06-28 10:02:17.310598109,100476,26,100362,174,100866,274,100330,174,100884,374,100082,174,100892,274,100044,174,101240,174,99983,100,101308,174,99977,200,101345,100,99969,100,101606,100,99960,100,,,99949,100,,,99939,100
2019-06-28 10:02:20.000000000,100476,210,100362,284,100866,384,100330,284,100884,300,100082,100,100892,200,100044,100,101240,100,99983,100,101308,100,99977,200,101345,100,99969,100,101606,100,99960,100,,,99949,100,,,99939,100
2019-06-28 10:02:30.000000000,100476,210,100362,284,100866,384,100330,284,100884,300,100082,100,100892,200,100044,100,101240,100,99983,100,101308,100,99977,200,101345,100,99969,100,101606,100,99960,100,,,99949,100,,,99939,100
2019-06-28 10:02:40.000000000,100476,100,100362,174,100866,274,100330,174,100884,374,100082,174,100892,274,100044,174,101240,174,99983,174,101308,100,99977,200,101345,100,99969,100,101606,100,99960,100,,,99949,100,,,99939,100
2019-06-28 10:02:50.000000000,100476,210,100362,284,100866,384,100330,284,100884,300,100082,100,100892,200,100044,100,101240,100,99983,100,101308,100,99977,200,101345,100,99969,100,101606,100,99960,100,,,99949,100,,,99939,100
2019-06-28 10:03:00.000000000,100476,100,100362,174,100866,274,100330,174,100884,374,100082,174,100892,274,100044,174,101240,174,99983,174,101308,100,99977,200,101345,100,99969,100,101606,100,99960,100,,,99949,100,,,99939,100
2019-06-28 10:03:08.640343364,100476,100,100362,174,100866,274,100330,174,100884,274,100082,174,100892,274,100044,174,101240,174,99983,174,101308,100,99977,200,101345,100,99969,100,101606,100,99960,100,,,99949,100,,,99939,100
2019-06-28 10:03:10.000000000,100476,118,100362,192,100866,292,100330,192,100884,292,100082,192,100892,292,100044,192,101240,100,99983,100,101308,100,99977,200,101345,100,99969,100,101606,100,99960,100,,,99949,100,,,99939,100
2019-06-28 10:03:17.731931331,100476,218,100362,192,100866,292,100330,192,100884,292,100082,192,100892,192,100044,192,101240,100,99983,100,101308,100,99977,200,101345,100,99969,100,101606,100,99960,100,,,99949,100,,,99939,100
2019-06-28 10:03:20.000000000,100476,310,100362,284,100866,384,100330,284,100884,200,100082,100,100892,100,100044,100,101240,100,99983,100,101308,100,99977,200,101345,100,99969,100,101606,100,99960,100,,,99949,100,,,99939,100
2019-06-28 10:03:30.000000000,100476,251,100362,225,100866,322,100330,222,100884,322,100082,222,100892,100,100044,100,101240,100,99983,100,101308,100,99977,200,101345,100,99969,100,101606,100,99960,100,,,99949,100,,,99939,100
2019-06-28 10:03:33.804132540,100476,251,100362,225,100866,322,100330,122,100884,322,100082,222,100892,100,100044,100,101240,100,99983,100,101308,100,99977,200,101345,100,99969,100,101606,100,99960,100,,,99949,100,,,99939,100
2019-06-28 10:03:40.000000000,100476,495,100362,469,100866,200,100082,100,100884,200,100044,100,100892,100,99983,100,101240,100,99977,200,101308,100,99969,100,101345,100,99960,100,101606,100,99949,100,,,99939,100,,,99543,100
2019-06-28 10:03:42.595059398,100476,495,100362,469,100866,200,100082,100,100884,200,100044,100,100892,100,99983,100,101240,100,99977,200,101308,100,99969,100,101345,100,99960,100,101606,100,99949,100,,,99939,100,,,99543,100
2019-06-28 10:03:50.000000000,100476,218,100362,192,100866,292,100082,192,100884,292,100044,192,100892,192,99983,192,101240,100,99977,200,101308,100,99969,100,101345,100,99960,100,101606,100,99949,100,,,99939,100,,,99543,100
2019-06-28 10:04:00.000000000,100476,218,100362,192,100866,292,100082,192,100884,292,100044,192,100892,192,99983,192,101240,100,99977,200,101308,100,99969,100,101345,100,99960,100,101606,100,99949,100,,,99939,100,,,99543,100
2019-06-28 10:04:10.000000000,100476,310,100362,284,100866,384,100082,284,100884,200,100044,100,100892,100,99983,100,101240,100,99977,200,101308,100,99969,100,101345,100,99960,100,101606,100,99949,100,,,99939,100,,,99543,100
2019-06-28 10:04:20.000000000,100476,251,100362,225,100866,322,100082,222,100884,322,100044,222,100892,100,99983,100,101240,100,99977,200,101308,100,99969,100,101345,100,99960,100,101606,100,99949,100,,,99939,100,,,99543,100
2019-06-28 10:04:27.992958396,100476,251,100362,125,100866,322,100082,222,100884,322,100044,222,100892,100,99983,100,101240,100,99977,200,101308,100,99969,100,101345,100,99949,100,101606,100,99939,100,,,99543,100,,,99495,100
2019-06-28 10:04:30.000000000,100476,495,100082,469,100866,200,100044,100,100884,200,99983,100,100892,100,99977,200,101240,100,99969,100,101308,100,99949,100,101345,100,99939,100,101606,100,99543,100,,,99495,100,,,99309,100
2019-06-28 10:04:38.748849533,100476,495,100082,469,100866,100,100044,100,100884,200,99983,100,100892,100,99977,200,101240,100,99969,100,101308,100,99949,100,101345,100,99939,100,101606,100,99543,100,,,99495,100,,,99309,100
2019-06-28 10:04:39.334086718,100476,495,100082,469,100866,100,100044,100,100884,200,99983,100,100892,100,99977,200,101240,100,99969,100,101308,100,99949,100,101345,100,99939,100,101606,100,99543,100,,,99511,100,,,99495,100
2019-06-28 10:04:40.000000000,100476,218,100082,192,100866,192,100044,192,100884,292,99983,192,100892,192,99977,292,101240,100,99969,100,101308,100,99949,100,101345,100,99939,100,101606,100,99543,100,,,99511,100,,,99495,100
2019-06-28 10:04:50.000000000,100476,251,100082,225,100866,222,100044,222,100884,322,99983,222,100892,100,99977,200,101240,100,99969,100,101308,100,99949,100,101345,100,99939,100,101606,100,99543,100,,,99511,100,,,99495,100
2019-06-28 10:05:00.000000000,100476,200,100082,174,100866,174,100044,174,100884,274,99983,174,100892,174,99977,274,101240,174,99969,174,101308,100,99949,100,101345,100,99939,100,101606,100,99543,100,,,99511,100,,,99495,100
2019-06-28 10:05:10.000000000,100476,218,100082,192,100866,192,100044,192,100884,292,99983,192,100892,192,99977,292,101240,100,99969,100,101308,100,99949,100,101345,100,99939,100,101606,100,99543,100,,,99511,100,,,99495,100
2019-06-28 10:05:20.000000000,100476,310,100082,284,100866,284,100044,284,100884,200,99983,100,100892,100,99977,200,101240,100,99969,100,101308,100,99949,100,101345,100,99939,100,101606,100,99543,100,,,99511,100,,,99495,100
2019-06-28 10:05:30.000000000,100476,218,100082,192,100866,192,100044,192,100884,292,99983,192,100892,192,99977,292,101240,100,99969,100,101308,100,99949,100,101345,100,99939,100,101606,100,99543,100,,,99511,100,,,99495,100
2019-06-28 10:05:33.533709078,100476,218,100082,192,100866,192,100044,192,100884,292,99983,192,100892,192,99977,292,101240,100,99969,100,101308,100,99949,100,101345,100,99939,100,101606,100,99569,100,,,99543,100,,,99511,100
2019-06-28 10:05:40.000000000,100476,495,100082,469,100866,100,100044,100,100884,200,99983,100,100892,100,99977,200,101240,100,99969,100,101308,100,99949,100,101345,100,99939,100,101606,100,99569,100,,,99543,100,,,99511,100
2019-06-28 10:05:50.000000000,100476,251,100082,225,100866,222,100044,222,100884,322,99983,222,100892,100,99977,200,101240,100,99969,100,101308,100,99949,100,101345,100,99939,100,101606,100,99569,100,,,99543,100,,,99511,100
2019-06-28 10:06:00.000000000,100476,495,100082,469,100866,100,100044,100,100884,200,99983,100,100892,100,99977,200,101240,100,99969,100,101308,100,99949,100,101345,100,99939,100,101606,100,99569,100,,,99543,100,,,99511,100
2019-06-28 10:06:10.000000000,100476,218,100082,192,100866,192,100044,192,100884,292,99983,192,100892,192,99977,292,101240,100,99969,100,101308,100,99949,100,101345,100,99939,100,101606,100,99569,100,,,99543,100,,,99511,100
2019-06-28 10:06:20.000000000,100476,200,100082,174,100866,174,100044,174,100884,274,99983,174,100892,174,99977,274,101240,174,99969,174,101308,100,99949,100,101345,100,99939,100,101606,100,99569,100,,,99543,100,,,99511,100
2019-06-28 10:06:25.257960801,100476,200,100082,174,100866,174,100044,174,100884,274,99983,174,100892,174,99977,174,101240,174,99969,174,101308,100,99949,100,101345,100,99939,100,101606,100,99569,100,,,99545,100,,,99543,100
2019-06-28 10:06:30.000000000,100476,251,100082,225,100866,222,100044,222,100884,322,99983,222,100892,100,99977,100,101240,100,99969,100,101308,100,99949,100,101345,100,99939,100,101606,100,99569,100,,,99545,100,,,99543,100
2019-06-28 10:06:40.000000000,100476,218,100082,192,100866,192,100044,192,100884,292,99983,192,100892,192,99977,192,101240,100,99969,100,101308,100,99949,100,101345,100,99939,100,101606,100,99569,100,,,99545,100,,,99543,100
2019-06-28 10:06:44.909794275,100476,218,100082,192,100866,192,100044,192,100884,292,99983,192,100892,192,99977,192,101240,100,99969,100,101308,100,99949,100,101345,100,99939,100,101606,100,99569,100,,,99545,100,,,99543,100
2019-06-28 10:06:50.000000000,100476,251,100082,225,100866,222,100044,222,100884,322,99983,222,100892,100,99977,100,101240,100,99969,100,101308,100,99949,100,101345,100,99939,100,101606,100,99569,100,,,99545,100,,,99543,100
2019-06-28 10:06:55.027975890,100475,100,100082,225,100476,251,100044,222,100866,222,99983,222,100884,322,99977,100,100892,100,99969,100,101240,100,99949,100,101308,100,99939,100,101345,100,99569,100,101606,100,99545,100,,,99543,100
2019-06-28 10:06:56.244049285,100475,100,100082,225,100476,251,100044,222,100866,222,99983,222,100884,322,99977,100,100892,100,99969,100,101240,100,99949,100,101308,100,99939,100,101345,100,99569,100,101606,100,99545,100,,,99543,100
2019-06-28 10:07:00.000000000,100475,469,100082,469,100476,126,100044,100,100866,100,99983,100,100884,200,99977,100,100892,100,99969,100,101240,100,99949,100,101308,100,99939,100,101345,100,99569,100,101606,100,99545,100,,,99543,100
2019-06-28 10:07:01.037198579,100475,469,100082,469,100476,126,100044,100,100866,100,99983,100,100884,200,99977,100,100892,100,99969,100,101240,100,99949,100,101308,100,99939,100,101345,100,99569,100,101606,100,99545,100,,,99543,100
2019-06-28 10:07:10.000000000,100475,284,100082,284,100476,310,100044,284,100866,100,99983,100,100884,200,99977,100,100892,100,99969,100,101240,100,99949,100,101308,100,99939,100,101345,100,99569,100,101606,100,99545,100,,,99543,100
2019-06-28 10:07:20.000000000,100475,174,100082,174,100476,200,100044,174,100866,174,99983,174,100884,274,99977,174,100892,174,99969,174,101240,100,99949,100,101308,100,99939,100,101345,100,99569,100,101606,100,99545,100,,,99543,100
2019-06-28 10:07:30.000000000,100475,284,100082,284,100476,310,100044,284,100866,100,99983,100,100884,200,99977,100,100892,100,99969,100,101240,100,99949,100,101308,100,99939,100,101345,100,99569,100,101606,100,99545,100,,,99543,100
2019-06-28 10:07:40.000000000,100475,469,100082,469,100476,126,100044,100,100866,100,99983,100,100884,200,99977,100,100892,100,99969,100,101240,100,99949,100,101308,100,99939,100,101345,100,99569,100,101606,100,99545,100,,,99543,100
2019-06-28 10:07:40.042060476,100475,469,100082,369,100476,126,100044,100,100866,100,99983,100,100884,200,99977,100,100892,100,99969,100,101308,100,99949,100,101345,100,99939,100,101606,100,99569,100,,,99545,100,,,99543,100
2019-06-28 10:07:50.000000000,100475,192,100044,192,100476,218,99983,192,100866,192,99977,192,100884,292,99969,192,100892,100,99949,100,101308,100,99939,100,101345,100,99569,100,101606,100,99545,100,,,99543,100,,,99511,100
2019-06-28 10:07:58.912184707,100475,192,100044,92,100476,218,99983,192,100866,192,99977,192,100884,292,99969,192,100892,100,99949,100,101308,100,99939,100,101345,100,99569,100,101606,100,99545,100,,,99543,100,,,99511,100
