,ask_price_1,ask_size_1,bid_price_1,bid_size_1,ask_price_2,ask_size_2,bid_price_2,bid_size_2,ask_price_3,ask_size_3,bid_price_3,bid_size_3,ask_price_4,ask_size_4,bid_price_4,bid_size_4,ask_price_5,ask_size_5,bid_price_5,bid_size_5,ask_price_6,ask_size_6,bid_price_6,bid_size_6,ask_price_7,ask_size_7,bid_price_7,bid_size_7,ask_price_8,ask_size_8,bid_price_8,bid_size_8,ask_price_9,ask_size_9,bid_price_9,bid_size_9,ask_price_10,ask_size_10,bid_price_10,bid_size_10
2019-06-28 09:30:00.000000000,,,99889,100,,,99887,100,,,,,,,,,,,,,,,,,,,,,,,,,,,,,,,,
2019-06-28 09:30:00.000000001,,,99956,100,,,99919,100,,,99889,100,,,99887,100,,,,,,,,,,,,,,,,,,,,,,,,
2019-06-28 09:30:00.000000002,100054,100,99956,100,,,99919,100,,,99889,100,,,99887,100,,,,,,,,,,,,,,,,,,,,,,,,
2019-06-28 09:30:00.000000003,99981,100,99919,100,100054,100,99889,100,,,99887,100,,,,,,,,,,,,,,,,,,,,,,,,,,,,
2019-06-28 09:30:00.000000005,99981,100,99964,100,100054,100,99919,100,,,99889,100,,,99887,100,,,,,,,,,,,,,,,,,,,,,,,,
2019-06-28 09:30:00.000000006,99981,100,99964,100,100004,100,99919,100,100054,100,99889,100,,,99887,100,,,,,,,,,,,,,,,,,,,,,,,,
2019-06-28 09:30:00.000000008,100004,100,99964,100,100054,100,99919,100,,,99889,100,,,99887,100,,,,,,,,,,,,,,,,,,,,,,,,
2019-06-28 09:30:00.000000009,100054,100,99964,100,,,99919,100,,,99889,100,,,99887,100,,,,,,,,,,,,,,,,,,,,,,,,
2019-06-28 09:30:00.000000015,100054,100,99964,100,100074,100,99919,100,,,99889,100,,,99887,100,,,,,,,,,,,,,,,,,,,,,,,,
2019-06-28 09:30:00.000000016,100054,100,99964,100,100074,100,99919,100,100079,100,99889,100,,,99887,100,,,,,,,,,,,,,,,,,,,,,,,,
2019-06-28 09:30:00.000000018,100004,100,99964,100,100054,100,99919,100,100074,100,99889,100,100079,100,99887,100,,,,,,,,,,,,,,,,,,,,,,,,
2019-06-28 09:30:00.000000019,100004,100,99964,100,100027,100,99919,100,100054,100,99889,100,100074,100,99887,100,100079,100,,,,,,,,,,,,,,,,,,,,,,
2019-06-28 09:30:00.000000021,100004,100,99964,100,100027,100,99919,100,100054,100,99889,100,100074,100,99887,100,100079,100,99879,100,,,,,,,,,,,,,,,,,,,,
2019-06-28 09:30:00.000000024,99983,100,99964,100,100004,100,99919,100,100027,100,99889,100,100054,100,99887,100,100074,100,99879,100,100079,100,,,,,,,,,,,,,,,,,,
2019-06-28 09:30:00.000000027,99983,100,99981,100,100004,100,99964,100,100027,100,99960,100,100054,100,99919,100,100074,100,99889,100,100079,100,99887,100,,,99879,100,,,,,,,,,,,,
2019-06-28 09:30:00.000000028,99983,100,99981,100,100004,100,99964,100,100027,100,99960,100,100054,100,99919,100,100058,100,99889,100,100074,100,99887,100,100079,100,99879,100,,,,,,,,,,,,
2019-06-28 09:30:00.000000030,99983,100,99981,100,100004,100,99964,100,100027,100,99960,100,100054,100,99919,100,100058,100,99889,100,100074,100,99887,100,100079,100,99879,100,100114,100,,,,,,,,,,
2019-06-28 09:30:00.000000032,99983,100,99981,100,100004,100,99964,100,100018,100,99960,100,100027,100,99919,100,100054,100,99889,100,100058,100,99887,100,100074,100,99879,100,100079,100,,,100114,100,,,,,,
2019-06-28 09:30:00.000000036,99983,100,99981,100,100004,100,99964,100,100018,100,99960,100,100027,100,99919,100,100054,100,99904,100,100058,100,99889,100,100074,100,99887,100,100079,100,99879,100,100114,100,99874,100,,,,
2019-06-28 09:30:00.000000038,99983,100,99981,100,100004,200,99964,100,100018,100,99960,100,100027,100,99919,100,100054,100,99904,100,100058,100,99889,100,100074,100,99887,100,100079,100,99879,100,100114,100,99874,100,,,,
2019-06-28 09:30:00.000000039,99983,100,99981,100,100004,300,99964,100,100018,100,99960,100,100027,100,99919,100,100054,100,99904,100,100058,100,99889,100,100074,100,99887,100,100079,100,99879,100,100114,100,99874,100,,,,
2019-06-28 09:30:00.000000040,99983,100,99981,200,100004,300,99964,100,100018,100,99960,100,100027,100,99919,100,100051,100,99904,100,100054,100,99889,100,100058,100,99887,100,100069,100,99879,100,100074,100,99874,100,100079,100,,
2019-06-28 09:30:00.000000041,99983,100,99981,200,100004,300,99964,100,100018,100,99960,100,100027,100,99919,100,100051,100,99904,100,100054,100,99889,100,100058,100,99887,100,100069,100,99879,100,100074,100,99874,100,100079,100,99866,100
2019-06-28 09:30:00.000000042,99983,100,99981,200,100004,300,99964,100,100018,100,99960,100,100027,100,99954,100,100051,100,99919,100,100054,100,99904,100,100058,100,99889,100,100069,100,99887,100,100074,100,99879,100,100079,100,99874,100
2019-06-28 09:30:00.000000043,100004,300,99981,200,100018,100,99964,100,100027,100,99960,100,100051,100,99954,100,100054,100,99919,100,100058,100,99904,100,100069,100,99889,100,100074,100,99887,100,100079,100,99879,100,100114,100,99874,100
2019-06-28 09:30:00.000000047,100004,300,99981,100,100018,100,99964,100,100027,100,99960,100,100051,100,99954,100,100054,100,99919,100,100058,100,99904,100,100069,100,99889,100,100074,100,99887,100,100079,100,99879,100,100114,100,99874,100
2019-06-28 09:30:00.000000054,100004,300,100001,100,100018,100,99981,100,100027,100,99964,100,100051,100,99960,100,100054,100,99954,100,100058,100,99919,100,100069,100,99904,100,100074,100,99889,100,100079,100,99887,100,100114,100,99879,100
2019-06-28 09:30:00.000000055,100004,300,100001,100,100018,100,99981,100,100027,100,99964,100,100051,100,99960,100,100054,100,99954,100,100058,100,99930,100,100069,100,99919,100,100074,100,99904,100,100079,100,99889,100,100114,100,99887,100
2019-06-28 09:30:00.000000056,100004,300,99981,100,100018,100,99964,100,100027,100,99960,100,100051,100,99954,100,100054,100,99930,100,100058,100,99919,100,100069,100,99904,100,100074,100,99889,100,100079,100,99887,100,100114,100,99879,100
2019-06-28 09:30:00.000000058,100004,300,99981,100,100018,100,99964,100,100027,100,99960,100,100051,100,99954,100,100054,100,99930,100,100058,100,99927,100,100069,100,99919,100,100074,100,99904,100,100079,100,99889,100,100114,100,99887,100
2019-06-28 09:30:00.000000059,100004,200,99981,100,100018,100,99964,100,100027,100,99960,100,100051,100,99954,100,100054,100,99930,100,100058,100,99927,100,100069,100,99919,100,100074,100,99904,100,100079,100,99889,100,100114,100,99887,100
2019-06-28 09:30:00.000000061,100004,200,99981,100,100018,100,99964,100,100027,100,99960,100,100051,100,99954,100,100054,100,99930,100,100058,100,99927,100,100069,100,99919,100,100074,100,99904,100,100079,100,99889,100,100114,100,99887,100
2019-06-28 09:30:00.000000062,100004,200,99981,100,100018,100,99964,100,100020,100,99960,100,100027,100,99954,100,100051,100,99930,100,100054,100,99927,100,100058,100,99919,100,100069,100,99904,100,100074,100,99889,100,100079,100,99887,100
2019-06-28 09:30:00.000000063,100004,200,99981,100,100018,100,99964,100,100020,100,99960,100,100027,100,99954,100,100051,100,99930,100,100054,100,99927,100,100058,100,99923,100,100069,100,99919,100,100074,100,99904,100,100079,100,99889,100
2019-06-28 09:30:00.000000065,100004,300,99981,100,100018,100,99964,100,100020,100,99960,100,100027,100,99954,100,100051,100,99930,100,100054,100,99927,100,100058,100,99923,100,100069,100,99919,100,100074,100,99904,100,100079,100,99889,100
2019-06-28 09:30:00.000000066,99990,100,99981,100,100004,300,99964,100,100018,100,99960,100,100020,100,99954,100,100027,100,99930,100,100051,100,99927,100,100054,100,99923,100,100058,100,99919,100,100069,100,99904,100,100074,100,99889,100
2019-06-28 09:30:00.000000067,99990,100,99981,100,100004,300,99964,100,100018,100,99960,100,100020,100,99954,100,100027,100,99930,100,100051,100,99927,100,100054,100,99923,100,100058,100,99919,100,100069,100,99904,100,100074,100,99889,100
2019-06-28 09:30:00.000000068,99990,100,99981,100,99999,100,99964,100,100004,300,99960,100,100018,100,99954,100,100020,100,99930,100,100027,100,99927,100,100051,100,99923,100,100054,100,99919,100,100058,100,99904,100,100069,100,99889,100
2019-06-28 09:30:00.000000071,99990,100,99981,100,99999,100,99964,100,100004,400,99960,100,100018,100,99954,100,100020,100,99930,100,100027,100,99927,100,100051,100,99923,100,100054,100,99919,100,100058,100,99904,100,100069,100,99889,100
2019-06-28 09:30:00.000000072,99990,100,99981,100,99999,100,99964,100,100004,400,99960,100,100018,100,99954,100,100020,100,99953,100,100027,100,99930,100,100051,100,99927,100,100054,100,99923,100,100058,100,99919,100,100069,100,99904,100
2019-06-28 09:30:00.000000074,99990,100,99981,100,99999,100,99979,100,100004,400,99964,100,100018,100,99960,100,100020,100,99954,100,100027,100,99953,100,100051,100,99930,100,100054,100,99927,100,100058,100,99923,100,100069,100,99919,100
2019-06-28 09:30:00.000000076,99990,100,99981,100,99999,100,99979,100,100004,400,99964,100,100018,100,99960,100,100020,100,99954,100,100027,100,99953,100,100051,100,99930,100,100054,100,99927,100,100058,100,99923,100,100069,100,99919,100
2019-06-28 09:30:00.000000077,99990,100,99981,100,99999,100,99979,100,100004,400,99964,100,100018,100,99960,100,100020,100,99954,100,100027,100,99953,100,100045,100,99930,100,100051,100,99927,100,100054,100,99923,100,100058,100,99919,100
2019-06-28 09:30:00.000000084,99990,100,99981,100,99999,100,99979,100,100004,500,99964,100,100018,100,99960,100,100020,100,99954,100,100027,100,99953,100,100045,100,99930,100,100051,100,99927,100,100054,100,99923,100,100058,100,99919,100
2019-06-28 09:30:00.000000085,99999,100,99981,100,100004,500,99979,100,100018,100,99964,100,100020,100,99960,100,100027,100,99954,100,100045,100,99953,100,100051,100,99930,100,100054,100,99927,100,100058,100,99923,100,100069,100,99919,100
2019-06-28 09:30:00.000000087,99999,100,99990,100,100004,500,99981,100,100018,100,99979,100,100020,100,99964,100,100027,100,99960,100,100045,100,99954,100,100051,100,99953,100,100054,100,99930,100,100058,100,99927,100,100069,100,99923,100
2019-06-28 09:30:00.000000088,100004,500,99990,100,100018,100,99981,100,100020,100,99979,100,100027,100,99964,100,100045,100,99960,100,100051,100,99954,100,100054,100,99953,100,100058,100,99930,100,100069,100,99927,100,100070,100,99923,100
2019-06-28 09:30:00.000000090,100004,500,99990,100,100018,100,99981,100,100020,100,99979,100,100027,100,99964,100,100045,100,99960,100,100051,100,99954,100,100054,100,99953,100,100055,100,99930,100,100058,100,99927,100,100069,100,99923,100
2019-06-28 09:30:00.000000092,100004,500,99990,100,100018,100,99981,100,100020,100,99979,100,100027,100,99964,100,100045,100,99960,100,100051,100,99954,100,100054,100,99953,100,100055,100,99930,100,100058,100,99927,100,100069,100,99923,100
2019-06-28 09:30:00.000000094,100004,500,99990,100,100018,100,99981,100,100020,100,99979,100,100027,100,99964,100,100045,100,99960,100,100051,100,99954,100,100054,200,99953,100,100055,100,99930,100,100058,100,99927,100,100069,100,99923,100
2019-06-28 09:30:00.000000095,100004,500,99991,100,100018,100,99990,100,100020,100,99981,100,100027,100,99979,100,100045,100,99964,100,100051,100,99960,100,100054,200,99954,100,100055,100,99953,100,100058,100,99930,100,100069,100,99927,100
2019-06-28 09:30:00.000000096,100004,500,99991,200,100018,100,99990,100,100020,100,99981,100,100027,100,99979,100,100045,100,99964,100,100051,100,99960,100,100054,200,99954,100,100055,100,99953,100,100058,100,99930,100,100069,100,99927,100
2019-06-28 09:30:00.000000097,100004,500,99991,200,100018,100,99990,100,100020,100,99981,100,100027,100,99979,100,100029,100,99964,100,100045,100,99960,100,100051,100,99954,100,100054,200,99953,100,100055,100,99930,100,100058,100,99927,100
2019-06-28 09:30:09.947925987,100004,500,99991,200,100018,100,99990,100,100020,100,99981,100,100027,100,99979,100,100029,100,99964,100,100045,100,99960,100,100051,100,99954,100,100054,200,99953,100,100055,100,99940,100,100058,100,99930,100
2019-06-28 09:30:10.000000000,100004,563,99991,263,100018,163,99990,163,100020,163,99981,163,100027,163,99979,163,100029,100,99964,100,100045,100,99960,100,100051,100,99954,100,100054,200,99953,100,100055,100,99940,100,100058,100,99930,100
2019-06-28 09:30:14.244269460,100004,463,99991,263,100018,163,99990,163,100020,163,99981,163,100027,163,99979,163,100029,100,99964,100,100045,100,99960,100,100051,100,99954,100,100054,200,99953,100,100055,100,99940,100,100058,100,99930,100
2019-06-28 09:30:20.000000000,100004,653,99991,453,100018,100,99990,100,100020,100,99981,100,100027,100,99979,100,100029,100,99964,100,100045,100,99960,100,100051,100,99954,100,100054,200,99953,100,100055,100,99940,100,100058,100,99930,100
2019-06-28 09:30:26.264000596,100004,653,99991,453,100018,100,99990,100,100020,100,99981,100,100027,100,99979,100,100029,100,99964,100,100045,100,99960,100,100051,100,99954,100,100054,200,99953,100,100055,100,99940,100,100058,100,99930,100
2019-06-28 09:30:30.000000000,100004,451,99991,251,100018,151,99990,151,100020,151,99981,151,100027,151,99979,151,100029,151,99964,151,100045,100,99960,100,100051,100,99954,100,100054,200,99953,100,100055,100,99940,100,100058,100,99930,100
2019-06-28 09:30:40.000000000,100004,486,99991,286,100018,183,99990,183,100020,183,99981,183,100027,100,99979,100,100029,100,99964,100,100045,100,99960,100,100051,100,99954,100,100054,200,99953,100,100055,100,99940,100,100058,100,99930,100
2019-06-28 09:30:45.448314002,100004,486,99999,100,100018,183,99991,186,100020,183,99990,183,100027,100,99981,183,100029,100,99979,100,100045,100,99964,100,100051,100,99960,100,100054,200,99954,100,100055,100,99953,100,100058,100,99940,100
2019-06-28 09:30:48.383097413,100004,486,99999,100,100018,183,99991,186,100020,183,99990,183,100027,100,99981,183,100029,100,99979,100,100045,100,99964,100,100051,100,99960,100,100054,200,99954,100,100055,100,99953,100,100058,100,99940,100
2019-06-28 09:30:50.000000000,100004,653,99999,353,100018,100,99991,100,100020,100,99990,100,100027,100,99981,100,100029,100,99979,100,100045,100,99964,100,100051,100,99960,100,100054,200,99954,100,100055,100,99953,100,100058,100,99940,100
2019-06-28 09:31:00.000000000,100004,653,99999,353,100018,100,99991,100,100020,100,99990,100,100027,100,99981,100,100029,100,99979,100,100045,100,99964,100,100051,100,99960,100,100054,200,99954,100,100055,100,99953,100,100058,100,99940,100
2019-06-28 09:31:02.985655740,100004,553,99999,353,100018,100,99991,100,100020,100,99990,100,100027,100,99981,100,100029,100,99979,100,100045,100,99964,100,100051,100,99960,100,100054,200,99954,100,100055,100,99953,100,100058,100,99940,100
2019-06-28 09:31:03.214093014,100004,553,99999,353,100018,100,99991,100,100020,100,99990,100,100027,100,99981,100,100029,100,99979,100,100045,100,99964,100,100051,100,99960,100,100054,200,99954,100,100055,100,99953,100,100058,100,99940,100
2019-06-28 09:31:03.230169924,100004,553,99999,353,100018,100,99991,100,100020,100,99990,100,100027,100,99981,100,100029,100,99979,100,100051,100,99964,100,100054,200,99960,100,100055,100,99954,100,100058,100,99953,100,100073,100,99940,100
2019-06-28 09:31:10.000000000,100004,351,99999,151,100018,151,99991,151,100020,151,99990,151,100027,151,99981,151,100029,151,99979,151,100051,100,99964,100,100054,200,99960,100,100055,100,99954,100,100058,100,99953,100,100073,100,99940,100
2019-06-28 09:31:16.991975602,100004,251,99999,151,100018,151,99991,151,100020,151,99990,151,100027,151,99981,151,100029,151,99979,151,100054,200,99964,100,100055,100,99960,100,100058,100,99954,100,100073,100,99953,100,100074,100,99940,100
2019-06-28 09:31:20.000000000,100004,286,99999,186,100018,183,99991,183,100020,183,99990,183,100027,100,99981,100,100029,100,99979,100,100054,200,99964,100,100055,100,99960,100,100058,100,99954,100,100073,100,99953,100,100074,100,99940,100
2019-06-28 09:31:30.000000000,100004,326,99999,226,100018,226,99991,226,100020,100,99990,100,100027,100,99981,100,100029,100,99979,100,100054,200,99964,100,100055,100,99960,100,100058,100,99954,100,100073,100,99953,100,100074,100,99940,100
2019-06-28 09:31:40.000000000,100004,326,99999,226,100018,226,99991,226,100020,100,99990,100,100027,100,99981,100,100029,100,99979,100,100054,200,99964,100,100055,100,99960,100,100058,100,99954,100,100073,100,99953,100,100074,100,99940,100
2019-06-28 09:31:50.000000000,100004,286,99999,186,100018,183,99991,183,100020,183,99990,183,100027,100,99981,100,100029,100,99979,100,100054,200,99964,100,100055,100,99960,100,100058,100,99954,100,100073,100,99953,100,100074,100,99940,100
2019-06-28 09:31:54.858946144,100004,286,99999,86,100018,183,99991,183,100020,183,99990,183,100027,100,99981,100,100029,100,99979,100,100054,200,99964,100,100058,100,99960,100,100073,100,99954,100,100074,100,99953,100,100112,100,99940,100
2019-06-28 09:32:00.000000000,100004,251,99991,151,100018,151,99990,151,100020,151,99981,151,100027,151,99979,151,100029,151,99964,151,100054,200,99960,100,100058,100,99954,100,100073,100,99953,100,100074,100,99940,100,100112,100,99930,100
2019-06-28 09:32:10.000000000,100004,453,99991,353,100018,100,99990,100,100020,100,99981,100,100027,100,99979,100,100029,100,99964,100,100054,200,99960,100,100058,100,99954,100,100073,100,99953,100,100074,100,99940,100,100112,100,99930,100
2019-06-28 09:32:20.000000000,100004,263,99991,163,100018,163,99990,163,100020,163,99981,163,100027,163,99979,163,100029,100,99964,100,100054,200,99960,100,100058,100,99954,100,100073,100,99953,100,100074,100,99940,100,100112,100,99930,100
2019-06-28 09:32:28.038355298,100004,263,99991,63,100018,163,99990,163,100020,163,99981,163,100027,163,99979,163,100029,100,99964,100,100054,200,99960,100,100058,100,99954,100,100073,100,99953,100,100074,100,99940,100,100112,100,99930,100
2019-06-28 09:32:30.000000000,100004,286,99990,186,100018,183,99981,183,100020,183,99979,183,100027,100,99964,100,100029,100,99960,100,100054,200,99954,100,100058,100,99953,100,100073,100,99940,100,100074,100,99930,100,100112,100,99927,100
2019-06-28 09:32:40.000000000,100004,286,99990,186,100018,183,99981,183,100020,183,99979,183,100027,100,99964,100,100029,100,99960,100,100054,200,99954,100,100058,100,99953,100,100073,100,99940,100,100074,100,99930,100,100112,100,99927,100
2019-06-28 09:32:50.000000000,100004,326,99990,226,100018,226,99981,226,100020,100,99979,100,100027,100,99964,100,100029,100,99960,100,100054,200,99954,100,100058,100,99953,100,100073,100,99940,100,100074,100,99930,100,100112,100,99927,100
2019-06-28 09:32:54.260154652,100004,326,99990,126,100018,226,99981,226,100020,100,99979,100,100027,100,99964,100,100029,100,99960,100,100054,200,99954,100,100058,100,99953,100,100073,100,99940,100,100074,100,99930,100,100112,100,99927,100
2019-06-28 09:33:00.000000000,100004,326,99981,226,100018,226,99979,226,100020,100,99964,100,100027,100,99960,100,100029,100,99954,100,100054,200,99953,100,100058,100,99940,100,100073,100,99930,100,100074,100,99927,100,100112,100,99923,100
2019-06-28 09:33:10.000000000,100004,286,99981,186,100018,183,99979,183,100020,183,99964,183,100027,100,99960,100,100029,100,99954,100,100054,200,99953,100,100058,100,99940,100,100073,100,99930,100,100074,100,99927,100,100112,100,99923,100
2019-06-28 09:33:12.692668741,99991,100,99981,186,100004,286,99979,183,100018,183,99964,183,100020,183,99960,100,100027,100,99954,100,100029,100,99953,100,100054,200,99940,100,100058,100,99930,100,100073,100,99927,100,100074,100,99923,100
2019-06-28 09:33:20.000000000,99991,151,99981,151,100004,251,99979,151,100018,151,99964,151,100020,151,99960,151,100027,151,99954,151,100029,100,99953,100,100054,200,99940,100,100058,100,99930,100,100073,100,99927,100,100074,100,99923,100
2019-06-28 09:33:25.170136996,99991,151,99981,51,100004,251,99979,151,100018,151,99964,151,100020,151,99960,151,100027,151,99954,151,100029,100,99953,100,100054,200,99940,100,100058,100,99930,100,100073,100,99927,100,100074,100,99923,100
2019-06-28 09:33:28.430548177,99991,151,99981,51,100004,251,99979,151,100018,151,99964,151,100020,151,99960,151,100027,151,99954,151,100029,100,99953,100,100054,200,99930,100,100058,100,99927,100,100073,100,99923,100,100074,100,99919,100
2019-06-28 09:33:30.000000000,99991,186,99979,186,100004,283,99964,183,100018,183,99960,183,100020,100,99954,100,100027,100,99953,100,100029,100,99930,100,100054,200,99927,100,100058,100,99923,100,100073,100,99919,100,100074,100,99904,100
2019-06-28 09:33:40.000000000,99991,353,99979,353,100004,200,99964,100,100018,100,99960,100,100020,100,99954,100,100027,100,99953,100,100029,100,99930,100,100054,200,99927,100,100058,100,99923,100,100073,100,99919,100,100074,100,99904,100
2019-06-28 09:33:50.000000000,99991,353,99979,353,100004,200,99964,100,100018,100,99960,100,100020,100,99954,100,100027,100,99953,100,100029,100,99930,100,100054,200,99927,100,100058,100,99923,100,100073,100,99919,100,100074,100,99904,100
2019-06-28 09:33:52.222134970,99991,353,99979,353,100004,200,99964,100,100018,100,99960,100,100020,100,99954,100,100027,100,99953,100,100029,100,99930,100,100054,200,99927,100,100058,100,99923,100,100073,100,99919,100,100074,100,99904,100
2019-06-28 09:34:00.000000000,99991,353,99979,353,100004,200,99964,100,100018,100,99960,100,100020,100,99954,100,100027,100,99953,100,100029,100,99930,100,100054,200,99927,100,100058,100,99923,100,100073,100,99919,100,100074,100,99904,100
2019-06-28 09:34:10.000000000,99991,353,99979,353,100004,200,99964,100,100018,100,99960,100,100020,100,99954,100,100027,100,99953,100,100029,100,99930,100,100054,200,99927,100,100058,100,99923,100,100073,100,99919,100,100074,100,99904,100
2019-06-28 09:34:10.309290732,99991,353,99979,353,100004,200,99964,100,100018,100,99960,100,100020,100,99954,100,100027,100,99953,100,100029,100,99930,100,100054,200,99927,100,100073,100,99923,100,100074,100,99919,100,100112,100,99904,100
2019-06-28 09:34:20.000000000,99991,151,99979,151,100004,251,99964,151,100018,151,99960,151,100020,151,99954,151,100027,151,99953,151,100029,100,99930,100,100054,200,99927,100,100073,100,99923,100,100074,100,99919,100,100112,100,99904,100
2019-06-28 09:34:24.755814826,99990,100,99979,151,99991,51,99964,151,100004,251,99960,151,100018,151,99954,151,100020,151,99953,151,100027,151,99930,100,100029,100,99927,100,100054,200,99923,100,100073,100,99919,100,100074,100,99904,100
2019-06-28 09:34:26.012022595,99990,100,99979,151,99991,51,99964,151,100004,251,99960,151,100018,151,99954,151,100020,151,99953,151,100027,151,99930,100,100029,100,99927,100,100054,200,99923,100,100073,100,99919,100,100074,100,99904,100
2019-06-28 09:34:30.000000000,99990,353,99979,353,100004,200,99964,100,100018,100,99960,100,100020,100,99954,100,100027,100,99953,100,100029,100,99930,100,100054,200,99927,100,100073,100,99923,100,100074,100,99919,100,100114,100,99904,100
2019-06-28 09:34:40.000000000,99990,163,99979,163,100004,263,99964,163,100018,163,99960,163,100020,163,99954,163,100027,100,99953,100,100029,100,99930,100,100054,200,99927,100,100073,100,99923,100,100074,100,99919,100,100114,100,99904,100
2019-06-28 09:34:50.000000000,99990,353,99979,353,100004,200,99964,100,100018,100,99960,100,100020,100,99954,100,100027,100,99953,100,100029,100,99930,100,100054,200,99927,100,100073,100,99923,100,100074,100,99919,100,100114,100,99904,100
2019-06-28 09:35:00.000000000,99990,226,99979,226,100004,326,99964,226,100018,100,99960,100,100020,100,99954,100,100027,100,99953,100,100029,100,99930,100,100054,200,99927,100,100073,100,99923,100,100074,100,99919,100,100114,100,99904,100
2019-06-28 09:35:10.000000000,99990,186,99979,186,100004,283,99964,183,100018,183,99960,183,100020,100,99954,100,100027,100,99953,100,100029,100,99930,100,100054,200,99927,100,100073,100,99923,100,100074,100,99919,100,100114,100,99904,100
2019-06-28 09:35:18.728643885,99990,286,99979,186,100004,283,99964,183,100018,183,99960,183,100020,100,99954,100,100027,100,99953,100,100029,100,99930,100,100054,200,99927,100,100073,100,99923,100,100074,100,99919,100,100114,100,99904,100
2019-06-28 09:35:20.000000000,99990,286,99979,186,100004,283,99964,183,100018,183,99960,183,100020,100,99954,100,100027,100,99953,100,100029,100,99930,100,100054,200,99927,100,100073,100,99923,100,100074,100,99919,100,100114,100,99904,100
2019-06-28 09:35:21.664965607,99990,286,99979,86,100004,283,99964,183,100018,183,99960,183,100020,100,99954,100,100027,100,99953,100,100054,200,99930,100,100073,100,99927,100,100074,100,99923,100,100114,100,99919,100,100118,100,99904,100
2019-06-28 09:35:30.000000000,99990,326,99964,226,100004,326,99960,226,100018,100,99954,100,100020,100,99953,100,100027,100,99930,100,100054,200,99927,100,100073,100,99923,100,100074,100,99919,100,100114,100,99904,100,100118,100,99887,100
2019-06-28 09:35:40.000000000,99990,263,99964,163,100004,263,99960,163,100018,163,99954,163,100020,163,99953,163,100027,100,99930,100,100054,200,99927,100,100073,100,99923,100,100074,100,99919,100,100114,100,99904,100,100118,100,99887,100
2019-06-28 09:35:49.526314949,99990,263,99964,163,100004,263,99960,163,100018,163,99954,163,100020,163,99953,163,100027,100,99930,100,100054,200,99927,100,100073,100,99923,100,100074,100,99919,100,100114,100,99904,100,100118,100,99887,100
2019-06-28 09:35:50.000000000,99990,453,99964,353,100004,200,99960,100,100018,100,99954,100,100020,100,99953,100,100027,100,99930,100,100054,200,99927,100,100073,100,99923,100,100074,100,99919,100,100114,100,99904,100,100118,100,99887,100
2019-06-28 09:35:50.685890615,99990,453,99964,353,100004,200,99960,100,100018,100,99954,100,100020,100,99953,100,100027,100,99930,100,100054,200,99927,100,100073,100,99923,100,100074,100,99919,100,100114,100,99904,100,100118,100,99887,100
2019-06-28 09:36:00.000000000,99990,251,99964,151,100004,251,99960,151,100018,151,99954,151,100020,151,99953,151,100027,151,99930,151,100054,200,99927,100,100073,100,99923,100,100074,100,99919,100,100114,100,99904,100,100118,100,99887,100
2019-06-28 09:36:10.000000000,99990,251,99964,151,100004,251,99960,151,100018,151,99954,151,100020,151,99953,151,100027,151,99930,151,100054,200,99927,100,100073,100,99923,100,100074,100,99919,100,100114,100,99904,100,100118,100,99887,100
2019-06-28 09:36:19.159266085,99990,251,99964,151,100004,251,99960,151,100018,151,99954,151,100020,151,99953,151,100027,151,99930,151,100054,200,99927,100,100073,100,99923,100,100074,100,99904,100,100114,100,99887,100,100118,100,99874,100
2019-06-28 09:36:20.000000000,99990,251,99964,151,100004,251,99960,151,100018,151,99954,151,100020,151,99953,151,100027,151,99930,151,100054,200,99927,100,100073,100,99923,100,100074,100,99904,100,100114,100,99887,100,100118,100,99874,100
2019-06-28 09:36:30.000000000,99990,326,99964,226,100004,326,99960,226,100018,100,99954,100,100020,100,99953,100,100027,100,99930,100,100054,200,99927,100,100073,100,99923,100,100074,100,99904,100,100114,100,99887,100,100118,100,99874,100
2019-06-28 09:36:31.303740653,99981,100,99964,226,99990,326,99960,226,100004,326,99954,100,100018,100,99953,100,100020,100,99930,100,100027,100,99927,100,100054,200,99923,100,100073,100,99904,100,100074,100,99887,100,100114,100,99874,100
2019-06-28 09:36:40.000000000,99981,353,99964,353,99990,200,99960,100,100004,200,99954,100,100018,100,99953,100,100020,100,99930,100,100027,100,99927,100,100054,200,99923,100,100073,100,99904,100,100074,100,99887,100,100114,100,99874,100
2019-06-28 09:36:44.024678985,99981,353,99964,353,99990,200,99960,100,100004,200,99954,100,100020,100,99953,100,100027,100,99930,100,100054,200,99927,100,100073,100,99923,100,100074,100,99904,100,100114,100,99887,100,100118,100,99874,100
2019-06-28 09:36:50.000000000,99981,163,99964,163,99990,263,99960,163,100004,263,99954,163,100020,163,99953,163,100027,100,99930,100,100054,200,99927,100,100073,100,99923,100,100074,100,99904,100,100114,100,99887,100,100118,100,99874,100
2019-06-28 09:36:58.856362416,99981,163,99964,163,99990,263,99960,163,100004,263,99954,163,100020,163,99953,163,100027,100,99930,100,100054,200,99927,100,100073,100,99923,100,100074,100,99904,100,100114,100,99887,100,100118,100,99874,100
2019-06-28 09:37:00.000000000,99981,151,99964,151,99990,251,99960,151,100004,251,99954,151,100020,151,99953,151,100027,151,99930,151,100054,200,99927,100,100073,100,99923,100,100074,100,99904,100,100114,100,99887,100,100118,100,99874,100
2019-06-28 09:37:10.000000000,99981,353,99964,353,99990,200,99960,100,100004,200,99954,100,100020,100,99953,100,100027,100,99930,100,100054,200,99927,100,100073,100,99923,100,100074,100,99904,100,100114,100,99887,100,100118,100,99874,100
2019-06-28 09:37:20.000000000,99981,226,99964,226,99990,326,99960,226,100004,200,99954,100,100020,100,99953,100,100027,100,99930,100,100054,200,99927,100,100073,100,99923,100,100074,100,99904,100,100114,100,99887,100,100118,100,99874,100
2019-06-28 09:37:30.000000000,99981,226,99964,226,99990,326,99960,226,100004,200,99954,100,100020,100,99953,100,100027,100,99930,100,100054,200,99927,100,100073,100,99923,100,100074,100,99904,100,100114,100,99887,100,100118,100,99874,100
2019-06-28 09:37:33.561223390,99981,226,99964,126,99990,326,99960,226,100004,200,99954,100,100020,100,99953,100,100027,100,99930,100,100054,200,99927,100,100073,100,99923,100,100074,100,99904,100,100114,100,99887,100,100118,100,99874,100
2019-06-28 09:37:40.000000000,99981,186,99960,186,99990,283,99954,183,100004,283,99953,183,100020,100,99930,100,100027,100,99927,100,100054,200,99923,100,100073,100,99904,100,100074,100,99887,100,100114,100,99874,100,100118,100,99873,100
2019-06-28 09:37:47.530032900,99981,186,99960,86,99990,283,99954,183,100004,283,99953,183,100020,100,99930,100,100027,100,99927,100,100054,200,99923,100,100073,100,99904,100,100074,100,99887,100,100114,100,99874,100,100118,100,99873,100
2019-06-28 09:37:50.000000000,99981,353,99954,353,99990,200,99953,100,100004,200,99930,100,100020,100,99927,100,100027,100,99923,100,100054,200,99904,100,100073,100,99887,100,100074,100,99874,100,100114,100,99873,100,100118,100,99866,100
2019-06-28 09:37:57.724761620,99964,100,99954,353,99981,353,99953,100,99990,200,99930,100,100004,200,99927,100,100020,100,99923,100,100027,100,99904,100,100054,200,99887,100,100073,100,99874,100,100074,100,99873,100,100114,100,99866,100
2019-06-28 09:38:00.000000000,99964,226,99954,226,99981,226,99953,226,99990,200,99930,100,100004,200,99927,100,100020,100,99923,100,100027,100,99904,100,100054,200,99887,100,100073,100,99874,100,100074,100,99873,100,100114,100,99866,100
2019-06-28 09:38:06.941177025,99964,226,99954,226,99981,226,99953,226,99990,200,99930,100,100004,200,99927,100,100020,100,99923,100,100027,100,99906,100,100054,200,99904,100,100073,100,99887,100,100074,100,99874,100,100114,100,99873,100
2019-06-28 09:38:10.000000000,99964,226,99954,226,99981,226,99953,226,99990,200,99930,100,100004,200,99927,100,100020,100,99923,100,100027,100,99906,100,100054,200,99904,100,100073,100,99887,100,100074,100,99874,100,100114,100,99873,100
2019-06-28 09:38:16.486363568,99964,226,99954,226,99970,100,99953,226,99981,226,99930,100,99990,200,99927,100,100004,200,99923,100,100020,100,99906,100,100027,100,99904,100,100054,200,99887,100,100073,100,99874,100,100074,100,99873,100
2019-06-28 09:38:20.000000000,99964,151,99954,151,99970,151,99953,151,99981,151,99930,151,99990,251,99927,151,100004,251,99923,151,100020,100,99906,100,100027,100,99904,100,100054,200,99887,100,100073,100,99874,100,100074,100,99873,100
2019-06-28 09:38:30.000000000,99964,186,99954,186,99970,183,99953,183,99981,183,99930,183,99990,200,99927,100,100004,200,99923,100,100020,100,99906,100,100027,100,99904,100,100054,200,99887,100,100073,100,99874,100,100074,100,99873,100
2019-06-28 09:38:40.000000000,99964,186,99954,186,99970,183,99953,183,99981,183,99930,183,99990,200,99927,100,100004,200,99923,100,100020,100,99906,100,100027,100,99904,100,100054,200,99887,100,100073,100,99874,100,100074,100,99873,100
2019-06-28 09:38:50.000000000,99964,163,99954,163,99970,163,99953,163,99981,163,99930,163,99990,263,99927,163,100004,200,99923,100,100020,100,99906,100,100027,100,99904,100,100054,200,99887,100,100073,100,99874,100,100074,100,99873,100
2019-06-28 09:38:53.577049414,99964,163,99954,163,99970,163,99953,163,99981,163,99930,163,99990,263,99927,163,100004,200,99923,100,100020,100,99906,100,100027,100,99904,100,100054,200,99887,100,100073,100,99874,100,100074,100,99873,100
2019-06-28 09:39:00.000000000,99964,151,99954,151,99970,151,99953,151,99981,151,99930,151,99990,251,99927,151,100004,251,99923,151,100020,100,99906,100,100027,100,99904,100,100054,200,99887,100,100073,100,99874,100,100074,100,99873,100
2019-06-28 09:39:01.978487521,99964,151,99954,51,99970,151,99953,151,99981,151,99930,151,99990,251,99927,151,100004,251,99923,151,100020,100,99906,100,100027,100,99904,100,100054,200,99874,100,100073,100,99873,100,100074,100,99866,100
2019-06-28 09:39:10.000000000,99964,163,99953,163,99970,163,99930,163,99981,163,99927,163,99990,263,99923,163,100004,200,99906,100,100020,100,99904,100,100027,100,99874,100,100054,200,99873,100,100073,100,99866,100,100074,100,99841,100
2019-06-28 09:39:20.000000000,99964,151,99953,151,99970,151,99930,151,99981,151,99927,151,99990,251,99923,151,100004,251,99906,151,100020,100,99904,100,100027,100,99874,100,100054,200,99873,100,100073,100,99866,100,100074,100,99841,100
2019-06-28 09:39:30.000000000,99964,226,99953,226,99970,226,99930,226,99981,100,99927,100,99990,200,99923,100,100004,200,99906,100,100020,100,99904,100,100027,100,99874,100,100054,200,99873,100,100073,100,99866,100,100074,100,99841,100
2019-06-28 09:39:32.752377395,99964,226,99953,226,99970,226,99930,226,99981,100,99927,100,99990,200,99923,100,100004,200,99906,100,100020,100,99904,100,100027,100,99874,100,100054,200,99873,100,100073,100,99866,100,100074,100,99841,100
2019-06-28 09:39:40.000000000,99964,163,99953,163,99970,163,99930,163,99981,163,99927,163,99990,263,99923,163,100004,200,99906,100,100020,100,99904,100,100027,100,99874,100,100054,200,99873,100,100073,100,99866,100,100074,100,99841,100
2019-06-28 09:39:42.245582305,99964,163,99953,63,99970,163,99930,163,99981,163,99927,163,99990,263,99923,163,100004,200,99906,100,100020,100,99904,100,100027,100,99874,100,100054,200,99873,100,100073,100,99866,100,100074,100,99841,100
2019-06-28 09:39:43.776327074,99953,37,99930,163,99964,163,99927,163,99970,163,99923,163,99981,163,99906,100,99990,263,99904,100,100004,200,99874,100,100020,100,99873,100,100027,100,99866,100,100054,200,99841,100,100073,100,99839,100
2019-06-28 09:39:46.593933955,99944,100,99930,163,99953,37,99927,163,99964,163,99923,163,99970,163,99906,100,99981,163,99904,100,99990,263,99874,100,100004,200,99873,100,100020,100,99841,100,100027,100,99839,100,100054,200,99804,100
2019-06-28 09:39:50.000000000,99944,226,99930,226,99953,163,99927,226,99964,100,99923,100,99970,100,99906,100,99981,100,99904,100,99990,200,99874,100,100004,200,99873,100,100020,100,99841,100,100027,100,99839,100,100054,200,99804,100
2019-06-28 09:39:57.110587375,99944,226,99930,126,99953,163,99927,226,99964,100,99923,100,99970,100,99906,100,99981,100,99904,100,99990,200,99874,100,100004,200,99873,100,100020,100,99841,100,100027,100,99839,100,100054,100,99804,100
2019-06-28 09:39:59.499924035,99944,226,99930,26,99953,163,99927,226,99964,100,99923,100,99970,100,99906,100,99981,100,99904,100,99990,200,99874,100,100004,200,99873,100,100020,100,99841,100,100027,100,99839,100,100054,100,99804,100
2019-06-28 09:40:00.000000000,99944,226,99927,226,99953,163,99923,226,99964,100,99906,100,99970,100,99904,100,99981,100,99874,100,99990,200,99873,100,100004,200,99841,100,100020,100,99839,100,100027,100,99804,100,100054,100,99533,100
2019-06-28 09:40:10.000000000,99944,186,99927,186,99953,120,99923,183,99964,183,99906,183,99970,100,99904,100,99981,100,99874,100,99990,200,99873,100,100004,200,99841,100,100020,100,99839,100,100027,100,99804,100,100054,100,99533,100
2019-06-28 09:40:20.000000000,99944,186,99927,186,99953,120,99923,183,99964,183,99906,183,99970,100,99904,100,99981,100,99874,100,99990,200,99873,100,100004,200,99841,100,100020,100,99839,100,100027,100,99804,100,100054,100,99533,100
2019-06-28 09:40:30.000000000,99944,226,99927,226,99953,163,99923,226,99964,100,99906,100,99970,100,99904,100,99981,100,99874,100,99990,200,99873,100,100004,200,99841,100,100020,100,99839,100,100027,100,99804,100,100054,100,99533,100
2019-06-28 09:40:33.434049886,99930,100,99927,226,99944,226,99923,226,99953,163,99906,100,99964,100,99904,100,99970,100,99874,100,99981,100,99873,100,99990,200,99841,100,100004,200,99839,100,100020,100,99804,100,100027,100,99533,100
2019-06-28 09:40:34.175150490,99930,100,99927,226,99944,226,99923,226,99953,126,99906,100,99964,100,99904,100,99970,100,99874,100,99981,100,99873,100,99990,200,99841,100,100004,200,99839,100,100020,100,99804,100,100027,100,99607,100
2019-06-28 09:40:34.573298172,99930,100,99927,126,99944,226,99923,226,99953,126,99906,100,99964,100,99904,100,99970,100,99874,100,99981,100,99873,100,99990,200,99841,100,100004,200,99839,100,100020,100,99804,100,100027,100,99607,100
2019-06-28 09:40:40.000000000,99930,186,99923,186,99944,183,99906,183,99964,183,99904,183,99970,100,99874,100,99981,100,99873,100,99990,200,99841,100,100004,200,99839,100,100020,100,99804,100,100027,100,99607,100,100054,100,99533,100
2019-06-28 09:40:46.825943675,99930,186,99923,186,99944,183,99906,183,99964,183,99904,183,99970,100,99874,100,99981,100,99873,100,99990,200,99841,100,100004,200,99839,100,100020,100,99804,100,100027,100,99607,100,100054,100,99533,100
2019-06-28 09:40:50.000000000,99930,151,99923,151,99944,151,99906,151,99964,151,99904,151,99970,151,99874,151,99981,151,99873,151,99990,200,99841,100,100004,200,99839,100,100020,100,99804,100,100027,100,99607,100,100054,100,99533,100
2019-06-28 09:40:52.145951870,99930,151,99923,151,99944,151,99906,151,99964,151,99904,151,99970,151,99874,151,99981,151,99873,151,99990,200,99841,100,100004,200,99839,100,100020,100,99804,100,100027,100,99607,100,100054,100,99533,100
2019-06-28 09:40:53.384138041,99930,151,99923,51,99944,151,99906,151,99964,151,99904,151,99970,151,99874,151,99981,151,99873,151,99990,200,99841,100,100004,200,99839,100,100020,100,99804,100,100027,100,99607,100,100054,100,99533,100
2019-06-28 09:41:00.000000000,99930,163,99906,163,99944,163,99904,163,99964,163,99874,163,99970,163,99873,163,99981,100,99841,100,99990,200,99839,100,100004,200,99804,100,100020,100,99607,100,100027,100,99533,100,100054,100,99428,100
2019-06-28 09:41:02.048978731,99930,163,99906,163,99944,163,99904,163,99964,163,99874,163,99970,163,99873,163,99981,100,99841,100,99990,200,99839,100,100004,100,99804,100,100020,100,99607,100,100027,100,99533,100,100054,100,99428,100
2019-06-28 09:41:08.021153414,99927,100,99906,163,99930,163,99904,163,99944,163,99874,163,99964,163,99873,163,99970,163,99841,100,99981,100,99839,100,99990,200,99804,100,100004,100,99607,100,100020,100,99533,100,100027,100,99428,100
2019-06-28 09:41:10.000000000,99927,151,99906,151,99930,151,99904,151,99944,151,99874,151,99964,151,99873,151,99970,151,99841,151,99981,100,99839,100,99990,200,99804,100,100004,100,99607,100,100020,100,99533,100,100027,100,99428,100
2019-06-28 09:41:12.368975895,99927,151,99906,151,99930,151,99904,151,99944,151,99874,151,99964,151,99873,151,99970,151,99841,151,99981,100,99839,100,99990,200,99804,100,100004,100,99607,100,100020,100,99533,100,100027,100,99428,100
2019-06-28 09:41:20.000000000,99927,151,99906,151,99930,151,99904,151,99944,151,99874,151,99964,151,99873,151,99970,151,99841,151,99981,100,99839,100,99990,200,99804,100,100004,100,99607,100,100020,100,99533,100,100027,100,99428,100
2019-06-28 09:41:20.234187576,99927,151,99906,151,99930,151,99904,151,99944,151,99874,151,99964,151,99873,151,99970,151,99841,151,99981,100,99839,100,99990,200,99804,100,100004,100,99607,100,100020,100,99533,100,100027,100,99428,100
2019-06-28 09:41:25.806053619,99927,151,99906,51,99930,151,99904,51,99944,151,99874,151,99964,151,99873,151,99970,151,99841,151,99981,100,99839,100,99990,200,99804,100,100004,100,99607,100,100020,100,99533,100,100027,100,99428,100
2019-06-28 09:41:28.225593274,99906,49,99904,51,99927,151,99874,151,99930,151,99873,151,99944,151,99841,151,99964,151,99839,100,99970,151,99804,100,99981,100,99607,100,99990,200,99533,100,100004,100,99428,100,100020,100,99420,100
2019-06-28 09:41:29.868389333,99906,149,99904,51,99927,151,99874,151,99930,151,99873,151,99944,151,99841,151,99964,151,99839,100,99970,151,99804,100,99981,100,99607,100,99990,200,99533,100,100004,100,99428,100,100020,100,99420,100
2019-06-28 09:41:30.000000000,99906,235,99874,186,99927,183,99873,183,99930,183,99841,183,99944,100,99839,100,99964,100,99804,100,99970,100,99607,100,99981,100,99533,100,99990,200,99428,100,100004,100,99420,100,100020,100,99385,100
2019-06-28 09:41:34.525958339,99906,335,99874,186,99927,183,99873,183,99930,183,99841,183,99944,100,99839,100,99964,100,99804,100,99970,100,99607,100,99981,100,99533,100,99990,200,99428,100,100004,100,99420,100,100020,100,99385,100
2019-06-28 09:41:40.000000000,99906,312,99874,163,99927,163,99873,163,99930,163,99841,163,99944,163,99839,163,99964,100,99804,100,99970,100,99607,100,99981,100,99533,100,99990,200,99428,100,100004,100,99420,100,100020,100,99385,100
2019-06-28 09:41:48.672341378,99906,312,99874,63,99927,163,99873,163,99930,163,99841,163,99944,163,99839,163,99964,100,99804,100,99970,100,99607,100,99981,100,99533,100,99990,200,99428,100,100004,100,99420,100,100020,100,99385,100
2019-06-28 09:41:50.000000000,99906,300,99873,151,99927,151,99841,151,99930,151,99839,151,99944,151,99804,151,99964,151,99607,151,99970,100,99533,100,99981,100,99428,100,99990,200,99420,100,100004,100,99385,100,100020,100,99351,100
2019-06-28 09:42:00.000000000,99906,312,99873,163,99927,163,99841,163,99930,163,99839,163,99944,163,99804,163,99964,100,99607,100,99970,100,99533,100,99981,100,99428,100,99990,200,99420,100,100004,100,99385,100,100020,100,99351,100
2019-06-28 09:42:10.000000000,99906,502,99873,353,99927,100,99841,100,99930,100,99839,100,99944,100,99804,100,99964,100,99607,100,99970,100,99533,100,99981,100,99428,100,99990,200,99420,100,100004,100,99385,100,100020,100,99351,100
2019-06-28 09:42:16.057493497,99905,100,99873,353,99906,502,99841,100,99927,100,99839,100,99930,100,99804,100,99944,100,99607,100,99964,100,99533,100,99970,100,99428,100,99981,100,99420,100,99990,200,99385,100,100004,100,99351,100
2019-06-28 09:42:19.250962963,99905,100,99873,253,99906,502,99841,100,99927,100,99839,100,99930,100,99804,100,99944,100,99607,100,99964,100,99533,100,99970,100,99428,100,99981,100,99420,100,99990,200,99385,100,100004,100,99351,100
2019-06-28 09:42:20.000000000,99905,186,99841,186,99906,332,99839,183,99927,183,99804,183,99930,100,99607,100,99944,100,99533,100,99964,100,99428,100,99970,100,99420,100,99981,100,99385,100,99990,200,99351,100,100004,100,99337,100
2019-06-28 09:42:27.332593340,99905,186,99841,186,99906,332,99839,183,99927,183,99804,183,99930,100,99650,100,99944,100,99607,100,99964,100,99533,100,99970,100,99428,100,99981,100,99420,100,99990,200,99385,100,100004,100,99351,100
2019-06-28 09:42:30.000000000,99905,151,99841,151,99906,300,99839,151,99927,151,99804,151,99930,151,99650,151,99944,151,99607,151,99964,100,99533,100,99970,100,99428,100,99981,100,99420,100,99990,200,99385,100,100004,100,99351,100
2019-06-28 09:42:40.000000000,99905,163,99841,163,99906,312,99839,163,99927,163,99804,163,99930,163,99650,163,99944,100,99607,100,99964,100,99533,100,99970,100,99428,100,99981,100,99420,100,99990,200,99385,100,100004,100,99351,100
2019-06-28 09:42:44.745349496,99905,163,99841,163,99906,263,99839,163,99927,163,99804,163,99930,163,99756,100,99944,100,99650,163,99964,100,99607,100,99970,100,99533,100,99981,100,99428,100,99990,200,99420,100,100004,100,99385,100
2019-06-28 09:42:45.135242251,99905,163,99875,100,99906,263,99841,163,99927,163,99839,163,99930,163,99804,163,99944,100,99756,100,99964,100,99650,163,99970,100,99607,100,99981,100,99533,100,99990,200,99428,100,100004,100,99420,100
2019-06-28 09:42:48.697148619,99905,163,99875,100,99906,263,99841,163,99927,163,99839,163,99930,163,99804,163,99944,100,99756,100,99964,100,99650,163,99970,100,99607,100,99981,100,99533,100,99986,100,99428,100,99990,200,99420,100
2019-06-28 09:42:50.000000000,99905,186,99875,186,99906,283,99841,183,99927,183,99839,183,99930,100,99804,100,99944,100,99756,100,99964,100,99650,100,99970,100,99607,100,99981,100,99533,100,99986,100,99428,100,99990,200,99420,100
2019-06-28 09:43:00.000000000,99905,353,99875,353,99906,200,99841,100,99927,100,99839,100,99930,100,99804,100,99944,100,99756,100,99964,100,99650,100,99970,100,99607,100,99981,100,99533,100,99986,100,99428,100,99990,200,99420,100
2019-06-28 09:43:01.873426748,99905,353,99875,353,99906,200,99841,100,99927,100,99839,100,99930,100,99804,100,99944,100,99756,100,99964,100,99650,100,99970,100,99607,100,99981,100,99533,100,99986,100,99428,100,99990,200,99420,100
2019-06-28 09:43:03.897286543,99905,353,99875,453,99906,200,99841,100,99927,100,99839,100,99930,100,99804,100,99944,100,99756,100,99964,100,99650,100,99970,100,99607,100,99981,100,99533,100,99986,100,99428,100,99990,200,99420,100
2019-06-28 09:43:10.000000000,99905,186,99875,286,99906,283,99841,183,99927,183,99839,183,99930,100,99804,100,99944,100,99756,100,99964,100,99650,100,99970,100,99607,100,99981,100,99533,100,99986,100,99428,100,99990,200,99420,100
2019-06-28 09:43:20.000000000,99905,353,99875,453,99906,200,99841,100,99927,100,99839,100,99930,100,99804,100,99944,100,99756,100,99964,100,99650,100,99970,100,99607,100,99981,100,99533,100,99986,100,99428,100,99990,200,99420,100
2019-06-28 09:43:30.000000000,99905,226,99875,326,99906,326,99841,226,99927,100,99839,100,99930,100,99804,100,99944,100,99756,100,99964,100,99650,100,99970,100,99607,100,99981,100,99533,100,99986,100,99428,100,99990,200,99420,100
2019-06-28 09:43:40.000000000,99905,353,99875,453,99906,200,99841,100,99927,100,99839,100,99930,100,99804,100,99944,100,99756,100,99964,100,99650,100,99970,100,99607,100,99981,100,99533,100,99986,100,99428,100,99990,200,99420,100
2019-06-28 09:43:40.872383087,99905,253,99875,453,99906,200,99841,100,99927,100,99839,100,99930,100,99804,100,99944,100,99756,100,99964,100,99650,100,99970,100,99607,100,99981,100,99533,100,99986,100,99428,100,99990,200,99420,100
2019-06-28 09:43:50.000000000,99906,286,99875,286,99927,183,99841,183,99930,183,99839,183,99944,100,99804,100,99964,100,99756,100,99970,100,99650,100,99981,100,99607,100,99986,100,99533,100,99990,200,99428,100,100004,100,99420,100
2019-06-28 09:43:51.964515986,99906,286,99875,286,99927,183,99841,183,99930,183,99839,183,99944,100,99804,100,99964,100,99756,100,99970,100,99650,100,99981,100,99607,100,99986,100,99533,100,99990,200,99428,100,100020,100,99420,100
2019-06-28 09:44:00.000000000,99906,326,99875,326,99927,226,99841,226,99930,100,99839,100,99944,100,99804,100,99964,100,99756,100,99970,100,99650,100,99981,100,99607,100,99986,100,99533,100,99990,200,99428,100,100020,100,99420,100
2019-06-28 09:44:10.000000000,99906,251,99875,251,99927,151,99841,151,99930,151,99839,151,99944,151,99804,151,99964,151,99756,151,99970,100,99650,100,99981,100,99607,100,99986,100,99533,100,99990,200,99428,100,100020,100,99420,100
2019-06-28 09:44:10.589045611,99906,151,99875,251,99927,151,99841,151,99930,151,99839,151,99944,151,99804,151,99964,151,99756,151,99970,100,99650,100,99981,100,99607,100,99986,100,99533,100,99990,200,99428,100,100020,100,99420,100
2019-06-28 09:44:20.000000000,99906,163,99875,263,99927,163,99841,163,99930,163,99839,163,99944,163,99804,163,99964,100,99756,100,99970,100,99650,100,99981,100,99607,100,99986,100,99533,100,99990,200,99428,100,100020,100,99420,100
2019-06-28 09:44:26.228265960,99906,163,99875,263,99927,163,99841,163,99930,163,99839,163,99944,163,99804,163,99964,100,99756,100,99970,100,99650,100,99981,100,99607,100,99986,100,99533,100,99990,200,99428,100,100020,100,99420,100
2019-06-28 09:44:30.000000000,99906,226,99875,326,99927,226,99841,226,99930,100,99839,100,99944,100,99804,100,99964,100,99756,100,99970,100,99650,100,99981,100,99607,100,99986,100,99533,100,99990,200,99428,100,100020,100,99420,100
2019-06-28 09:44:33.263172454,99906,226,99905,100,99927,226,99875,326,99930,100,99841,226,99944,100,99839,100,99964,100,99804,100,99970,100,99756,100,99981,100,99650,100,99986,100,99607,100,99990,200,99533,100,100020,100,99428,100
2019-06-28 09:44:40.000000000,99906,163,99905,163,99927,163,99875,263,99930,163,99841,163,99944,163,99839,163,99964,100,99804,100,99970,100,99756,100,99981,100,99650,100,99986,100,99607,100,99990,200,99533,100,100020,100,99428,100
2019-06-28 09:44:42.488478060,99906,163,99905,163,99927,163,99875,263,99930,163,99841,163,99944,163,99839,163,99964,100,99804,100,99970,100,99756,100,99981,100,99650,100,99986,100,99607,100,99990,200,99533,100,100020,100,99428,100
2019-06-28 09:44:44.668155377,99906,163,99905,163,99927,163,99875,263,99930,163,99841,163,99944,163,99839,163,99964,100,99804,100,99970,100,99756,100,99981,100,99650,100,99986,100,99607,100,99990,200,99533,100,100020,100,99428,100
2019-06-28 09:44:50.000000000,99906,186,99905,186,99927,183,99875,283,99930,183,99841,183,99944,100,99839,100,99964,100,99804,100,99970,100,99756,100,99981,100,99650,100,99986,100,99607,100,99990,200,99533,100,100020,100,99428,100
2019-06-28 09:45:00.000000000,99906,353,99905,353,99927,100,99875,200,99930,100,99841,100,99944,100,99839,100,99964,100,99804,100,99970,100,99756,100,99981,100,99650,100,99986,100,99607,100,99990,200,99533,100,100020,100,99428,100
2019-06-28 09:45:10.000000000,99906,151,99905,151,99927,151,99875,251,99930,151,99841,151,99944,151,99839,151,99964,151,99804,151,99970,100,99756,100,99981,100,99650,100,99986,100,99607,100,99990,200,99533,100,100020,100,99428,100
2019-06-28 09:45:20.000000000,99906,151,99905,151,99927,151,99875,251,99930,151,99841,151,99944,151,99839,151,99964,151,99804,151,99970,100,99756,100,99981,100,99650,100,99986,100,99607,100,99990,200,99533,100,100020,100,99428,100
2019-06-28 09:45:30.000000000,99906,151,99905,151,99927,151,99875,251,99930,151,99841,151,99944,151,99839,151,99964,151,99804,151,99970,100,99756,100,99981,100,99650,100,99986,100,99607,100,99990,200,99533,100,100020,100,99428,100
2019-06-28 09:45:40.000000000,99906,186,99905,186,99927,183,99875,283,99930,183,99841,183,99944,100,99839,100,99964,100,99804,100,99970,100,99756,100,99981,100,99650,100,99986,100,99607,100,99990,200,99533,100,100020,100,99428,100
2019-06-28 09:45:50.000000000,99906,151,99905,151,99927,151,99875,251,99930,151,99841,151,99944,151,99839,151,99964,151,99804,151,99970,100,99756,100,99981,100,99650,100,99986,100,99607,100,99990,200,99533,100,100020,100,99428,100
2019-06-28 09:46:00.000000000,99906,186,99905,186,99927,183,99875,283,99930,183,99841,183,99944,100,99839,100,99964,100,99804,100,99970,100,99756,100,99981,100,99650,100,99986,100,99607,100,99990,200,99533,100,100020,100,99428,100
2019-06-28 09:46:10.000000000,99906,186,99905,186,99927,183,99875,283,99930,183,99841,183,99944,100,99839,100,99964,100,99804,100,99970,100,99756,100,99981,100,99650,100,99986,100,99607,100,99990,200,99533,100,100020,100,99428,100
2019-06-28 09:46:20.000000000,99906,353,99905,353,99927,100,99875,200,99930,100,99841,100,99944,100,99839,100,99964,100,99804,100,99970,100,99756,100,99981,100,99650,100,99986,100,99607,100,99990,200,99533,100,100020,100,99428,100
2019-06-28 09:46:30.000000000,99906,186,99905,186,99927,183,99875,283,99930,183,99841,183,99944,100,99839,100,99964,100,99804,100,99970,100,99756,100,99981,100,99650,100,99986,100,99607,100,99990,200,99533,100,100020,100,99428,100
2019-06-28 09:46:40.000000000,99906,163,99905,163,99927,163,99875,263,99930,163,99841,163,99944,163,99839,163,99964,100,99804,100,99970,100,99756,100,99981,100,99650,100,99986,100,99607,100,99990,200,99533,100,100020,100,99428,100
2019-06-28 09:46:50.000000000,99906,353,99905,353,99927,100,99875,200,99930,100,99841,100,99944,100,99839,100,99964,100,99804,100,99970,100,99756,100,99981,100,99650,100,99986,100,99607,100,99990,200,99533,100,100020,100,99428,100
2019-06-28 09:47:00.000000000,99906,151,99905,151,99927,151,99875,251,99930,151,99841,151,99944,151,99839,151,99964,151,99804,151,99970,100,99756,100,99981,100,99650,100,99986,100,99607,100,99990,200,99533,100,100020,100,99428,100
2019-06-28 09:47:10.000000000,99906,186,99905,186,99927,183,99875,283,99930,183,99841,183,99944,100,99839,100,99964,100,99804,100,99970,100,99756,100,99981,100,99650,100,99986,100,99607,100,99990,200,99533,100,100020,100,99428,100
2019-06-28 09:47:20.000000000,99906,186,99905,186,99927,183,99875,283,99930,183,99841,183,99944,100,99839,100,99964,100,99804,100,99970,100,99756,100,99981,100,99650,100,99986,100,99607,100,99990,200,99533,100,100020,100,99428,100
2019-06-28 09:47:30.000000000,99906,163,99905,163,99927,163,99875,263,99930,163,99841,163,99944,163,99839,163,99964,100,99804,100,99970,100,99756,100,99981,100,99650,100,99986,100,99607,100,99990,200,99533,100,100020,100,99428,100
2019-06-28 09:47:40.000000000,99906,163,99905,163,99927,163,99875,263,99930,163,99841,163,99944,163,99839,163,99964,100,99804,100,99970,100,99756,100,99981,100,99650,100,99986,100,99607,100,99990,200,99533,100,100020,100,99428,100
2019-06-28 09:47:50.000000000,99906,163,99905,163,99927,163,99875,263,99930,163,99841,163,99944,163,99839,163,99964,100,99804,100,99970,100,99756,100,99981,100,99650,100,99986,100,99607,100,99990,200,99533,100,100020,100,99428,100
2019-06-28 09:47:57.179692295,99906,163,99905,163,99927,163,99875,263,99930,163,99841,163,99944,163,99839,163,99964,100,99804,100,99970,100,99756,100,99981,100,99650,100,99986,100,99607,100,99990,200,99533,100,100020,100,99428,100
2019-06-28 09:47:58.365960971,99906,163,99905,163,99927,163,99875,263,99930,163,99841,163,99944,163,99839,163,99964,100,99804,100,99970,100,99756,100,99981,100,99650,100,99986,100,99607,100,99990,200,99533,100,100073,100,99428,100
2019-06-28 09:47:58.649646317,99906,163,99905,63,99927,163,99875,263,99930,163,99841,163,99944,163,99839,163,99964,100,99804,100,99970,100,99756,100,99981,100,99650,100,99986,100,99607,100,99990,200,99533,100,100073,100,99428,100
2019-06-28 09:48:00.000000000,99906,226,99875,326,99927,226,99841,226,99930,100,99839,100,99944,100,99804,100,99964,100,99756,100,99970,100,99650,100,99981,100,99607,100,99986,100,99533,100,99990,200,99428,100,100073,100,99420,100
2019-06-28 09:48:06.859337360,99906,226,99875,326,99927,226,99841,226,99930,100,99839,100,99944,100,99804,100,99964,100,99756,100,99970,100,99650,100,99981,100,99607,100,99986,100,99533,100,99990,200,99428,100,100073,100,99420,100
2019-06-28 09:48:10.000000000,99906,186,99875,286,99927,183,99841,183,99930,183,99839,183,99944,100,99804,100,99964,100,99756,100,99970,100,99650,100,99981,100,99607,100,99986,100,99533,100,99990,200,99428,100,100073,100,99420,100
2019-06-28 09:48:14.934311213,99906,186,99875,186,99927,183,99841,183,99930,183,99839,183,99944,100,99804,100,99964,100,99756,100,99970,100,99650,100,99981,100,99607,100,99986,100,99533,100,99990,200,99428,100,100073,100,99420,100
2019-06-28 09:48:20.000000000,99906,186,99875,186,99927,183,99841,183,99930,183,99839,183,99944,100,99804,100,99964,100,99756,100,99970,100,99650,100,99981,100,99607,100,99986,100,99533,100,99990,200,99428,100,100073,100,99420,100
2019-06-28 09:48:30.000000000,99906,226,99875,226,99927,226,99841,226,99930,100,99839,100,99944,100,99804,100,99964,100,99756,100,99970,100,99650,100,99981,100,99607,100,99986,100,99533,100,99990,200,99428,100,100073,100,99420,100
2019-06-28 09:48:40.000000000,99906,163,99875,163,99927,163,99841,163,99930,163,99839,163,99944,163,99804,163,99964,100,99756,100,99970,100,99650,100,99981,100,99607,100,99986,100,99533,100,99990,200,99428,100,100073,100,99420,100
2019-06-28 09:48:42.032992748,99906,163,99875,63,99927,163,99841,163,99930,163,99839,163,99944,163,99804,163,99964,100,99756,100,99970,100,99650,100,99981,100,99607,100,99986,100,99533,100,99990,200,99428,100,100073,100,99420,100
2019-06-28 09:48:50.000000000,99906,226,99841,226,99927,226,99839,226,99930,100,99804,100,99944,100,99756,100,99964,100,99650,100,99970,100,99607,100,99981,100,99533,100,99986,100,99428,100,99990,200,99420,100,100073,100,99351,100
2019-06-28 09:49:00.000000000,99906,353,99841,353,99927,100,99839,100,99930,100,99804,100,99944,100,99756,100,99964,100,99650,100,99970,100,99607,100,99981,100,99533,100,99986,100,99428,100,99990,200,99420,100,100073,100,99351,100
2019-06-28 09:49:10.000000000,99906,353,99841,353,99927,100,99839,100,99930,100,99804,100,99944,100,99756,100,99964,100,99650,100,99970,100,99607,100,99981,100,99533,100,99986,100,99428,100,99990,200,99420,100,100073,100,99351,100
2019-06-28 09:49:15.517691107,99906,353,99841,253,99927,100,99839,100,99930,100,99804,100,99944,100,99756,100,99964,100,99650,100,99970,100,99607,100,99981,100,99533,100,99986,100,99428,100,99990,200,99420,100,100073,100,99351,100
2019-06-28 09:49:16.092828068,99869,100,99841,253,99906,353,99839,100,99927,100,99804,100,99930,100,99756,100,99944,100,99650,100,99964,100,99607,100,99970,100,99533,100,99981,100,99428,100,99986,100,99420,100,99990,200,99351,100
2019-06-28 09:49:20.000000000,99869,163,99839,163,99906,163,99804,163,99927,163,99756,163,99930,163,99650,163,99944,100,99607,100,99964,100,99533,100,99970,100,99428,100,99981,100,99420,100,99986,100,99351,100,99990,200,99306,100
2019-06-28 09:49:30.000000000,99869,163,99839,163,99906,163,99804,163,99927,163,99756,163,99930,163,99650,163,99944,100,99607,100,99964,100,99533,100,99970,100,99428,100,99981,100,99420,100,99986,100,99351,100,99990,200,99306,100
2019-06-28 09:49:40.000000000,99869,226,99839,226,99906,226,99804,226,99927,100,99756,100,99930,100,99650,100,99944,100,99607,100,99964,100,99533,100,99970,100,99428,100,99981,100,99420,100,99986,100,99351,100,99990,200,99306,100
2019-06-28 09:49:45.951012434,99869,226,99839,126,99906,226,99804,226,99927,100,99756,100,99930,100,99650,100,99944,100,99533,100,99964,100,99428,100,99970,100,99420,100,99981,100,99351,100,99986,100,99306,100,99990,200,99116,100
2019-06-28 09:49:50.000000000,99869,163,99804,163,99906,163,99756,163,99927,163,99650,163,99930,163,99533,163,99944,100,99428,100,99964,100,99420,100,99970,100,99351,100,99981,100,99306,100,99986,100,99116,100,99990,200,99074,100
2019-06-28 09:50:00.000000000,99869,353,99804,353,99906,100,99756,100,99927,100,99650,100,99930,100,99533,100,99944,100,99428,100,99964,100,99420,100,99970,100,99351,100,99981,100,99306,100,99986,100,99116,100,99990,200,99074,100
2019-06-28 09:50:01.909855598,99869,353,99804,353,99906,100,99756,100,99927,100,99650,100,99930,100,99428,100,99944,100,99420,100,99964,100,99413,100,99970,100,99351,100,99981,100,99306,100,99986,100,99116,100,99990,200,99074,100
2019-06-28 09:50:10.000000000,99869,163,99804,163,99906,163,99756,163,99927,163,99650,163,99930,163,99428,163,99944,100,99420,100,99964,100,99413,100,99970,100,99351,100,99981,100,99306,100,99986,100,99116,100,99990,200,99074,100
2019-06-28 09:50:16.517810924,99841,100,99804,163,99869,163,99756,163,99906,163,99650,163,99927,163,99428,163,99930,163,99420,100,99944,100,99413,100,99964,100,99351,100,99970,100,99306,100,99981,100,99116,100,99986,100,99074,100
2019-06-28 09:50:20.000000000,99841,226,99804,226,99869,226,99756,226,99906,100,99650,100,99927,100,99428,100,99930,100,99420,100,99944,100,99413,100,99964,100,99351,100,99970,100,99306,100,99981,100,99116,100,99986,100,99074,100
2019-06-28 09:50:28.718236991,99841,226,99804,226,99869,226,99756,226,99906,100,99650,100,99927,100,99428,100,99944,100,99420,100,99964,100,99413,100,99970,100,99351,100,99981,100,99306,100,99986,100,99116,100,99990,200,99074,100
2019-06-28 09:50:30.000000000,99841,163,99804,163,99869,163,99756,163,99906,163,99650,163,99927,163,99428,163,99944,100,99420,100,99964,100,99413,100,99970,100,99351,100,99981,100,99306,100,99986,100,99116,100,99990,200,99074,100
2019-06-28 09:50:34.778984159,99841,163,99804,163,99869,163,99756,163,99906,163,99650,163,99927,163,99428,163,99944,100,99420,100,99964,100,99418,100,99970,100,99413,100,99981,100,99351,100,99986,100,99306,100,99990,200,99116,100
2019-06-28 09:50:40.000000000,99841,353,99804,353,99869,100,99756,100,99906,100,99650,100,99927,100,99428,100,99944,100,99420,100,99964,100,99418,100,99970,100,99413,100,99981,100,99351,100,99986,100,99306,100,99990,200,99116,100
2019-06-28 09:50:50.000000000,99841,353,99804,353,99869,100,99756,100,99906,100,99650,100,99927,100,99428,100,99944,100,99420,100,99964,100,99418,100,99970,100,99413,100,99981,100,99351,100,99986,100,99306,100,99990,200,99116,100
2019-06-28 09:51:00.000000000,99841,353,99804,353,99869,100,99756,100,99906,100,99650,100,99927,100,99428,100,99944,100,99420,100,99964,100,99418,100,99970,100,99413,100,99981,100,99351,100,99986,100,99306,100,99990,200,99116,100
2019-06-28 09:51:02.254120908,99841,353,99804,253,99869,100,99756,100,99906,100,99650,100,99927,100,99420,100,99944,100,99418,100,99964,100,99413,100,99970,100,99351,100,99981,100,99306,100,99986,100,99116,100,99990,200,99074,100
2019-06-28 09:51:10.000000000,99841,163,99756,163,99869,163,99650,163,99906,163,99420,163,99927,163,99418,163,99944,100,99413,100,99964,100,99351,100,99970,100,99306,100,99981,100,99116,100,99986,100,99074,100,99990,200,98937,100
2019-06-28 09:51:11.381923228,99841,163,99756,63,99869,163,99650,163,99906,163,99420,163,99927,163,99418,163,99944,100,99413,100,99964,100,99351,100,99970,100,99306,100,99981,100,99116,100,99986,100,99074,100,99990,200,98937,100
2019-06-28 09:51:13.626385390,99841,163,99756,63,99869,163,99650,163,99906,163,99420,163,99927,163,99418,163,99944,100,99413,100,99964,100,99351,100,99970,100,99317,100,99981,100,99306,100,99986,100,99116,100,99990,200,99074,100
2019-06-28 09:51:17.845098989,99841,163,99756,63,99869,163,99650,163,99906,163,99420,163,99927,163,99418,163,99944,100,99413,100,99964,100,99351,100,99970,100,99317,100,99981,100,99306,100,99986,100,99116,100,99990,200,99074,100
2019-06-28 09:51:20.000000000,99841,353,99650,353,99869,100,99420,100,99906,100,99418,100,99927,100,99413,100,99944,100,99351,100,99964,100,99317,100,99970,100,99306,100,99981,100,99116,100,99986,100,99074,100,99990,200,99042,100
2019-06-28 09:51:30.000000000,99841,163,99650,163,99869,163,99420,163,99906,163,99418,163,99927,163,99413,163,99944,100,99351,100,99964,100,99317,100,99970,100,99306,100,99981,100,99116,100,99986,100,99074,100,99990,200,99042,100
2019-06-28 09:51:39.551832612,99841,163,99650,163,99869,163,99420,163,99906,63,99418,163,99927,163,99413,163,99944,100,99351,100,99964,100,99317,100,99970,100,99306,100,99981,100,99116,100,99986,100,99074,100,99990,200,99042,100
2019-06-28 09:51:40.000000000,99841,353,99650,353,99869,100,99420,100,99927,100,99418,100,99944,100,99413,100,99964,100,99351,100,99970,100,99317,100,99981,100,99306,100,99986,100,99116,100,99990,200,99074,100,100073,100,99042,100
2019-06-28 09:51:40.873040425,99804,100,99650,353,99841,353,99420,100,99869,100,99418,100,99944,100,99413,100,99964,100,99351,100,99970,100,99317,100,99981,100,99306,100,99986,100,99116,100,99990,200,99074,100,100073,100,99042,100
2019-06-28 09:51:41.586126729,99804,100,99650,353,99841,353,99420,100,99869,100,99418,100,99944,100,99413,100,99964,100,99351,100,99970,100,99317,100,99981,100,99238,100,99986,100,99116,100,99990,200,99074,100,100073,100,99042,100
2019-06-28 09:51:50.000000000,99804,226,99650,226,99841,226,99420,226,99869,100,99418,100,99944,100,99413,100,99964,100,99351,100,99970,100,99317,100,99981,100,99238,100,99986,100,99116,100,99990,200,99074,100,100073,100,99042,100
2019-06-28 09:52:00.000000000,99804,353,99650,353,99841,100,99420,100,99869,100,99418,100,99944,100,99413,100,99964,100,99351,100,99970,100,99317,100,99981,100,99238,100,99986,100,99116,100,99990,200,99074,100,100073,100,99042,100
2019-06-28 09:52:02.569782679,99804,353,99650,353,99841,100,99420,100,99869,100,99418,100,99944,100,99413,100,99964,100,99351,100,99970,100,99317,100,99981,100,99238,100,99986,100,99116,100,99990,100,99074,100,100073,100,99042,100
2019-06-28 09:52:07.253560699,99804,353,99650,353,99841,100,99420,100,99869,100,99418,100,99944,100,99413,100,99964,100,99351,100,99970,100,99317,100,99981,100,99296,100,99986,100,99238,100,99990,100,99116,100,100073,100,99074,100
2019-06-28 09:52:10.000000000,99804,186,99650,186,99841,183,99420,183,99869,183,99418,183,99944,100,99413,100,99964,100,99351,100,99970,100,99317,100,99981,100,99296,100,99986,100,99238,100,99990,100,99116,100,100073,100,99074,100
2019-06-28 09:52:15.477254410,99804,186,99650,186,99841,183,99508,100,99869,183,99420,183,99944,100,99418,183,99964,100,99413,100,99970,100,99351,100,99981,100,99317,100,99986,100,99296,100,99990,100,99238,100,100073,100,99116,100
2019-06-28 09:52:20.000000000,99804,151,99650,151,99841,151,99508,151,99869,151,99420,151,99944,151,99418,151,99964,151,99413,151,99970,100,99351,100,99981,100,99317,100,99986,100,99296,100,99990,100,99238,100,100073,100,99116,100
2019-06-28 09:52:30.000000000,99804,353,99650,353,99841,100,99508,100,99869,100,99420,100,99944,100,99418,100,99964,100,99413,100,99970,100,99351,100,99981,100,99317,100,99986,100,99296,100,99990,100,99238,100,100073,100,99116,100
2019-06-28 09:52:31.441723106,99804,353,99650,353,99841,100,99508,100,99869,100,99420,100,99944,100,99418,100,99964,100,99413,100,99968,100,99351,100,99970,100,99317,100,99981,100,99296,100,99986,100,99238,100,99990,100,99116,100
2019-06-28 09:52:37.540773966,99804,453,99650,353,99841,100,99508,100,99869,100,99420,100,99944,100,99418,100,99964,100,99413,100,99968,100,99351,100,99970,100,99317,100,99981,100,99296,100,99986,100,99238,100,99990,100,99116,100
2019-06-28 09:52:40.000000000,99804,286,99650,186,99841,183,99508,183,99869,183,99420,183,99944,100,99418,100,99964,100,99413,100,99968,100,99351,100,99970,100,99317,100,99981,100,99296,100,99986,100,99238,100,99990,100,99116,100
2019-06-28 09:52:50.000000000,99804,286,99650,186,99841,183,99508,183,99869,183,99420,183,99944,100,99418,100,99964,100,99413,100,99968,100,99351,100,99970,100,99317,100,99981,100,99296,100,99986,100,99238,100,99990,100,99116,100
2019-06-28 09:53:00.000000000,99804,453,99650,353,99841,100,99508,100,99869,100,99420,100,99944,100,99418,100,99964,100,99413,100,99968,100,99351,100,99970,100,99317,100,99981,100,99296,100,99986,100,99238,100,99990,100,99116,100
2019-06-28 09:53:08.011769270,99804,453,99650,353,99841,100,99523,100,99869,100,99508,100,99944,100,99420,100,99964,100,99418,100,99968,100,99413,100,99970,100,99351,100,99981,100,99317,100,99986,100,99296,100,99990,100,99238,100
2019-06-28 09:53:10.000000000,99804,251,99650,151,99841,151,99523,151,99869,151,99508,151,99944,151,99420,151,99964,151,99418,151,99968,100,99413,100,99970,100,99351,100,99981,100,99317,100,99986,100,99296,100,99990,100,99238,100
2019-06-28 09:53:20.000000000,99804,326,99650,226,99841,226,99523,226,99869,100,99508,100,99944,100,99420,100,99964,100,99418,100,99968,100,99413,100,99970,100,99351,100,99981,100,99317,100,99986,100,99296,100,99990,100,99238,100
2019-06-28 09:53:30.000000000,99804,453,99650,353,99841,100,99523,100,99869,100,99508,100,99944,100,99420,100,99964,100,99418,100,99968,100,99413,100,99970,100,99351,100,99981,100,99317,100,99986,100,99296,100,99990,100,99238,100
2019-06-28 09:53:40.000000000,99804,251,99650,151,99841,151,99523,151,99869,151,99508,151,99944,151,99420,151,99964,151,99418,151,99968,100,99413,100,99970,100,99351,100,99981,100,99317,100,99986,100,99296,100,99990,100,99238,100
2019-06-28 09:53:50.000000000,99804,326,99650,226,99841,226,99523,226,99869,100,99508,100,99944,100,99420,100,99964,100,99418,100,99968,100,99413,100,99970,100,99351,100,99981,100,99317,100,99986,100,99296,100,99990,100,99238,100
2019-06-28 09:53:54.580112962,99804,426,99650,226,99841,226,99523,226,99869,100,99508,100,99944,100,99420,100,99964,100,99418,100,99968,100,99413,100,99970,100,99351,100,99981,100,99317,100,99986,100,99296,100,99990,100,99238,100
2019-06-28 09:54:00.000000000,99804,553,99650,353,99841,100,99523,100,99869,100,99508,100,99944,100,99420,100,99964,100,99418,100,99968,100,99413,100,99970,100,99351,100,99981,100,99317,100,99986,100,99296,100,99990,100,99238,100
2019-06-28 09:54:10.000000000,99804,351,99650,151,99841,151,99523,151,99869,151,99508,151,99944,151,99420,151,99964,151,99418,151,99968,100,99413,100,99970,100,99351,100,99981,100,99317,100,99986,100,99296,100,99990,100,99238,100
2019-06-28 09:54:15.343900036,99804,351,99757,100,99841,151,99650,151,99869,151,99523,151,99944,151,99508,151,99964,151,99420,151,99968,100,99418,151,99970,100,99413,100,99981,100,99351,100,99986,100,99317,100,99990,100,99296,100
2019-06-28 09:54:20.000000000,99804,426,99757,226,99841,226,99650,226,99869,100,99523,100,99944,100,99508,100,99964,100,99420,100,99968,100,99418,100,99970,100,99413,100,99981,100,99351,100,99986,100,99317,100,99990,100,99296,100
2019-06-28 09:54:30.000000000,99804,553,99757,353,99841,100,99650,100,99869,100,99523,100,99944,100,99508,100,99964,100,99420,100,99968,100,99418,100,99970,100,99413,100,99981,100,99351,100,99986,100,99317,100,99990,100,99296,100
2019-06-28 09:54:40.000000000,99804,351,99757,151,99841,151,99650,151,99869,151,99523,151,99944,151,99508,151,99964,151,99420,151,99968,100,99418,100,99970,100,99413,100,99981,100,99351,100,99986,100,99317,100,99990,100,99296,100
2019-06-28 09:54:50.000000000,99804,553,99757,353,99841,100,99650,100,99869,100,99523,100,99944,100,99508,100,99964,100,99420,100,99968,100,99418,100,99970,100,99413,100,99981,100,99351,100,99986,100,99317,100,99990,100,99296,100
2019-06-28 09:54:56.796629560,99804,453,99757,353,99841,100,99650,100,99869,100,99523,100,99944,100,99508,100,99964,100,99420,100,99968,100,99418,100,99970,100,99413,100,99981,100,99351,100,99986,100,99317,100,99990,100,99296,100
2019-06-28 09:55:00.000000000,99804,263,99757,163,99841,163,99650,163,99869,163,99523,163,99944,163,99508,163,99964,100,99420,100,99968,100,99418,100,99970,100,99413,100,99981,100,99351,100,99986,100,99317,100,99990,100,99296,100
2019-06-28 09:55:10.000000000,99804,263,99757,163,99841,163,99650,163,99869,163,99523,163,99944,163,99508,163,99964,100,99420,100,99968,100,99418,100,99970,100,99413,100,99981,100,99351,100,99986,100,99317,100,99990,100,99296,100
2019-06-28 09:55:20.000000000,99804,453,99757,353,99841,100,99650,100,99869,100,99523,100,99944,100,99508,100,99964,100,99420,100,99968,100,99418,100,99970,100,99413,100,99981,100,99351,100,99986,100,99317,100,99990,100,99296,100
2019-06-28 09:55:28.629117083,99804,453,99757,353,99841,100,99650,100,99869,100,99583,100,99944,100,99523,100,99964,100,99508,100,99968,100,99420,100,99970,100,99418,100,99981,100,99413,100,99986,100,99351,100,99990,100,99317,100
2019-06-28 09:55:30.000000000,99804,453,99757,353,99841,100,99650,100,99869,100,99583,100,99944,100,99523,100,99964,100,99508,100,99968,100,99420,100,99970,100,99418,100,99981,100,99413,100,99986,100,99351,100,99990,100,99317,100
2019-06-28 09:55:36.235706305,99804,453,99757,253,99841,100,99650,100,99869,100,99583,100,99944,100,99523,100,99964,100,99508,100,99968,100,99420,100,99970,100,99418,100,99981,100,99413,100,99986,100,99351,100,99990,100,99317,100
2019-06-28 09:55:40.000000000,99804,263,99650,163,99841,163,99583,163,99869,163,99523,163,99944,163,99508,163,99964,100,99420,100,99968,100,99418,100,99970,100,99413,100,99981,100,99351,100,99986,100,99317,100,99990,100,99296,100
2019-06-28 09:55:50.000000000,99804,326,99650,226,99841,226,99583,226,99869,100,99523,100,99944,100,99508,100,99964,100,99420,100,99968,100,99418,100,99970,100,99413,100,99981,100,99351,100,99986,100,99317,100,99990,100,99296,100
2019-06-28 09:55:51.784640742,99804,326,99650,226,99841,226,99583,226,99869,100,99523,100,99944,100,99508,100,99964,100,99471,100,99968,100,99420,100,99970,100,99418,100,99981,100,99413,100,99986,100,99351,100,99990,100,99317,100
2019-06-28 09:56:00.000000000,99804,453,99650,353,99841,100,99583,100,99869,100,99523,100,99944,100,99508,100,99964,100,99471,100,99968,100,99420,100,99970,100,99418,100,99981,100,99413,100,99986,100,99351,100,99990,100,99317,100
2019-06-28 09:56:02.717317675,99757,100,99650,353,99804,453,99583,100,99841,100,99523,100,99869,100,99508,100,99944,100,99471,100,99964,100,99420,100,99968,100,99418,100,99970,100,99413,100,99981,100,99351,100,99986,100,99317,100
2019-06-28 09:56:06.837178040,99757,100,99650,353,99804,453,99583,100,99841,100,99523,100,99869,100,99508,100,99944,100,99494,100,99964,100,99471,100,99968,100,99420,100,99970,100,99418,100,99981,100,99413,100,99986,100,99351,100
2019-06-28 09:56:10.000000000,99757,151,99650,151,99804,251,99583,151,99841,151,99523,151,99869,151,99508,151,99944,151,99494,151,99964,100,99471,100,99968,100,99420,100,99970,100,99418,100,99981,100,99413,100,99986,100,99351,100
2019-06-28 09:56:20.000000000,99757,226,99650,226,99804,326,99583,226,99841,100,99523,100,99869,100,99508,100,99944,100,99494,100,99964,100,99471,100,99968,100,99420,100,99970,100,99418,100,99981,100,99413,100,99986,100,99351,100
2019-06-28 09:56:30.000000000,99757,163,99650,163,99804,263,99583,163,99841,163,99523,163,99869,163,99508,163,99944,100,99494,100,99964,100,99471,100,99968,100,99420,100,99970,100,99418,100,99981,100,99413,100,99986,100,99351,100
2019-06-28 09:56:40.000000000,99757,353,99650,353,99804,200,99583,100,99841,100,99523,100,99869,100,99508,100,99944,100,99494,100,99964,100,99471,100,99968,100,99420,100,99970,100,99418,100,99981,100,99413,100,99986,100,99351,100
2019-06-28 09:56:45.834007126,99757,453,99650,353,99804,200,99583,100,99841,100,99523,100,99869,100,99508,100,99944,100,99494,100,99964,100,99471,100,99968,100,99420,100,99970,100,99418,100,99981,100,99413,100,99986,100,99351,100
2019-06-28 09:56:50.000000000,99757,286,99650,186,99804,283,99583,183,99841,183,99523,183,99869,100,99508,100,99944,100,99494,100,99964,100,99471,100,99968,100,99420,100,99970,100,99418,100,99981,100,99413,100,99986,100,99351,100
2019-06-28 09:57:00.000000000,99757,286,99650,186,99804,283,99583,183,99841,183,99523,183,99869,100,99508,100,99944,100,99494,100,99964,100,99471,100,99968,100,99420,100,99970,100,99418,100,99981,100,99413,100,99986,100,99351,100
2019-06-28 09:57:10.000000000,99757,286,99650,186,99804,283,99583,183,99841,183,99523,183,99869,100,99508,100,99944,100,99494,100,99964,100,99471,100,99968,100,99420,100,99970,100,99418,100,99981,100,99413,100,99986,100,99351,100
2019-06-28 09:57:20.000000000,99757,263,99650,163,99804,263,99583,163,99841,163,99523,163,99869,163,99508,163,99944,100,99494,100,99964,100,99471,100,99968,100,99420,100,99970,100,99418,100,99981,100,99413,100,99986,100,99351,100
2019-06-28 09:57:30.000000000,99757,453,99650,353,99804,200,99583,100,99841,100,99523,100,99869,100,99508,100,99944,100,99494,100,99964,100,99471,100,99968,100,99420,100,99970,100,99418,100,99981,100,99413,100,99986,100,99351,100
2019-06-28 09:57:38.188893998,99752,100,99650,353,99757,453,99583,100,99804,200,99523,100,99841,100,99508,100,99869,100,99494,100,99944,100,99471,100,99964,100,99420,100,99968,100,99418,100,99970,100,99413,100,99981,100,99351,100
2019-06-28 09:57:40.000000000,99752,353,99650,353,99757,200,99583,100,99804,200,99523,100,99841,100,99508,100,99869,100,99494,100,99944,100,99471,100,99964,100,99420,100,99968,100,99418,100,99970,100,99413,100,99981,100,99351,100
2019-06-28 09:57:50.000000000,99752,151,99650,151,99757,251,99583,151,99804,251,99523,151,99841,151,99508,151,99869,151,99494,151,99944,100,99471,100,99964,100,99420,100,99968,100,99418,100,99970,100,99413,100,99981,100,99351,100
2019-06-28 09:57:53.283426069,99752,151,99650,151,99757,251,99583,151,99804,251,99523,151,99841,151,99508,151,99869,151,99494,151,99944,100,99471,100,99964,100,99420,100,99968,100,99418,100,99970,100,99413,100,99981,100,99351,100
2019-06-28 09:58:00.000000000,99752,163,99650,163,99757,263,99583,163,99804,263,99523,163,99841,163,99508,163,99869,100,99494,100,99944,100,99471,100,99964,100,99420,100,99968,100,99418,100,99970,100,99413,100,99981,100,99351,100
2019-06-28 09:58:05.563959312,99752,163,99650,163,99757,263,99583,163,99804,263,99523,163,99841,163,99508,163,99869,100,99494,100,99944,100,99471,100,99964,100,99420,100,99968,100,99418,100,99981,100,99413,100,99986,100,99351,100
2019-06-28 09:58:10.000000000,99752,353,99650,353,99757,200,99583,100,99804,200,99523,100,99841,100,99508,100,99869,100,99494,100,99944,100,99471,100,99964,100,99420,100,99968,100,99418,100,99981,100,99413,100,99986,100,99351,100
2019-06-28 09:58:20.000000000,99752,226,99650,226,99757,326,99583,226,99804,200,99523,100,99841,100,99508,100,99869,100,99494,100,99944,100,99471,100,99964,100,99420,100,99968,100,99418,100,99981,100,99413,100,99986,100,99351,100
2019-06-28 09:58:25.296786183,99752,226,99650,226,99757,226,99583,226,99804,200,99523,100,99841,100,99508,100,99869,100,99494,100,99944,100,99471,100,99964,100,99420,100,99968,100,99418,100,99981,100,99413,100,99986,100,99351,100
2019-06-28 09:58:30.000000000,99752,353,99650,353,99757,100,99583,100,99804,200,99523,100,99841,100,99508,100,99869,100,99494,100,99944,100,99471,100,99964,100,99420,100,99968,100,99418,100,99981,100,99413,100,99986,100,99351,100
2019-06-28 09:58:40.000000000,99752,226,99650,226,99757,226,99583,226,99804,200,99523,100,99841,100,99508,100,99869,100,99494,100,99944,100,99471,100,99964,100,99420,100,99968,100,99418,100,99981,100,99413,100,99986,100,99351,100
2019-06-28 09:58:50.000000000,99752,186,99650,186,99757,183,99583,183,99804,283,99523,183,99841,100,99508,100,99869,100,99494,100,99944,100,99471,100,99964,100,99420,100,99968,100,99418,100,99981,100,99413,100,99986,100,99351,100
2019-06-28 09:59:00.000000000,99752,353,99650,353,99757,100,99583,100,99804,200,99523,100,99841,100,99508,100,99869,100,99494,100,99944,100,99471,100,99964,100,99420,100,99968,100,99418,100,99981,100,99413,100,99986,100,99351,100
2019-06-28 09:59:07.132971705,99752,353,99650,353,99757,100,99583,100,99804,200,99523,100,99841,100,99508,100,99869,100,99471,100,99944,100,99420,100,99964,100,99418,100,99968,100,99413,100,99981,100,99351,100,99986,100,99317,100
2019-06-28 09:59:10.000000000,99752,163,99650,163,99757,163,99583,163,99804,263,99523,163,99841,163,99508,163,99869,100,99471,100,99944,100,99420,100,99964,100,99418,100,99968,100,99413,100,99981,100,99351,100,99986,100,99317,100
2019-06-28 09:59:20.000000000,99752,163,99650,163,99757,163,99583,163,99804,263,99523,163,99841,163,99508,163,99869,100,99471,100,99944,100,99420,100,99964,100,99418,100,99968,100,99413,100,99981,100,99351,100,99986,100,99317,100
2019-06-28 09:59:23.752688457,99752,63,99650,163,99757,163,99583,163,99804,263,99523,163,99841,163,99508,163,99869,100,99471,100,99944,100,99420,100,99964,100,99418,100,99968,100,99413,100,99981,100,99351,100,99986,100,99317,100
2019-06-28 09:59:26.128036690,99757,163,99752,37,99804,263,99650,163,99841,163,99583,163,99869,100,99523,163,99944,100,99508,163,99964,100,99471,100,99968,100,99420,100,99981,100,99418,100,99986,100,99413,100,99990,100,99351,100
2019-06-28 09:59:30.000000000,99757,151,99752,88,99804,251,99650,151,99841,151,99583,151,99869,151,99523,151,99944,151,99508,151,99964,100,99471,100,99968,100,99420,100,99981,100,99418,100,99986,100,99413,100,99990,100,99351,100
2019-06-28 09:59:40.000000000,99757,163,99752,100,99804,263,99650,163,99841,163,99583,163,99869,163,99523,163,99944,100,99508,100,99964,100,99471,100,99968,100,99420,100,99981,100,99418,100,99986,100,99413,100,99990,100,99351,100
2019-06-28 09:59:49.527070618,99757,163,99752,100,99804,263,99650,163,99841,163,99583,163,99869,163,99523,163,99944,100,99471,100,99964,100,99420,100,99968,100,99418,100,99981,100,99413,100,99986,100,99351,100,99990,100,99317,100
2019-06-28 09:59:50.000000000,99757,151,99752,88,99804,251,99650,151,99841,151,99583,151,99869,151,99523,151,99944,151,99471,151,99964,100,99420,100,99968,100,99418,100,99981,100,99413,100,99986,100,99351,100,99990,100,99317,100
2019-06-28 09:59:53.980729405,99757,151,99752,188,99804,151,99650,151,99841,151,99583,151,99869,151,99523,151,99944,151,99471,151,99964,100,99420,100,99968,100,99418,100,99981,100,99413,100,99986,100,99351,100,99990,100,99317,100
2019-06-28 09:59:54.061913272,99757,151,99752,188,99804,151,99650,151,99841,151,99583,151,99869,151,99523,151,99944,151,99471,151,99964,100,99420,100,99968,100,99418,100,99981,100,99413,100,99986,100,99351,100,99990,100,99317,100
2019-06-28 10:00:00.000000000,99757,163,99752,200,99804,163,99650,163,99841,163,99583,163,99869,163,99523,163,99944,100,99471,100,99964,100,99420,100,99968,100,99418,100,99981,100,99413,100,99986,100,99351,100,99990,100,99317,100
2019-06-28 10:00:06.250055851,99757,63,99752,200,99804,163,99650,163,99841,163,99583,163,99869,163,99523,163,99944,100,99471,100,99964,100,99420,100,99968,100,99418,100,99981,100,99413,100,99986,100,99351,100,99990,100,99317,100
2019-06-28 10:00:10.000000000,99804,353,99752,390,99841,100,99650,100,99869,100,99583,100,99944,100,99523,100,99964,100,99471,100,99968,100,99420,100,99981,100,99418,100,99986,100,99413,100,99990,100,99351,100,100013,100,99317,100
2019-06-28 10:00:14.428398802,99804,353,99752,490,99841,100,99650,100,99869,100,99583,100,99944,100,99523,100,99964,100,99471,100,99968,100,99420,100,99981,100,99418,100,99986,100,99413,100,100013,100,99351,100,100073,100,99317,100
2019-06-28 10:00:17.888285179,99804,253,99752,490,99841,100,99650,100,99869,100,99583,100,99944,100,99523,100,99964,100,99471,100,99968,100,99420,100,99981,100,99418,100,99986,100,99413,100,100013,100,99351,100,100073,100,99317,100
2019-06-28 10:00:20.000000000,99841,151,99752,288,99869,151,99650,151,99944,151,99583,151,99964,151,99523,151,99968,151,99471,151,99981,100,99420,100,99986,100,99418,100,100013,100,99413,100,100073,100,99351,100,100074,100,99317,100
2019-06-28 10:00:30.000000000,99841,226,99752,363,99869,226,99650,226,99944,100,99583,100,99964,100,99523,100,99968,100,99471,100,99981,100,99420,100,99986,100,99418,100,100013,100,99413,100,100073,100,99351,100,100074,100,99317,100
2019-06-28 10:00:34.808705739,99841,126,99752,363,99869,226,99650,226,99944,100,99583,100,99964,100,99523,100,99981,100,99471,100,99986,100,99420,100,100013,100,99418,100,100073,100,99413,100,100074,100,99351,100,100096,100,99317,100
2019-06-28 10:00:36.457724031,99841,126,99752,363,99869,226,99650,226,99944,100,99583,100,99964,100,99523,100,99981,100,99471,100,99986,100,99420,100,100010,100,99413,100,100013,100,99351,100,100073,100,99317,100,100074,100,99296,100
2019-06-28 10:00:40.000000000,99869,163,99752,300,99944,163,99650,163,99964,163,99583,163,99981,163,99523,163,99986,100,99471,100,100010,100,99420,100,100013,100,99413,100,100073,100,99351,100,100074,100,99317,100,100096,100,99296,100
2019-06-28 10:00:46.836343143,99869,63,99752,300,99944,163,99650,163,99964,163,99583,163,99981,163,99523,163,99986,100,99471,100,100010,100,99420,100,100013,100,99413,100,100073,100,99351,100,100074,100,99317,100,100096,100,99296,100
2019-06-28 10:00:50.000000000,99944,163,99752,300,99964,163,99650,163,99981,163,99583,163,99986,163,99523,163,100010,100,99471,100,100013,100,99420,100,100073,100,99413,100,100074,100,99351,100,100096,100,99317,100,100118,100,99296,100
2019-06-28 10:01:00.000000000,99944,163,99752,300,99964,163,99650,163,99981,163,99583,163,99986,163,99523,163,100010,100,99471,100,100013,100,99420,100,100073,100,99413,100,100074,100,99351,100,100096,100,99317,100,100118,100,99296,100
2019-06-28 10:01:10.000000000,99944,186,99752,323,99964,183,99650,183,99981,183,99583,183,99986,100,99523,100,100010,100,99471,100,100013,100,99420,100,100073,100,99413,100,100074,100,99351,100,100096,100,99317,100,100118,100,99296,100
2019-06-28 10:01:20.000000000,99944,186,99752,323,99964,183,99650,183,99981,183,99583,183,99986,100,99523,100,100010,100,99471,100,100013,100,99420,100,100073,100,99413,100,100074,100,99351,100,100096,100,99317,100,100118,100,99296,100
2019-06-28 10:01:30.000000000,99944,226,99752,363,99964,226,99650,226,99981,100,99583,100,99986,100,99523,100,100010,100,99471,100,100013,100,99420,100,100073,100,99413,100,100074,100,99351,100,100096,100,99317,100,100118,100,99296,100
2019-06-28 10:01:40.000000000,99944,353,99752,490,99964,100,99650,100,99981,100,99583,100,99986,100,99523,100,100010,100,99471,100,100013,100,99420,100,100073,100,99413,100,100074,100,99351,100,100096,100,99317,100,100118,100,99296,100
2019-06-28 10:01:44.223025137,99911,100,99752,453,99944,353,99650,100,99964,100,99583,100,99981,100,99523,100,99986,100,99471,100,100010,100,99420,100,100013,100,99413,100,100073,100,99351,100,100074,100,99317,100,100096,100,99296,100
2019-06-28 10:01:50.000000000,99911,151,99752,251,99944,151,99650,151,99964,151,99583,151,99981,151,99523,151,99986,151,99471,151,100010,100,99420,100,100013,100,99413,100,100073,100,99351,100,100074,100,99317,100,100096,100,99296,100
2019-06-28 10:01:57.576274805,99911,151,99752,251,99944,151,99650,151,99964,151,99586,100,99981,151,99583,151,99986,151,99523,151,100010,100,99471,151,100013,100,99420,100,100073,100,99413,100,100074,100,99351,100,100096,100,99317,100
2019-06-28 10:02:00.000000000,99911,151,99752,251,99944,151,99650,151,99964,151,99586,151,99981,151,99583,151,99986,151,99523,151,100010,100,99471,100,100013,100,99420,100,100073,100,99413,100,100074,100,99351,100,100096,100,99317,100
2019-06-28 10:02:02.003557011,99911,151,99752,251,99944,151,99650,151,99964,151,99612,100,99981,151,99586,151,99986,151,99583,151,100010,100,99523,151,100013,100,99420,100,100073,100,99413,100,100074,100,99351,100,100096,100,99317,100
2019-06-28 10:02:10.000000000,99911,163,99752,263,99944,163,99650,163,99964,163,99612,163,99981,163,99586,163,99986,100,99583,100,100010,100,99523,100,100013,100,99420,100,100073,100,99413,100,100074,100,99351,100,100096,100,99317,100
2019-06-28 10:02:13.775296116,99868,100,99752,263,99911,163,99650,163,99944,163,99612,163,99964,163,99586,163,99981,163,99583,100,99986,100,99523,100,100010,100,99420,100,100013,100,99413,100,100073,100,99351,100,100074,100,99317,100
2019-06-28 10:02:20.000000000,99868,186,99752,286,99911,183,99650,183,99944,183,99612,183,99964,100,99586,100,99981,100,99583,100,99986,100,99523,100,100010,100,99420,100,100013,100,99413,100,100073,100,99351,100,100074,100,99317,100
2019-06-28 10:02:20.533351988,99868,186,99752,286,99911,183,99650,183,99944,183,99612,183,99962,100,99586,100,99964,100,99583,100,99981,100,99523,100,99986,100,99420,100,100010,100,99413,100,100013,100,99351,100,100073,100,99317,100
2019-06-28 10:02:27.662513654,99868,186,99752,286,99911,183,99650,183,99944,183,99612,183,99962,100,99586,100,99964,100,99583,100,99981,100,99523,100,99986,100,99420,100,100010,100,99413,100,100013,100,99351,100,100031,100,99317,100
2019-06-28 10:02:30.000000000,99868,163,99752,263,99911,163,99650,163,99944,163,99612,163,99962,163,99586,163,99964,100,99583,100,99981,100,99523,100,99986,100,99420,100,100010,100,99413,100,100013,100,99351,100,100031,100,99317,100
2019-06-28 10:02:40.000000000,99868,353,99752,453,99911,100,99650,100,99944,100,99612,100,99962,100,99586,100,99964,100,99583,100,99981,100,99523,100,99986,100,99420,100,100010,100,99413,100,100013,100,99351,100,100031,100,99317,100
2019-06-28 10:02:50.000000000,99868,186,99752,286,99911,183,99650,183,99944,183,99612,183,99962,100,99586,100,99964,100,99583,100,99981,100,99523,100,99986,100,99420,100,100010,100,99413,100,100013,100,99351,100,100031,100,99317,100
2019-06-28 10:03:00.000000000,99868,186,99752,286,99911,183,99650,183,99944,183,99612,183,99962,100,99586,100,99964,100,99583,100,99981,100,99523,100,99986,100,99420,100,100010,100,99413,100,100013,100,99351,100,100031,100,99317,100
2019-06-28 10:03:10.000000000,99868,226,99752,326,99911,226,99650,226,99944,100,99612,100,99962,100,99586,100,99964,100,99583,100,99981,100,99523,100,99986,100,99420,100,100010,100,99413,100,100013,100,99351,100,100031,100,99317,100
2019-06-28 10:03:20.000000000,99868,186,99752,286,99911,183,99650,183,99944,183,99612,183,99962,100,99586,100,99964,100,99583,100,99981,100,99523,100,99986,100,99420,100,100010,100,99413,100,100013,100,99351,100,100031,100,99317,100
2019-06-28 10:03:28.498979961,99868,186,99752,286,99911,183,99650,183,99944,183,99612,183,99962,100,99586,100,99964,100,99523,100,99981,100,99503,100,99986,100,99420,100,100010,100,99413,100,100013,100,99351,100,100031,100,99317,100
2019-06-28 10:03:30.000000000,99868,151,99752,251,99911,151,99650,151,99944,151,99612,151,99962,151,99586,151,99964,151,99523,151,99981,100,99503,100,99986,100,99420,100,100010,100,99413,100,100013,100,99351,100,100031,100,99317,100
2019-06-28 10:03:40.000000000,99868,226,99752,326,99911,226,99650,226,99944,100,99612,100,99962,100,99586,100,99964,100,99523,100,99981,100,99503,100,99986,100,99420,100,100010,100,99413,100,100013,100,99351,100,100031,100,99317,100
2019-06-28 10:03:50.000000000,99868,353,99752,453,99911,100,99650,100,99944,100,99612,100,99962,100,99586,100,99964,100,99523,100,99981,100,99503,100,99986,100,99420,100,100010,100,99413,100,100013,100,99351,100,100031,100,99317,100
2019-06-28 10:04:00.000000000,99868,186,99752,286,99911,183,99650,183,99944,183,99612,183,99962,100,99586,100,99964,100,99523,100,99981,100,99503,100,99986,100,99420,100,100010,100,99413,100,100013,100,99351,100,100031,100,99317,100
2019-06-28 10:04:06.169709792,99868,186,99752,286,99911,183,99650,183,99944,183,99612,183,99962,100,99586,100,99964,100,99523,100,99981,100,99503,100,99986,100,99420,100,100010,100,99413,100,100013,100,99351,100,100031,100,99317,100
2019-06-28 10:04:10.000000000,99868,163,99752,263,99911,163,99650,163,99944,163,99612,163,99962,163,99586,163,99964,100,99523,100,99981,100,99503,100,99986,100,99420,100,100010,100,99413,100,100013,100,99351,100,100031,100,99317,100
2019-06-28 10:04:11.107125850,99868,163,99752,263,99911,163,99650,163,99944,163,99612,163,99962,163,99586,163,99964,100,99523,100,99981,100,99503,100,99986,100,99420,100,100010,100,99413,100,100013,100,99386,100,100031,100,99351,100
2019-06-28 10:04:20.000000000,99868,226,99752,326,99911,226,99650,226,99944,100,99612,100,99962,100,99586,100,99964,100,99523,100,99981,100,99503,100,99986,100,99420,100,100010,100,99413,100,100013,100,99386,100,100031,100,99351,100
2019-06-28 10:04:30.000000000,99868,151,99752,251,99911,151,99650,151,99944,151,99612,151,99962,151,99586,151,99964,151,99523,151,99981,100,99503,100,99986,100,99420,100,100010,100,99413,100,100013,100,99386,100,100031,100,99351,100
2019-06-28 10:04:40.000000000,99868,163,99752,263,99911,163,99650,163,99944,163,99612,163,99962,163,99586,163,99964,100,99523,100,99981,100,99503,100,99986,100,99420,100,100010,100,99413,100,100013,100,99386,100,100031,100,99351,100
2019-06-28 10:04:50.000000000,99868,353,99752,453,99911,100,99650,100,99944,100,99612,100,99962,100,99586,100,99964,100,99523,100,99981,100,99503,100,99986,100,99420,100,100010,100,99413,100,100013,100,99386,100,100031,100,99351,100
2019-06-28 10:05:00.000000000,99868,226,99752,326,99911,226,99650,226,99944,100,99612,100,99962,100,99586,100,99964,100,99523,100,99981,100,99503,100,99986,100,99420,100,100010,100,99413,100,100013,100,99386,100,100031,100,99351,100
2019-06-28 10:05:06.439729497,99868,226,99752,326,99911,226,99650,226,99944,100,99612,100,99962,100,99586,100,99964,100,99503,100,99981,100,99420,100,99986,100,99413,100,100010,100,99386,100,100013,100,99351,100,100031,100,99317,100
2019-06-28 10:05:10.000000000,99868,353,99752,453,99911,100,99650,100,99944,100,99612,100,99962,100,99586,100,99964,100,99503,100,99981,100,99420,100,99986,100,99413,100,100010,100,99386,100,100013,100,99351,100,100031,100,99317,100
2019-06-28 10:05:20.000000000,99868,226,99752,326,99911,226,99650,226,99944,100,99612,100,99962,100,99586,100,99964,100,99503,100,99981,100,99420,100,99986,100,99413,100,100010,100,99386,100,100013,100,99351,100,100031,100,99317,100
2019-06-28 10:05:30.000000000,99868,353,99752,453,99911,100,99650,100,99944,100,99612,100,99962,100,99586,100,99964,100,99503,100,99981,100,99420,100,99986,100,99413,100,100010,100,99386,100,100013,100,99351,100,100031,100,99317,100
2019-06-28 10:05:40.000000000,99868,353,99752,453,99911,100,99650,100,99944,100,99612,100,99962,100,99586,100,99964,100,99503,100,99981,100,99420,100,99986,100,99413,100,100010,100,99386,100,100013,100,99351,100,100031,100,99317,100
2019-06-28 10:05:50.000000000,99868,163,99752,263,99911,163,99650,163,99944,163,99612,163,99962,163,99586,163,99964,100,99503,100,99981,100,99420,100,99986,100,99413,100,100010,100,99386,100,100013,100,99351,100,100031,100,99317,100
2019-06-28 10:06:00.000000000,99868,186,99752,286,99911,183,99650,183,99944,183,99612,183,99962,100,99586,100,99964,100,99503,100,99981,100,99420,100,99986,100,99413,100,100010,100,99386,100,100013,100,99351,100,100031,100,99317,100
2019-06-28 10:06:01.630660145,99868,186,99752,186,99911,183,99650,183,99944,183,99612,183,99962,100,99586,100,99964,100,99503,100,99981,100,99420,100,99986,100,99413,100,100010,100,99386,100,100013,100,99351,100,100031,100,99317,100
2019-06-28 10:06:03.632474778,99868,186,99752,186,99911,183,99650,183,99944,183,99612,183,99962,100,99586,100,99964,100,99503,100,99981,100,99420,100,99986,100,99413,100,100010,100,99386,100,100013,100,99351,100,100031,100,99317,100
2019-06-28 10:06:10.000000000,99868,353,99752,353,99911,100,99650,100,99944,100,99612,100,99962,100,99586,100,99964,100,99503,100,99981,100,99420,100,99986,100,99413,100,100010,100,99386,100,100013,100,99351,100,100031,100,99317,100
2019-06-28 10:06:20.000000000,99868,151,99752,151,99911,151,99650,151,99944,151,99612,151,99962,151,99586,151,99964,151,99503,151,99981,100,99420,100,99986,100,99413,100,100010,100,99386,100,100013,100,99351,100,100031,100,99317,100
2019-06-28 10:06:30.000000000,99868,151,99752,151,99911,151,99650,151,99944,151,99612,151,99962,151,99586,151,99964,151,99503,151,99981,100,99420,100,99986,100,99413,100,100010,100,99386,100,100013,100,99351,100,100031,100,99317,100
2019-06-28 10:06:32.279050227,99868,151,99752,151,99911,151,99650,151,99944,151,99612,151,99962,51,99586,151,99964,151,99503,151,99981,100,99420,100,99986,100,99413,100,100010,100,99386,100,100013,100,99351,100,100031,100,99317,100
2019-06-28 10:06:40.000000000,99868,226,99752,226,99911,226,99650,226,99944,100,99612,100,99964,100,99586,100,99981,100,99503,100,99986,100,99420,100,100010,100,99413,100,100013,100,99386,100,100031,100,99351,100,100073,100,99317,100
2019-06-28 10:06:50.000000000,99868,151,99752,151,99911,151,99650,151,99944,151,99612,151,99964,151,99586,151,99981,151,99503,151,99986,100,99420,100,100010,100,99413,100,100013,100,99386,100,100031,100,99351,100,100073,100,99317,100
2019-06-28 10:07:00.000000000,99868,186,99752,186,99911,183,99650,183,99944,183,99612,183,99964,100,99586,100,99981,100,99503,100,99986,100,99420,100,100010,100,99413,100,100013,100,99386,100,100031,100,99351,100,100073,100,99317,100
2019-06-28 10:07:08.834478364,99868,186,99752,186,99911,183,99650,183,99944,183,99612,183,99964,100,99586,100,99981,100,99503,100,99986,100,99420,100,100010,100,99413,100,100013,100,99406,100,100031,100,99386,100,100073,100,99351,100
2019-06-28 10:07:10.000000000,99868,151,99752,151,99911,151,99650,151,99944,151,99612,151,99964,151,99586,151,99981,151,99503,151,99986,100,99420,100,100010,100,99413,100,100013,100,99406,100,100031,100,99386,100,100073,100,99351,100
2019-06-28 10:07:14.580195599,99867,100,99752,151,99868,151,99650,151,99911,151,99612,151,99944,151,99586,151,99964,151,99503,151,99981,151,99420,100,99986,100,99413,100,100010,100,99406,100,100013,100,99386,100,100031,100,99351,100
2019-06-28 10:07:16.871253489,99867,100,99752,51,99868,151,99650,151,99911,151,99612,151,99944,151,99586,151,99964,151,99503,151,99981,151,99420,100,99986,100,99413,100,100010,100,99406,100,100013,100,99386,100,100031,100,99351,100
2019-06-28 10:07:20.000000000,99867,353,99650,353,99868,100,99612,100,99911,100,99586,100,99944,100,99503,100,99964,100,99420,100,99981,100,99413,100,99986,100,99406,100,100010,100,99386,100,100013,100,99351,100,100031,100,99317,100
2019-06-28 10:07:21.262775973,99752,100,99650,353,99867,353,99612,100,99868,100,99586,100,99911,100,99503,100,99944,100,99420,100,99964,100,99413,100,99981,100,99406,100,99986,100,99386,100,100010,100,99351,100,100013,100,99317,100
2019-06-28 10:07:22.309747923,99752,100,99650,253,99867,353,99612,100,99868,100,99586,100,99911,100,99503,100,99944,100,99413,100,99964,100,99406,100,99981,100,99386,100,99986,100,99351,100,100010,100,99317,100,100013,100,99296,100
2019-06-28 10:07:30.000000000,99752,226,99612,226,99867,226,99586,226,99868,100,99503,100,99911,100,99413,100,99944,100,99406,100,99964,100,99386,100,99981,100,99351,100,99986,100,99317,100,100010,100,99296,100,100013,100,99267,100
2019-06-28 10:07:40.000000000,99752,353,99612,353,99867,100,99586,100,99868,100,99503,100,99911,100,99413,100,99944,100,99406,100,99964,100,99386,100,99981,100,99351,100,99986,100,99317,100,100010,100,99296,100,100013,100,99267,100
2019-06-28 10:07:49.241245216,99752,353,99612,353,99867,100,99586,100,99868,100,99503,100,99911,100,99413,100,99944,100,99406,100,99964,100,99386,100,99981,100,99351,100,99986,100,99317,100,100010,100,99296,100,100013,100,99288,100
2019-06-28 10:07:50.000000000,99752,226,99612,226,99867,226,99586,226,99868,100,99503,100,99911,100,99413,100,99944,100,99406,100,99964,100,99386,100,99981,100,99351,100,99986,100,99317,100,100010,100,99296,100,100013,100,99288,100
2019-06-28 10:08:00.000000000,99752,151,99612,151,99867,151,99586,151,99868,151,99503,151,99911,151,99413,151,99944,151,99406,151,99964,100,99386,100,99981,100,99351,100,99986,100,99317,100,100010,100,99296,100,100013,100,99288,100
2019-06-28 10:08:02.335997506,99751,100,99612,151,99752,151,99586,151,99867,151,99503,151,99868,151,99413,151,99911,151,99406,151,99944,151,99386,100,99964,100,99351,100,99981,100,99317,100,99986,100,99296,100,100010,100,99288,100
2019-06-28 10:08:10.000000000,99751,163,99612,163,99752,163,99586,163,99867,163,99503,163,99868,163,99413,163,99911,100,99406,100,99944,100,99386,100,99964,100,99351,100,99981,100,99317,100,99986,100,99296,100,100010,100,99288,100
2019-06-28 10:08:20.000000000,99751,353,99612,353,99752,100,99586,100,99867,100,99503,100,99868,100,99413,100,99911,100,99406,100,99944,100,99386,100,99964,100,99351,100,99981,100,99317,100,99986,100,99296,100,100010,100,99288,100
2019-06-28 10:08:30.000000000,99751,151,99612,151,99752,151,99586,151,99867,151,99503,151,99868,151,99413,151,99911,151,99406,151,99944,100,99386,100,99964,100,99351,100,99981,100,99317,100,99986,100,99296,100,100010,100,99288,100
2019-06-28 10:08:40.000000000,99751,151,99612,151,99752,151,99586,151,99867,151,99503,151,99868,151,99413,151,99911,151,99406,151,99944,100,99386,100,99964,100,99351,100,99981,100,99317,100,99986,100,99296,100,100010,100,99288,100
2019-06-28 10:08:50.000000000,99751,226,99612,226,99752,226,99586,226,99867,100,99503,100,99868,100,99413,100,99911,100,99406,100,99944,100,99386,100,99964,100,99351,100,99981,100,99317,100,99986,100,99296,100,100010,100,99288,100
2019-06-28 10:09:00.000000000,99751,186,99612,186,99752,183,99586,183,99867,183,99503,183,99868,100,99413,100,99911,100,99406,100,99944,100,99386,100,99964,100,99351,100,99981,100,99317,100,99986,100,99296,100,100010,100,99288,100
2019-06-28 10:09:10.000000000,99751,163,99612,163,99752,163,99586,163,99867,163,99503,163,99868,163,99413,163,99911,100,99406,100,99944,100,99386,100,99964,100,99351,100,99981,100,99317,100,99986,100,99296,100,100010,100,99288,100
2019-06-28 10:09:19.294582071,99751,263,99612,163,99752,163,99586,163,99867,163,99503,163,99868,163,99413,163,99911,100,99406,100,99944,100,99386,100,99964,100,99351,100,99981,100,99317,100,99986,100,99296,100,100010,100,99288,100
2019-06-28 10:09:20.000000000,99751,326,99612,226,99752,226,99586,226,99867,100,99503,100,99868,100,99413,100,99911,100,99406,100,99944,100,99386,100,99964,100,99351,100,99981,100,99317,100,99986,100,99296,100,100010,100,99288,100
2019-06-28 10:09:21.084074895,99751,326,99612,126,99752,226,99586,226,99867,100,99503,100,99868,100,99406,100,99911,100,99386,100,99944,100,99351,100,99964,100,99317,100,99981,100,99296,100,99986,100,99288,100,100010,100,99267,100
2019-06-28 10:09:30.000000000,99751,453,99586,353,99752,100,99503,100,99867,100,99406,100,99868,100,99386,100,99911,100,99351,100,99944,100,99317,100,99964,100,99296,100,99981,100,99288,100,99986,100,99267,100,100010,100,99140,100
