,ask_price_1,ask_size_1,bid_price_1,bid_size_1,ask_price_2,ask_size_2,bid_price_2,bid_size_2,ask_price_3,ask_size_3,bid_price_3,bid_size_3,ask_price_4,ask_size_4,bid_price_4,bid_size_4,ask_price_5,ask_size_5,bid_price_5,bid_size_5,ask_price_6,ask_size_6,bid_price_6,bid_size_6,ask_price_7,ask_size_7,bid_price_7,bid_size_7,ask_price_8,ask_size_8,bid_price_8,bid_size_8,ask_price_9,ask_size_9,bid_price_9,bid_size_9,ask_price_10,ask_size_10,bid_price_10,bid_size_10
2019-06-28 09:30:00.000000000,100088,100,,,,,,,,,,,,,,,,,,,,,,,,,,,,,,,,,,,,,,
2019-06-28 09:30:00.000000007,100088,100,99931,100,,,,,,,,,,,,,,,,,,,,,,,,,,,,,,,,,,,,
2019-06-28 09:30:00.000000008,100088,100,99982,100,,,99931,100,,,,,,,,,,,,,,,,,,,,,,,,,,,,,,,,
2019-06-28 09:30:00.000000010,100088,100,100033,100,,,99982,100,,,99931,100,,,,,,,,,,,,,,,,,,,,,,,,,,,,
2019-06-28 09:30:00.000000011,100051,100,100033,100,100088,100,99982,100,,,99931,100,,,99925,100,,,,,,,,,,,,,,,,,,,,,,,,
2019-06-28 09:30:00.000000012,100051,100,100033,100,100088,100,99982,100,100111,100,99931,100,,,99925,100,,,,,,,,,,,,,,,,,,,,,,,,
2019-06-28 09:30:00.000000018,100040,100,100033,100,100051,100,99982,100,100088,100,99931,100,100111,100,99925,100,,,,,,,,,,,,,,,,,,,,,,,,
2019-06-28 09:30:00.000000019,100040,100,100033,100,100051,100,99994,100,100088,100,99982,100,100111,100,99931,100,,,99925,100,,,,,,,,,,,,,,,,,,,,
2019-06-28 09:30:00.000000020,100040,100,100033,100,100051,100,99994,100,100088,100,99982,100,100092,100,99955,100,100111,100,99931,100,,,99925,100,,,,,,,,,,,,,,,,
2019-06-28 09:30:00.000000023,100040,100,100033,100,100051,100,99994,100,100088,200,99982,100,100092,100,99955,100,100111,100,99931,100,,,99925,100,,,,,,,,,,,,,,,,
2019-06-28 09:30:00.000000024,100040,100,100033,100,100051,100,99994,100,100087,100,99982,100,100088,200,99955,100,100092,100,99931,100,100111,100,99925,100,,,99911,100,,,,,,,,,,,,
2019-06-28 09:30:00.000000026,100040,100,100033,100,100051,100,99994,100,100087,100,99982,100,100088,200,99955,100,100092,100,99931,100,100111,100,99925,100,,,99911,100,,,99856,100,,,,,,,,
2019-06-28 09:30:00.000000027,100040,100,99994,100,100051,100,99982,100,100087,100,99955,100,100088,200,99949,100,100092,100,99931,100,100111,100,99925,100,,,99911,100,,,99856,100,,,,,,,,
2019-06-28 09:30:00.000000030,100040,100,99994,100,100051,100,99982,100,100063,100,99955,100,100087,100,99949,100,100088,200,99931,100,100092,100,99925,100,100111,100,99911,100,,,99856,100,,,,,,,,
2019-06-28 09:30:00.000000031,100040,200,100009,100,100051,100,99994,100,100063,100,99982,100,100085,100,99955,100,100087,100,99949,100,100088,200,99931,100,100092,100,99925,100,100111,100,99911,100,,,99856,100,,,,
2019-06-28 09:30:00.000000032,100040,200,100009,100,100051,100,99994,100,100063,100,99982,100,100085,100,99955,100,100087,100,99949,100,100088,200,99931,100,100092,100,99925,100,100111,100,99911,100,100159,100,99856,100,,,,
2019-06-28 09:30:00.000000033,100040,100,100009,100,100051,100,99994,100,100063,100,99982,100,100085,100,99955,100,100087,100,99949,100,100088,200,99931,100,100092,100,99925,100,100111,100,99911,100,100159,100,99856,100,,,,
2019-06-28 09:30:00.000000034,100040,100,100009,100,100051,100,99994,100,100063,100,99982,100,100085,100,99964,100,100087,100,99955,100,100088,200,99949,100,100092,100,99931,100,100111,100,99925,100,100159,100,99911,100,,,99856,100
2019-06-28 09:30:00.000000036,100039,100,100009,100,100040,100,99994,100,100051,100,99982,100,100063,100,99964,100,100085,100,99955,100,100087,100,99949,100,100088,200,99931,100,100092,100,99925,100,100111,100,99911,100,100159,100,99856,100
2019-06-28 09:30:00.000000037,100039,100,100009,100,100040,100,99994,100,100051,100,99982,100,100063,100,99964,100,100082,100,99955,100,100085,100,99949,100,100087,100,99931,100,100088,200,99925,100,100092,100,99911,100,100111,100,99856,100
2019-06-28 09:30:00.000000038,100039,100,100033,100,100040,100,100009,100,100051,100,99994,100,100063,100,99982,100,100082,100,99964,100,100085,100,99955,100,100087,100,99949,100,100088,200,99931,100,100092,100,99925,100,100111,100,99911,100
2019-06-28 09:30:00.000000040,100039,100,100033,100,100040,100,100009,100,100051,100,99994,100,100063,100,99982,100,100082,100,99964,100,100085,100,99955,100,100087,100,99949,100,100088,200,99931,100,100092,100,99925,200,100111,100,99911,100
2019-06-28 09:30:00.000000041,100039,100,100033,100,100040,100,100009,100,100051,100,99994,100,100063,100,99982,100,100076,100,99964,100,100082,100,99955,100,100085,100,99949,100,100087,100,99931,100,100088,200,99925,200,100092,100,99911,100
2019-06-28 09:30:00.000000043,100039,100,100033,100,100040,100,100009,100,100051,100,99994,100,100063,100,99982,100,100076,100,99964,100,100082,100,99955,100,100085,100,99949,100,100087,100,99931,100,100088,200,99925,200,100092,100,99911,100
2019-06-28 09:30:00.000000044,100039,100,100033,100,100040,100,100009,100,100051,100,99994,100,100063,100,99982,100,100076,100,99965,100,100082,100,99964,100,100085,100,99955,100,100087,100,99949,100,100088,200,99931,100,100092,100,99925,200
2019-06-28 09:30:00.000000048,100039,100,100033,100,100040,100,100009,100,100051,100,99994,100,100063,100,99982,100,100076,100,99965,100,100082,100,99964,100,100085,100,99955,100,100087,100,99949,100,100088,200,99931,100,100092,100,99925,200
2019-06-28 09:30:00.000000049,100039,200,100033,100,100040,100,100009,100,100051,100,99994,100,100063,100,99982,100,100076,100,99965,100,100082,100,99964,100,100085,100,99955,100,100087,100,99949,100,100088,200,99931,100,100092,100,99925,200
2019-06-28 09:30:00.000000053,100039,200,100033,100,100040,100,100009,100,100051,100,99994,100,100063,100,99982,100,100076,100,99965,100,100082,100,99964,100,100085,100,99955,100,100087,100,99949,100,100088,200,99931,100,100092,100,99925,200
2019-06-28 09:30:00.000000055,100039,200,100009,100,100040,100,99994,100,100051,100,99982,100,100063,100,99965,100,100076,100,99964,100,100082,100,99955,100,100085,100,99949,100,100087,100,99931,100,100088,200,99925,200,100092,100,99911,100
2019-06-28 09:30:00.000000056,100039,200,100009,100,100040,100,99994,100,100051,100,99982,100,100063,100,99965,100,100076,100,99964,100,100082,100,99955,100,100085,100,99949,100,100087,100,99947,100,100088,200,99931,100,100092,100,99925,200
2019-06-28 09:30:00.000000057,100039,200,99994,100,100040,100,99982,100,100051,100,99965,100,100063,100,99964,100,100076,100,99955,100,100082,100,99949,100,100085,100,99947,100,100087,100,99931,100,100088,200,99925,200,100092,100,99911,100
2019-06-28 09:30:00.000000058,100000,100,99994,100,100039,200,99982,100,100040,100,99965,100,100051,100,99964,100,100063,100,99955,100,100076,100,99949,100,100082,100,99947,100,100085,100,99931,100,100087,100,99925,200,100088,200,99911,100
2019-06-28 09:30:00.000000059,100000,100,99994,100,100039,200,99982,100,100040,100,99965,100,100051,100,99964,100,100063,100,99955,100,100076,100,99949,100,100082,200,99947,100,100085,100,99939,100,100087,100,99931,100,100088,200,99925,200
2019-06-28 09:30:00.000000066,100000,100,99994,100,100039,200,99982,100,100040,100,99965,100,100051,100,99964,100,100063,100,99955,100,100076,100,99949,100,100082,200,99947,100,100085,100,99939,100,100087,100,99931,100,100088,200,99925,200
2019-06-28 09:30:00.000000068,100000,100,99994,100,100028,100,99982,100,100039,200,99965,100,100040,100,99964,100,100051,100,99955,100,100063,100,99949,100,100076,100,99947,100,100082,200,99939,100,100085,100,99931,100,100087,100,99925,200
2019-06-28 09:30:00.000000070,100000,100,99994,100,100007,100,99982,100,100028,100,99965,100,100039,200,99964,100,100040,100,99955,100,100051,100,99949,100,100063,100,99947,100,100076,100,99939,100,100082,200,99931,100,100085,100,99925,200
2019-06-28 09:30:00.000000071,100000,100,99994,100,100007,100,99982,100,100028,100,99965,100,100033,100,99964,100,100039,200,99955,100,100040,100,99949,100,100051,100,99947,100,100063,100,99939,100,100076,100,99931,100,100082,200,99925,200
2019-06-28 09:30:00.000000073,100007,100,99994,100,100028,100,99982,100,100033,100,99965,100,100039,200,99964,100,100040,100,99955,100,100051,100,99949,100,100063,100,99947,100,100076,100,99939,100,100082,200,99931,100,100085,100,99925,200
2019-06-28 09:30:00.000000076,100006,100,99994,100,100007,100,99982,100,100028,100,99965,100,100033,100,99964,100,100039,200,99955,100,100040,100,99949,100,100051,100,99947,100,100063,100,99939,100,100076,100,99931,100,100082,200,99925,200
2019-06-28 09:30:00.000000077,100006,200,100000,100,100007,100,99994,100,100028,100,99982,100,100033,100,99965,100,100039,200,99964,100,100040,100,99955,100,100051,100,99949,100,100063,100,99947,100,100076,100,99939,100,100082,200,99931,100
2019-06-28 09:30:00.000000078,100006,200,100000,100,100007,100,99994,100,100028,100,99982,100,100033,100,99965,100,100039,200,99964,100,100040,100,99955,100,100051,100,99949,100,100063,100,99947,100,100067,100,99939,100,100076,100,99931,100
2019-06-28 09:30:00.000000079,100006,200,100000,100,100007,100,99994,100,100028,100,99982,100,100033,100,99965,100,100039,200,99964,100,100040,100,99955,100,100051,100,99949,100,100063,100,99947,100,100067,100,99939,100,100076,100,99931,100
2019-06-28 09:30:00.000000082,100006,200,100000,200,100007,100,99994,100,100009,100,99982,100,100028,100,99965,100,100033,100,99964,100,100039,200,99955,100,100040,100,99949,100,100051,100,99947,100,100063,100,99939,100,100067,100,99931,100
2019-06-28 09:30:00.000000086,100006,200,100000,300,100007,100,99994,100,100009,100,99982,100,100028,100,99965,100,100033,100,99964,100,100039,200,99955,100,100040,100,99949,100,100051,100,99947,100,100063,100,99939,100,100067,100,99931,100
2019-06-28 09:30:00.000000089,100006,200,100000,200,100007,100,99994,100,100009,100,99982,100,100028,100,99965,100,100033,100,99964,100,100039,200,99955,100,100040,100,99949,100,100051,100,99947,100,100063,100,99939,100,100067,100,99931,100
2019-06-28 09:30:00.000000090,100006,200,100000,200,100007,100,99994,100,100009,100,99982,100,100028,100,99965,100,100033,100,99964,100,100039,200,99961,100,100040,100,99955,100,100051,100,99949,100,100063,100,99947,100,100067,100,99942,100
2019-06-28 09:30:00.000000094,100006,100,100001,100,100007,100,100000,200,100009,100,99994,100,100028,100,99982,100,100033,100,99965,100,100039,200,99964,100,100040,100,99961,100,100051,100,99955,100,100063,100,99949,100,100067,100,99947,100
2019-06-28 09:30:00.000000095,100006,100,100001,100,100007,100,100000,200,100009,100,99994,100,100028,100,99982,100,100033,100,99965,100,100039,200,99964,100,100040,100,99961,100,100051,100,99955,100,100063,100,99949,100,100067,100,99947,100
2019-06-28 09:30:00.000000096,100006,100,100000,200,100007,100,99994,100,100009,100,99982,100,100028,100,99965,100,100033,100,99964,100,100039,200,99961,100,100040,100,99955,100,100051,100,99949,100,100063,100,99947,100,100067,100,99942,100
2019-06-28 09:30:00.000000097,100006,100,100000,200,100007,100,99994,100,100009,100,99982,100,100028,100,99965,100,100033,100,99964,100,100039,200,99961,100,100040,100,99955,100,100051,100,99949,100,100063,100,99947,100,100067,100,99942,100
2019-06-28 09:30:00.000000099,100006,100,100000,200,100007,100,99994,100,100009,100,99982,100,100028,100,99981,100,100033,100,99965,100,100039,200,99964,100,100040,100,99961,100,100051,100,99955,100,100063,100,99949,100,100067,100,99947,100
2019-06-28 09:30:03.818309094,100006,100,100000,200,100007,100,99994,100,100009,100,99982,100,100028,100,99981,100,100033,100,99976,100,100039,200,99965,100,100040,100,99964,100,100051,100,99961,100,100063,100,99955,100,100067,100,99949,100
2019-06-28 09:30:10.000000000,100006,205,100000,305,100007,205,99994,205,100009,205,99982,205,100028,205,99981,205,100033,100,99976,100,100039,200,99965,100,100040,100,99964,100,100051,100,99961,100,100063,100,99955,100,100067,100,99949,100
2019-06-28 09:30:14.077795462,100006,205,100000,205,100007,205,99994,205,100009,205,99982,205,100028,205,99981,205,100033,100,99976,100,100039,200,99965,100,100040,100,99964,100,100051,100,99961,100,100063,100,99955,100,100067,100,99949,100
2019-06-28 09:30:14.901328030,100001,100,100000,205,100006,205,99994,205,100007,205,99982,105,100009,205,99981,205,100028,205,99976,100,100033,100,99965,100,100039,200,99964,100,100040,100,99961,100,100051,100,99955,100,100063,100,99949,100
2019-06-28 09:30:20.000000000,100001,310,100000,310,100006,310,99994,310,100007,100,99981,100,100009,100,99976,100,100028,100,99965,100,100033,100,99964,100,100039,200,99961,100,100040,100,99955,100,100051,100,99949,100,100063,100,99942,100
2019-06-28 09:30:23.905234556,100001,310,100000,210,100006,310,99994,310,100007,100,99981,100,100009,100,99976,100,100028,100,99965,100,100033,100,99964,100,100039,200,99961,100,100040,100,99955,100,100051,100,99949,100,100063,100,99942,100
2019-06-28 09:30:30.000000000,100001,310,99994,310,100006,310,99981,310,100007,100,99976,100,100009,100,99965,100,100028,100,99964,100,100033,100,99961,100,100039,200,99955,100,100040,100,99949,100,100051,100,99942,100,100063,100,99931,100
2019-06-28 09:30:40.000000000,100001,520,99994,520,100006,100,99981,100,100007,100,99976,100,100009,100,99965,100,100028,100,99964,100,100033,100,99961,100,100039,200,99955,100,100040,100,99949,100,100051,100,99942,100,100063,100,99931,100
2019-06-28 09:30:42.477393919,100001,520,99994,520,100006,100,99981,100,100007,100,99976,100,100009,100,99965,100,100028,100,99964,100,100033,100,99961,100,100039,200,99955,100,100040,100,99949,100,100051,100,99942,100,100063,100,99931,100
2019-06-28 09:30:44.766543029,100001,520,99994,520,100006,100,99981,100,100007,100,99976,100,100009,100,99965,100,100028,100,99964,100,100033,100,99961,100,100039,200,99955,100,100040,100,99942,100,100051,100,99931,100,100063,100,99925,100
2019-06-28 09:30:47.550823737,100001,520,99994,420,100006,100,99981,100,100007,100,99976,100,100009,100,99965,100,100028,100,99964,100,100033,100,99961,100,100039,200,99955,100,100040,100,99942,100,100051,100,99931,100,100063,100,99925,100
2019-06-28 09:30:50.000000000,100001,310,99981,310,100006,310,99976,310,100007,100,99965,100,100009,100,99964,100,100028,100,99961,100,100033,100,99955,100,100039,200,99942,100,100040,100,99931,100,100051,100,99925,100,100063,100,99910,100
2019-06-28 09:31:00.000000000,100001,520,99981,520,100006,100,99976,100,100007,100,99965,100,100009,100,99964,100,100028,100,99961,100,100033,100,99955,100,100039,200,99942,100,100040,100,99931,100,100051,100,99925,100,100063,100,99910,100
2019-06-28 09:31:03.982816404,100001,520,99981,520,100006,100,99976,100,100007,100,99965,100,100009,100,99964,100,100028,100,99961,100,100033,100,99955,100,100039,200,99942,100,100040,100,99931,100,100051,100,99910,100,100063,100,99900,100
2019-06-28 09:31:10.000000000,100001,184,99981,184,100006,184,99976,184,100007,184,99965,184,100009,184,99964,184,100028,184,99961,184,100033,100,99955,100,100039,200,99942,100,100040,100,99931,100,100051,100,99910,100,100063,100,99900,100
2019-06-28 09:31:20.000000000,100001,520,99981,520,100006,100,99976,100,100007,100,99965,100,100009,100,99964,100,100028,100,99961,100,100033,100,99955,100,100039,200,99942,100,100040,100,99931,100,100051,100,99910,100,100063,100,99900,100
2019-06-28 09:31:30.000000000,100001,520,99981,520,100006,100,99976,100,100007,100,99965,100,100009,100,99964,100,100028,100,99961,100,100033,100,99955,100,100039,200,99942,100,100040,100,99931,100,100051,100,99910,100,100063,100,99900,100
2019-06-28 09:31:31.309004770,100001,520,99981,420,100006,100,99976,100,100007,100,99965,100,100009,100,99964,100,100028,100,99961,100,100033,100,99955,100,100039,200,99942,100,100040,100,99931,100,100051,100,99910,100,100063,100,99900,100
2019-06-28 09:31:40.000000000,100001,184,99976,184,100006,184,99965,184,100007,184,99964,184,100009,184,99961,184,100028,184,99955,184,100033,100,99942,100,100039,200,99931,100,100040,100,99910,100,100051,100,99900,100,100063,100,99897,100
2019-06-28 09:31:50.000000000,100001,205,99976,205,100006,205,99965,205,100007,205,99964,205,100009,205,99961,205,100028,100,99955,100,100033,100,99942,100,100039,200,99931,100,100040,100,99910,100,100051,100,99900,100,100063,100,99897,100
2019-06-28 09:32:00.000000000,100001,310,99976,310,100006,310,99965,310,100007,100,99964,100,100009,100,99961,100,100028,100,99955,100,100033,100,99942,100,100039,200,99931,100,100040,100,99910,100,100051,100,99900,100,100063,100,99897,100
2019-06-28 09:32:04.399245830,100001,310,99976,210,100006,310,99965,310,100007,100,99964,100,100009,100,99961,100,100028,100,99955,100,100033,100,99942,100,100039,200,99931,100,100040,100,99910,100,100051,100,99900,100,100063,100,99897,100
2019-06-28 09:32:10.000000000,100001,310,99965,310,100006,310,99964,310,100007,100,99961,100,100009,100,99955,100,100028,100,99942,100,100033,100,99931,100,100039,200,99910,100,100040,100,99900,100,100051,100,99897,100,100063,100,99890,100
2019-06-28 09:32:20.000000000,100001,184,99965,184,100006,184,99964,184,100007,184,99961,184,100009,184,99955,184,100028,184,99942,184,100033,100,99931,100,100039,200,99910,100,100040,100,99900,100,100051,100,99897,100,100063,100,99890,100
2019-06-28 09:32:30.000000000,100001,520,99965,520,100006,100,99964,100,100007,100,99961,100,100009,100,99955,100,100028,100,99942,100,100033,100,99931,100,100039,200,99910,100,100040,100,99900,100,100051,100,99897,100,100063,100,99890,100
2019-06-28 09:32:40.000000000,100001,243,99965,243,100006,239,99964,239,100007,239,99961,239,100009,100,99955,100,100028,100,99942,100,100033,100,99931,100,100039,200,99910,100,100040,100,99900,100,100051,100,99897,100,100063,100,99890,100
2019-06-28 09:32:40.425876218,100001,143,99965,243,100006,239,99964,239,100007,239,99961,239,100009,100,99955,100,100028,100,99942,100,100033,100,99931,100,100039,200,99910,100,100040,100,99900,100,100051,100,99897,100,100063,100,99890,100
2019-06-28 09:32:50.000000000,100006,205,99965,205,100007,205,99964,205,100009,205,99961,205,100028,205,99955,205,100033,100,99942,100,100039,200,99931,100,100040,100,99910,100,100051,100,99900,100,100063,100,99897,100,100067,100,99890,100
2019-06-28 09:33:00.000000000,100006,243,99965,243,100007,239,99964,239,100009,239,99961,239,100028,100,99955,100,100033,100,99942,100,100039,200,99931,100,100040,100,99910,100,100051,100,99900,100,100063,100,99897,100,100067,100,99890,100
2019-06-28 09:33:10.000000000,100006,184,99965,184,100007,184,99964,184,100009,184,99961,184,100028,184,99955,184,100033,184,99942,184,100039,200,99931,100,100040,100,99910,100,100051,100,99900,100,100063,100,99897,100,100067,100,99890,100
2019-06-28 09:33:12.685862753,100006,184,99965,84,100007,184,99964,184,100009,184,99961,184,100028,184,99955,184,100033,184,99942,184,100039,200,99931,100,100040,100,99910,100,100051,100,99900,100,100063,100,99897,100,100067,100,99890,100
2019-06-28 09:33:17.547262007,100006,184,99965,84,100007,184,99964,184,100009,184,99961,184,100028,184,99955,184,100033,184,99942,184,100039,200,99931,100,100040,100,99910,100,100051,100,99903,100,100063,100,99900,100,100067,100,99897,100
2019-06-28 09:33:20.000000000,100006,520,99964,520,100007,100,99961,100,100009,100,99955,100,100028,100,99942,100,100033,100,99931,100,100039,200,99910,100,100040,100,99903,100,100051,100,99900,100,100063,100,99897,100,100067,100,99890,100
2019-06-28 09:33:22.265039579,100006,520,99964,520,100007,100,99961,100,100009,100,99955,100,100028,100,99942,100,100033,100,99931,100,100039,100,99910,100,100040,100,99903,100,100051,100,99900,100,100063,100,99897,100,100067,100,99890,100
2019-06-28 09:33:30.000000000,100006,205,99964,205,100007,205,99961,205,100009,205,99955,205,100028,205,99942,205,100033,100,99931,100,100039,100,99910,100,100040,100,99903,100,100051,100,99900,100,100063,100,99897,100,100067,100,99890,100
2019-06-28 09:33:40.000000000,100006,184,99964,184,100007,184,99961,184,100009,184,99955,184,100028,184,99942,184,100033,184,99931,184,100039,100,99910,100,100040,100,99903,100,100051,100,99900,100,100063,100,99897,100,100067,100,99890,100
2019-06-28 09:33:50.000000000,100006,520,99964,520,100007,100,99961,100,100009,100,99955,100,100028,100,99942,100,100033,100,99931,100,100039,100,99910,100,100040,100,99903,100,100051,100,99900,100,100063,100,99897,100,100067,100,99890,100
2019-06-28 09:33:59.208351256,100006,520,99964,420,100007,100,99961,100,100009,100,99955,100,100028,100,99942,100,100033,100,99931,100,100039,100,99910,100,100040,100,99903,100,100051,100,99900,100,100063,100,99897,100,100067,100,99890,100
2019-06-28 09:34:00.000000000,100006,243,99961,243,100007,239,99955,239,100009,239,99942,239,100028,100,99931,100,100033,100,99910,100,100039,100,99903,100,100040,100,99900,100,100051,100,99897,100,100063,100,99890,100,100067,100,99856,100
2019-06-28 09:34:10.000000000,100006,310,99961,310,100007,310,99955,310,100009,100,99942,100,100028,100,99931,100,100033,100,99910,100,100039,100,99903,100,100040,100,99900,100,100051,100,99897,100,100063,100,99890,100,100067,100,99856,100
2019-06-28 09:34:20.000000000,100006,520,99961,520,100007,100,99955,100,100009,100,99942,100,100028,100,99931,100,100033,100,99910,100,100039,100,99903,100,100040,100,99900,100,100051,100,99897,100,100063,100,99890,100,100067,100,99856,100
2019-06-28 09:34:30.000000000,100006,184,99961,184,100007,184,99955,184,100009,184,99942,184,100028,184,99931,184,100033,184,99910,184,100039,100,99903,100,100040,100,99900,100,100051,100,99897,100,100063,100,99890,100,100067,100,99856,100
2019-06-28 09:34:40.000000000,100006,243,99961,243,100007,239,99955,239,100009,239,99942,239,100028,100,99931,100,100033,100,99910,100,100039,100,99903,100,100040,100,99900,100,100051,100,99897,100,100063,100,99890,100,100067,100,99856,100
2019-06-28 09:34:47.968914636,99965,100,99961,243,100006,243,99955,239,100007,239,99942,239,100009,239,99931,100,100028,100,99910,100,100033,100,99903,100,100039,100,99900,100,100040,100,99897,100,100051,100,99890,100,100063,100,99856,100
2019-06-28 09:34:50.000000000,99965,243,99961,243,100006,239,99955,239,100007,239,99942,239,100009,100,99931,100,100028,100,99910,100,100033,100,99903,100,100039,100,99900,100,100040,100,99897,100,100051,100,99890,100,100063,100,99856,100
2019-06-28 09:34:57.421036148,99965,343,99961,243,100006,239,99955,239,100007,239,99942,239,100009,100,99931,100,100028,100,99910,100,100033,100,99903,100,100039,100,99900,100,100040,100,99897,100,100051,100,99890,100,100063,100,99856,100
2019-06-28 09:35:00.000000000,99965,620,99961,520,100006,100,99955,100,100007,100,99942,100,100009,100,99931,100,100028,100,99910,100,100033,100,99903,100,100039,100,99900,100,100040,100,99897,100,100051,100,99890,100,100063,100,99856,100
2019-06-28 09:35:03.423793761,99965,620,99961,520,100006,100,99955,100,100007,100,99942,100,100009,100,99931,100,100028,100,99910,100,100033,100,99903,100,100039,100,99900,100,100040,100,99897,100,100051,100,99890,100,100063,100,99856,100
2019-06-28 09:35:10.000000000,99965,284,99961,184,100006,184,99955,184,100007,184,99942,184,100009,184,99931,184,100028,184,99910,184,100033,100,99903,100,100039,100,99900,100,100040,100,99897,100,100051,100,99890,100,100063,100,99856,100
2019-06-28 09:35:20.000000000,99965,284,99961,184,100006,184,99955,184,100007,184,99942,184,100009,184,99931,184,100028,184,99910,184,100033,100,99903,100,100039,100,99900,100,100040,100,99897,100,100051,100,99890,100,100063,100,99856,100
2019-06-28 09:35:24.186301490,99965,284,99961,184,100006,184,99955,184,100007,184,99942,184,100009,184,99931,184,100028,184,99910,184,100033,100,99903,100,100039,100,99900,100,100040,100,99897,100,100051,100,99890,100,100063,100,99856,100
2019-06-28 09:35:30.000000000,99965,620,99961,520,100006,100,99955,100,100007,100,99942,100,100009,100,99931,100,100028,100,99910,100,100033,100,99903,100,100039,100,99900,100,100040,100,99897,100,100051,100,99890,100,100063,100,99856,100
2019-06-28 09:35:40.000000000,99965,305,99961,205,100006,205,99955,205,100007,205,99942,205,100009,205,99931,205,100028,100,99910,100,100033,100,99903,100,100039,100,99900,100,100040,100,99897,100,100051,100,99890,100,100063,100,99856,100
2019-06-28 09:35:50.000000000,99965,343,99961,243,100006,239,99955,239,100007,239,99942,239,100009,100,99931,100,100028,100,99910,100,100033,100,99903,100,100039,100,99900,100,100040,100,99897,100,100051,100,99890,100,100063,100,99856,100
2019-06-28 09:36:00.000000000,99965,343,99961,243,100006,239,99955,239,100007,239,99942,239,100009,100,99931,100,100028,100,99910,100,100033,100,99903,100,100039,100,99900,100,100040,100,99897,100,100051,100,99890,100,100063,100,99856,100
2019-06-28 09:36:10.000000000,99965,305,99961,205,100006,205,99955,205,100007,205,99942,205,100009,205,99931,205,100028,100,99910,100,100033,100,99903,100,100039,100,99900,100,100040,100,99897,100,100051,100,99890,100,100063,100,99856,100
2019-06-28 09:36:20.000000000,99965,410,99961,310,100006,310,99955,310,100007,100,99942,100,100009,100,99931,100,100028,100,99910,100,100033,100,99903,100,100039,100,99900,100,100040,100,99897,100,100051,100,99890,100,100063,100,99856,100
2019-06-28 09:36:24.718931885,99965,510,99961,310,100006,310,99955,310,100007,100,99942,100,100028,100,99931,100,100033,100,99910,100,100039,100,99903,100,100040,100,99900,100,100051,100,99897,100,100063,100,99890,100,100067,100,99856,100
2019-06-28 09:36:30.000000000,99965,384,99961,184,100006,184,99955,184,100007,184,99942,184,100028,184,99931,184,100033,184,99910,184,100039,100,99903,100,100040,100,99900,100,100051,100,99897,100,100063,100,99890,100,100067,100,99856,100
2019-06-28 09:36:40.000000000,99965,510,99961,310,100006,310,99955,310,100007,100,99942,100,100028,100,99931,100,100033,100,99910,100,100039,100,99903,100,100040,100,99900,100,100051,100,99897,100,100063,100,99890,100,100067,100,99856,100
2019-06-28 09:36:40.143737772,99965,510,99961,210,100006,310,99955,310,100007,100,99942,100,100028,100,99931,100,100033,100,99910,100,100039,100,99903,100,100040,100,99900,100,100051,100,99897,100,100063,100,99890,100,100067,100,99856,100
2019-06-28 09:36:48.991032616,99965,510,99961,110,100006,310,99955,210,100007,100,99942,100,100028,100,99931,100,100033,100,99910,100,100039,100,99903,100,100040,100,99900,100,100051,100,99897,100,100063,100,99890,100,100067,100,99856,100
2019-06-28 09:36:50.000000000,99965,384,99942,184,100006,184,99931,184,100007,184,99910,184,100028,184,99903,184,100033,184,99900,184,100039,100,99897,100,100040,100,99890,100,100051,100,99856,100,100063,100,99825,100,100067,100,99518,100
2019-06-28 09:37:00.000000000,99965,384,99942,184,100006,184,99931,184,100007,184,99910,184,100028,184,99903,184,100033,184,99900,184,100039,100,99897,100,100040,100,99890,100,100051,100,99856,100,100063,100,99825,100,100067,100,99518,100
2019-06-28 09:37:02.306779940,99965,384,99942,84,100006,184,99931,184,100007,184,99910,184,100028,184,99903,184,100033,184,99900,184,100039,100,99897,100,100040,100,99890,100,100051,100,99856,100,100063,100,99825,100,100067,100,99518,100
2019-06-28 09:37:08.109394419,99942,16,99931,184,99965,384,99910,184,100006,184,99903,184,100007,184,99900,184,100028,184,99897,100,100033,184,99890,100,100039,100,99825,100,100040,100,99518,100,100051,100,98933,100,100063,100,98881,100
2019-06-28 09:37:10.000000000,99942,226,99931,310,99965,510,99910,310,100006,100,99903,100,100007,100,99900,100,100028,100,99897,100,100033,100,99890,100,100039,100,99825,100,100040,100,99518,100,100051,100,98933,100,100063,100,98881,100
2019-06-28 09:37:20.000000000,99942,159,99931,243,99965,439,99910,239,100006,239,99903,239,100007,100,99900,100,100028,100,99897,100,100033,100,99890,100,100039,100,99825,100,100040,100,99518,100,100051,100,98933,100,100063,100,98881,100
2019-06-28 09:37:30.000000000,99942,121,99931,205,99965,405,99910,205,100006,205,99903,205,100007,205,99900,205,100028,100,99897,100,100033,100,99890,100,100039,100,99825,100,100040,100,99518,100,100051,100,98933,100,100063,100,98881,100
2019-06-28 09:37:40.000000000,99942,121,99931,205,99965,405,99910,205,100006,205,99903,205,100007,205,99900,205,100028,100,99897,100,100033,100,99890,100,100039,100,99825,100,100040,100,99518,100,100051,100,98933,100,100063,100,98881,100
2019-06-28 09:37:48.865707081,99942,121,99931,205,99965,405,99910,205,100006,205,99903,205,100007,205,99900,205,100028,100,99897,100,100033,100,99890,100,100039,100,99825,100,100040,100,99518,100,100051,100,98967,100,100063,100,98933,100
2019-06-28 09:37:50.000000000,99942,121,99931,205,99965,405,99910,205,100006,205,99903,205,100007,205,99900,205,100028,100,99897,100,100033,100,99890,100,100039,100,99825,100,100040,100,99518,100,100051,100,98967,100,100063,100,98933,100
2019-06-28 09:38:00.000000000,99942,100,99931,184,99965,384,99910,184,100006,184,99903,184,100007,184,99900,184,100028,184,99897,184,100033,100,99890,100,100039,100,99825,100,100040,100,99518,100,100051,100,98967,100,100063,100,98933,100
2019-06-28 09:38:10.000000000,99942,226,99931,310,99965,510,99910,310,100006,100,99903,100,100007,100,99900,100,100028,100,99897,100,100033,100,99890,100,100039,100,99825,100,100040,100,99518,100,100051,100,98967,100,100063,100,98933,100
2019-06-28 09:38:20.000000000,99942,226,99931,310,99965,510,99910,310,100006,100,99903,100,100007,100,99900,100,100028,100,99897,100,100033,100,99890,100,100039,100,99825,100,100040,100,99518,100,100051,100,98967,100,100063,100,98933,100
2019-06-28 09:38:30.000000000,99942,436,99931,520,99965,300,99910,100,100006,100,99903,100,100007,100,99900,100,100028,100,99897,100,100033,100,99890,100,100039,100,99825,100,100040,100,99518,100,100051,100,98967,100,100063,100,98933,100
2019-06-28 09:38:30.989755652,99942,436,99931,420,99965,300,99910,100,100006,100,99903,100,100007,100,99900,100,100028,100,99897,100,100033,100,99890,100,100039,100,99825,100,100040,100,99518,100,100051,100,98967,100,100063,100,98933,100
2019-06-28 09:38:40.000000000,99942,226,99910,310,99965,510,99903,310,100006,100,99900,100,100007,100,99897,100,100028,100,99890,100,100033,100,99825,100,100039,100,99518,100,100040,100,98967,100,100051,100,98933,100,100063,100,98881,100
2019-06-28 09:38:40.475626144,99942,226,99910,210,99965,510,99903,310,100006,100,99900,100,100028,100,99897,100,100033,100,99890,100,100039,100,99825,100,100040,100,99518,100,100051,100,98967,100,100063,100,98933,100,100067,100,98881,100
2019-06-28 09:38:50.000000000,99942,100,99903,184,99965,384,99900,184,100006,184,99897,184,100028,184,99890,184,100033,184,99825,184,100039,100,99518,100,100040,100,98967,100,100051,100,98933,100,100063,100,98881,100,100067,100,,
2019-06-28 09:39:00.000000000,99942,436,99903,520,99965,300,99900,100,100006,100,99897,100,100028,100,99890,100,100033,100,99825,100,100039,100,99518,100,100040,100,98967,100,100051,100,98933,100,100063,100,98881,100,100067,100,,
2019-06-28 09:39:10.000000000,99942,436,99903,520,99965,300,99900,100,100006,100,99897,100,100028,100,99890,100,100033,100,99825,100,100039,100,99518,100,100040,100,98967,100,100051,100,98933,100,100063,100,98881,100,100067,100,,
2019-06-28 09:39:18.232043072,99942,436,99903,520,99965,300,99900,100,100006,100,99897,100,100028,100,99890,100,100033,100,99825,100,100039,100,99518,100,100040,100,98967,100,100051,100,98881,100,100063,100,98717,100,100067,100,,
2019-06-28 09:39:20.000000000,99942,159,99903,243,99965,439,99900,239,100006,239,99897,239,100028,100,99890,100,100033,100,99825,100,100039,100,99518,100,100040,100,98967,100,100051,100,98881,100,100063,100,98717,100,100067,100,,
2019-06-28 09:39:22.003011846,99931,100,99903,243,99942,159,99900,239,99965,339,99897,239,100006,239,99890,100,100028,100,99825,100,100033,100,99518,100,100039,100,98967,100,100040,100,98881,100,100051,100,98717,100,100063,100,,
2019-06-28 09:39:30.000000000,99931,520,99903,520,99942,16,99900,100,99965,200,99897,100,100006,100,99890,100,100028,100,99825,100,100033,100,99518,100,100039,100,98967,100,100040,100,98881,100,100051,100,98717,100,100063,100,,
2019-06-28 09:39:40.000000000,99931,520,99903,520,99942,16,99900,100,99965,200,99897,100,100006,100,99890,100,100028,100,99825,100,100033,100,99518,100,100039,100,98967,100,100040,100,98881,100,100051,100,98717,100,100063,100,,
2019-06-28 09:39:42.513884727,99931,520,99903,420,99942,16,99900,100,99965,200,99897,100,100006,100,99890,100,100028,100,99825,100,100033,100,99518,100,100039,100,98967,100,100040,100,98881,100,100051,100,98717,100,100063,100,,
2019-06-28 09:39:50.000000000,99931,205,99900,205,99942,121,99897,205,99965,305,99890,205,100006,205,99825,205,100028,100,99518,100,100033,100,98967,100,100039,100,98881,100,100040,100,98717,100,100051,100,,,100063,100,,
2019-06-28 09:40:00.000000000,99931,243,99900,243,99942,155,99897,239,99965,339,99890,239,100006,100,99825,100,100028,100,99518,100,100033,100,98967,100,100039,100,98881,100,100040,100,98717,100,100051,100,,,100063,100,,
2019-06-28 09:40:10.000000000,99931,184,99900,184,99942,100,99897,184,99965,284,99890,184,100006,184,99825,184,100028,184,99518,184,100033,100,98967,100,100039,100,98881,100,100040,100,98717,100,100051,100,,,100063,100,,
2019-06-28 09:40:20.000000000,99931,243,99900,243,99942,155,99897,239,99965,339,99890,239,100006,100,99825,100,100028,100,99518,100,100033,100,98967,100,100039,100,98881,100,100040,100,98717,100,100051,100,,,100063,100,,
2019-06-28 09:40:27.101728798,99931,243,99900,243,99942,155,99897,239,99965,339,99890,239,100006,100,99825,100,100028,100,99519,100,100033,100,99518,100,100039,100,98967,100,100040,100,98881,100,100051,100,98717,100,100063,100,,
2019-06-28 09:40:29.296009748,99931,243,99900,143,99942,155,99897,239,99965,339,99890,239,100006,100,99825,100,100028,100,99519,100,100033,100,99518,100,100039,100,98967,100,100040,100,98881,100,100051,100,98717,100,100063,100,,
2019-06-28 09:40:30.000000000,99931,520,99897,520,99942,16,99890,100,99965,200,99825,100,100006,100,99519,100,100028,100,99518,100,100033,100,98967,100,100039,100,98881,100,100040,100,98717,100,100051,100,,,100063,100,,
2019-06-28 09:40:40.000000000,99931,520,99897,520,99942,16,99890,100,99965,200,99825,100,100006,100,99519,100,100028,100,99518,100,100033,100,98967,100,100039,100,98881,100,100040,100,98717,100,100051,100,,,100063,100,,
2019-06-28 09:40:50.000000000,99931,243,99897,243,99942,155,99890,239,99965,339,99825,239,100006,100,99519,100,100028,100,99518,100,100033,100,98967,100,100039,100,98881,100,100040,100,98717,100,100051,100,,,100063,100,,
2019-06-28 09:41:00.000000000,99931,520,99897,520,99942,16,99890,100,99965,200,99825,100,100006,100,99519,100,100028,100,99518,100,100033,100,98967,100,100039,100,98881,100,100040,100,98717,100,100051,100,,,100063,100,,
2019-06-28 09:41:05.891447421,99931,520,99904,100,99942,16,99897,520,99965,200,99890,100,100006,100,99825,100,100028,100,99519,100,100033,100,99518,100,100039,100,98967,100,100040,100,98881,100,100051,100,98717,100,100063,100,,
2019-06-28 09:41:10.000000000,99931,184,99904,184,99942,100,99897,184,99965,284,99890,184,100006,184,99825,184,100028,184,99519,184,100033,100,99518,100,100039,100,98967,100,100040,100,98881,100,100051,100,98717,100,100063,100,,
2019-06-28 09:41:20.000000000,99931,243,99904,243,99942,155,99897,239,99965,339,99890,239,100006,100,99825,100,100028,100,99519,100,100033,100,99518,100,100039,100,98967,100,100040,100,98881,100,100051,100,98717,100,100063,100,,
2019-06-28 09:41:25.811423244,99931,243,99904,143,99942,155,99897,239,99965,339,99890,239,100006,100,99825,100,100028,100,99519,100,100033,100,99518,100,100039,100,98967,100,100040,100,98881,100,100051,100,98717,100,100063,100,,
2019-06-28 09:41:30.000000000,99931,310,99897,310,99942,226,99890,310,99965,200,99825,100,100006,100,99519,100,100028,100,99518,100,100033,100,98967,100,100039,100,98881,100,100040,100,98717,100,100051,100,,,100063,100,,
2019-06-28 09:41:40.000000000,99931,243,99897,243,99942,155,99890,239,99965,339,99825,239,100006,100,99519,100,100028,100,99518,100,100033,100,98967,100,100039,100,98881,100,100040,100,98717,100,100051,100,,,100063,100,,
2019-06-28 09:41:43.397606478,99904,100,99897,243,99931,243,99890,239,99942,155,99825,239,99965,339,99519,100,100006,100,99518,100,100028,100,98967,100,100033,100,98881,100,100039,100,98717,100,100040,100,,,100051,100,,
2019-06-28 09:41:45.286284262,99904,100,99897,43,99931,243,99890,239,99942,155,99825,239,99965,339,99519,100,100006,100,99518,100,100028,100,98967,100,100033,100,98881,100,100039,100,98717,100,100040,100,,,100051,100,,
2019-06-28 09:41:46.123294787,99897,57,99890,239,99904,100,99825,239,99931,243,99519,100,99942,155,99518,100,99965,339,98967,100,100006,100,98881,100,100028,100,98717,100,100033,100,,,100039,100,,,100051,100,,
2019-06-28 09:41:50.000000000,99897,141,99890,184,99904,184,99825,184,99931,184,99519,184,99942,100,99518,184,99965,284,98967,184,100006,100,98881,100,100028,100,98717,100,100033,100,,,100039,100,,,100051,100,,
2019-06-28 09:41:53.684457851,99897,141,99890,84,99904,184,99825,184,99931,184,99519,184,99942,100,99518,184,99965,284,98967,184,100006,100,98881,100,100028,100,98717,100,100033,100,,,100039,100,,,100051,100,,
2019-06-28 09:42:00.000000000,99897,200,99825,243,99904,239,99519,239,99931,239,99518,239,99942,16,98967,100,99965,200,98881,100,100006,100,98717,100,100028,100,,,100033,100,,,100039,100,,,100051,100,,
2019-06-28 09:42:00.900606145,99897,200,99825,43,99904,239,99519,239,99931,239,99518,239,99942,16,98967,100,99965,200,98881,100,100006,100,98717,100,100028,100,,,100033,100,,,100039,100,,,100051,100,,
2019-06-28 09:42:10.000000000,99897,141,99519,184,99904,184,99518,184,99931,184,98967,184,99942,100,98881,184,99965,284,98717,184,100006,100,,,100028,100,,,100033,100,,,100039,100,,,100051,100,,
2019-06-28 09:42:20.000000000,99897,477,99519,520,99904,100,99518,100,99931,100,98967,100,99942,16,98881,100,99965,200,98717,100,100006,100,,,100028,100,,,100033,100,,,100039,100,,,100051,100,,
2019-06-28 09:42:30.000000000,99897,141,99519,184,99904,184,99518,184,99931,184,98967,184,99942,100,98881,184,99965,284,98717,184,100006,100,,,100028,100,,,100033,100,,,100039,100,,,100051,100,,
2019-06-28 09:42:40.000000000,99897,200,99519,243,99904,239,99518,239,99931,239,98967,239,99942,16,98881,100,99965,200,98717,100,100006,100,,,100028,100,,,100033,100,,,100039,100,,,100051,100,,
2019-06-28 09:42:46.571815931,99897,200,99519,243,99904,239,99518,239,99931,239,98967,239,99942,16,98881,100,99965,200,98717,100,99984,100,,,100006,100,,,100028,100,,,100033,100,,,100039,100,,
2019-06-28 09:42:50.000000000,99897,162,99519,205,99904,205,99518,205,99931,205,98967,205,99942,121,98881,205,99965,200,98717,100,99984,100,,,100006,100,,,100028,100,,,100033,100,,,100039,100,,
2019-06-28 09:43:00.000000000,99897,267,99519,310,99904,310,99518,310,99931,100,98967,100,99942,16,98881,100,99965,200,98717,100,99984,100,,,100006,100,,,100028,100,,,100033,100,,,100039,100,,
2019-06-28 09:43:10.000000000,99897,200,99519,243,99904,239,99518,239,99931,239,98967,239,99942,16,98881,100,99965,200,98717,100,99984,100,,,100006,100,,,100028,100,,,100033,100,,,100039,100,,
2019-06-28 09:43:10.771470712,99897,200,99519,243,99904,239,99518,239,99931,239,98967,239,99942,16,98881,100,99965,200,98717,100,99984,100,,,100028,100,,,100033,100,,,100039,100,,,100051,100,,
2019-06-28 09:43:19.707421449,99897,200,99675,100,99904,239,99519,243,99931,239,99518,239,99942,16,98967,239,99965,200,98881,100,99984,100,98717,100,100028,100,,,100033,100,,,100039,100,,,100051,100,,
2019-06-28 09:43:20.000000000,99897,141,99675,184,99904,184,99519,184,99931,184,99518,184,99942,100,98967,184,99965,284,98881,184,99984,100,98717,100,100028,100,,,100033,100,,,100039,100,,,100051,100,,
2019-06-28 09:43:23.014333731,99897,141,99675,184,99904,184,99519,184,99931,184,99518,184,99942,100,98967,184,99965,284,98881,184,99984,100,98717,100,100028,100,,,100033,100,,,100051,100,,,100063,100,,
2019-06-28 09:43:30.000000000,99897,477,99675,520,99904,100,99519,100,99931,100,99518,100,99942,16,98967,100,99965,200,98881,100,99984,100,98717,100,100028,100,,,100033,100,,,100051,100,,,100063,100,,
2019-06-28 09:43:31.953492303,99787,100,99675,520,99897,477,99519,100,99904,100,99518,100,99931,100,98967,100,99942,16,98881,100,99965,200,98717,100,99984,100,,,100028,100,,,100033,100,,,100051,100,,
2019-06-28 09:43:40.000000000,99787,205,99675,205,99897,162,99519,205,99904,205,99518,205,99931,205,98967,205,99942,16,98881,100,99965,200,98717,100,99984,100,,,100028,100,,,100033,100,,,100051,100,,
2019-06-28 09:43:50.000000000,99787,310,99675,310,99897,267,99519,310,99904,100,99518,100,99931,100,98967,100,99942,16,98881,100,99965,200,98717,100,99984,100,,,100028,100,,,100033,100,,,100051,100,,
2019-06-28 09:43:56.043095078,99787,310,99675,310,99890,100,99519,310,99897,267,99518,100,99904,100,98967,100,99931,100,98881,100,99942,16,98717,100,99965,200,,,99984,100,,,100028,100,,,100033,100,,
2019-06-28 09:44:00.000000000,99787,310,99675,310,99890,310,99519,310,99897,57,99518,100,99904,100,98967,100,99931,100,98881,100,99942,16,98717,100,99965,200,,,99984,100,,,100028,100,,,100033,100,,
2019-06-28 09:44:05.263615791,99732,100,99675,310,99787,310,99519,310,99890,310,99518,100,99904,100,98967,100,99931,100,98881,100,99942,16,98717,100,99965,200,,,99984,100,,,100028,100,,,100033,100,,
2019-06-28 09:44:06.338645484,99732,100,99675,310,99787,210,99519,310,99890,310,99518,100,99904,100,99401,100,99931,100,98967,100,99942,16,98881,100,99965,200,98717,100,99984,100,,,100028,100,,,100033,100,,
2019-06-28 09:44:10.000000000,99732,520,99675,520,99890,100,99519,100,99904,100,99518,100,99931,100,99401,100,99942,16,98967,100,99965,200,98881,100,99984,100,98717,100,100028,100,,,100033,100,,,100051,100,,
2019-06-28 09:44:20.000000000,99732,310,99675,310,99890,310,99519,310,99904,100,99518,100,99931,100,99401,100,99942,16,98967,100,99965,200,98881,100,99984,100,98717,100,100028,100,,,100033,100,,,100051,100,,
2019-06-28 09:44:23.515232548,99732,310,99675,210,99890,310,99519,310,99904,100,99518,100,99931,100,99401,100,99942,16,98967,100,99965,200,98717,100,99984,100,,,100028,100,,,100033,100,,,100051,100,,
2019-06-28 09:44:30.000000000,99732,184,99519,184,99890,184,99518,184,99904,184,99401,184,99931,184,98967,184,99942,100,98717,184,99965,200,,,99984,100,,,100028,100,,,100033,100,,,100051,100,,
2019-06-28 09:44:40.000000000,99732,520,99519,520,99890,100,99518,100,99904,100,99401,100,99931,100,98967,100,99942,16,98717,100,99965,200,,,99984,100,,,100028,100,,,100033,100,,,100051,100,,
2019-06-28 09:44:50.000000000,99732,205,99519,205,99890,205,99518,205,99904,205,99401,205,99931,205,98967,205,99942,16,98717,100,99965,200,,,99984,100,,,100028,100,,,100033,100,,,100051,100,,
2019-06-28 09:44:55.731999294,99732,205,99519,205,99890,205,99518,205,99904,205,99401,205,99931,205,99252,100,99942,16,98967,205,99965,200,98717,100,99984,100,,,100028,100,,,100033,100,,,100051,100,,
2019-06-28 09:44:56.021166224,99732,205,99519,105,99890,205,99518,205,99904,205,99401,205,99931,205,99252,100,99942,16,98967,205,99965,200,98717,100,99984,100,,,100028,100,,,100033,100,,,100051,100,,
2019-06-28 09:45:00.000000000,99732,184,99518,184,99890,184,99401,184,99904,184,99252,184,99931,184,98967,184,99942,100,98717,184,99965,200,,,99984,100,,,100028,100,,,100033,100,,,100051,100,,
2019-06-28 09:45:10.000000000,99732,520,99518,520,99890,100,99401,100,99904,100,99252,100,99931,100,98967,100,99942,16,98717,100,99965,200,,,99984,100,,,100028,100,,,100033,100,,,100051,100,,
2019-06-28 09:45:20.000000000,99732,205,99518,205,99890,205,99401,205,99904,205,99252,205,99931,205,98967,205,99942,16,98717,100,99965,200,,,99984,100,,,100028,100,,,100033,100,,,100051,100,,
2019-06-28 09:45:30.000000000,99732,520,99518,520,99890,100,99401,100,99904,100,99252,100,99931,100,98967,100,99942,16,98717,100,99965,200,,,99984,100,,,100028,100,,,100033,100,,,100051,100,,
2019-06-28 09:45:31.771075636,99732,520,99518,520,99890,100,99260,100,99904,100,99252,100,99931,100,98967,100,99942,16,98717,100,99965,200,,,99984,100,,,100028,100,,,100033,100,,,100051,100,,
2019-06-28 09:45:40.000000000,99732,184,99518,184,99890,184,99260,184,99904,184,99252,184,99931,184,98967,184,99942,100,98717,184,99965,200,,,99984,100,,,100028,100,,,100033,100,,,100051,100,,
2019-06-28 09:45:50.000000000,99732,243,99518,243,99890,239,99260,239,99904,239,99252,239,99931,100,98967,100,99942,16,98717,100,99965,200,,,99984,100,,,100028,100,,,100033,100,,,100051,100,,
2019-06-28 09:45:57.775997520,99732,243,99518,143,99890,239,99260,239,99904,239,99252,239,99931,100,98967,100,99942,16,98717,100,99965,200,,,99984,100,,,100028,100,,,100033,100,,,100051,100,,
2019-06-28 09:46:00.000000000,99732,184,99260,184,99890,184,99252,184,99904,184,98967,184,99931,184,98717,184,99942,100,98716,84,99965,200,,,99984,100,,,100028,100,,,100033,100,,,100051,100,,
2019-06-28 09:46:06.873028842,99572,100,99260,184,99732,184,99252,184,99890,184,98967,184,99904,184,98717,184,99931,184,98716,84,99942,100,,,99965,200,,,99984,100,,,100028,100,,,100033,100,,
2019-06-28 09:46:10.000000000,99572,310,99260,310,99732,310,99252,310,99890,100,98967,100,99904,100,98717,100,99931,100,,,99942,16,,,99965,200,,,99984,100,,,100028,100,,,100033,100,,
2019-06-28 09:46:20.000000000,99572,243,99260,243,99732,239,99252,239,99890,239,98967,239,99904,100,98717,100,99931,100,,,99942,16,,,99965,200,,,99984,100,,,100028,100,,,100033,100,,
2019-06-28 09:46:30.000000000,99572,520,99260,520,99732,100,99252,100,99890,100,98967,100,99904,100,98717,100,99931,100,,,99942,16,,,99965,200,,,99984,100,,,100028,100,,,100033,100,,
2019-06-28 09:46:31.373824941,99572,520,99260,520,99732,100,99252,100,99890,100,99198,100,99904,100,98967,100,99931,100,98717,100,99942,16,,,99965,200,,,99984,100,,,100028,100,,,100033,100,,
2019-06-28 09:46:40.000000000,99572,310,99260,310,99732,310,99252,310,99890,100,99198,100,99904,100,98967,100,99931,100,98717,100,99942,16,,,99965,200,,,99984,100,,,100028,100,,,100033,100,,
2019-06-28 09:46:40.476597137,99572,310,99260,310,99732,310,99252,310,99890,100,99231,100,99904,100,99198,100,99931,100,98967,100,99942,16,98717,100,99965,200,,,99984,100,,,100028,100,,,100033,100,,
2019-06-28 09:46:50.000000000,99572,184,99260,184,99732,184,99252,184,99890,184,99231,184,99904,184,99198,184,99931,184,98967,184,99942,16,98717,100,99965,200,,,99984,100,,,100028,100,,,100033,100,,
2019-06-28 09:47:00.000000000,99572,205,99260,205,99732,205,99252,205,99890,205,99231,205,99904,205,99198,205,99931,100,98967,100,99942,16,98717,100,99965,200,,,99984,100,,,100028,100,,,100033,100,,
2019-06-28 09:47:10.000000000,99572,184,99260,184,99732,184,99252,184,99890,184,99231,184,99904,184,99198,184,99931,184,98967,184,99942,16,98717,100,99965,200,,,99984,100,,,100028,100,,,100033,100,,
2019-06-28 09:47:11.532395378,99519,100,99260,184,99572,184,99252,184,99732,184,99231,184,99890,184,99198,184,99904,184,98967,184,99931,184,98717,100,99942,16,,,99965,200,,,99984,100,,,100028,100,,
2019-06-28 09:47:16.076812975,99519,100,99260,184,99572,184,99252,184,99732,184,99231,184,99890,184,99198,184,99904,184,98967,184,99931,184,98717,100,99942,16,98365,100,99965,200,,,99984,100,,,100028,100,,
2019-06-28 09:47:20.000000000,99519,205,99260,205,99572,205,99252,205,99732,205,99231,205,99890,205,99198,205,99904,100,98967,100,99931,100,98717,100,99942,16,98365,100,99965,200,,,99984,100,,,100028,100,,
2019-06-28 09:47:23.072577325,99519,205,99260,105,99572,205,99252,205,99732,205,99231,205,99890,205,99198,205,99904,100,98967,100,99931,100,98717,100,99942,16,98365,100,99965,200,,,99984,100,,,100028,100,,
2019-06-28 09:47:25.481899061,99519,205,99260,5,99572,205,99252,205,99732,205,99231,205,99890,205,99198,205,99904,100,98967,100,99931,100,98717,100,99942,16,98365,100,99965,200,,,99984,100,,,100028,100,,
2019-06-28 09:47:25.876302059,99260,95,99252,205,99519,205,99231,205,99572,205,99198,205,99732,205,98967,100,99890,205,98717,100,99904,100,98365,100,99931,100,,,99942,16,,,99965,200,,,99984,100,,
2019-06-28 09:47:29.329218960,99260,95,99252,205,99519,205,99231,205,99572,205,99198,205,99732,205,98967,100,99890,205,98717,100,99904,100,98365,100,99931,100,98321,100,99942,16,,,99965,200,,,99984,100,,
2019-06-28 09:47:29.699280643,99260,95,99252,105,99519,205,99231,205,99572,205,99198,205,99732,205,98967,100,99890,205,98717,100,99904,100,98365,100,99931,100,98321,100,99942,16,,,99965,200,,,99984,100,,
2019-06-28 09:47:30.000000000,99260,200,99231,205,99519,205,99198,205,99572,205,98967,205,99732,205,98717,205,99890,100,98365,100,99904,100,98321,100,99931,100,,,99942,16,,,99965,200,,,99984,100,,
2019-06-28 09:47:31.163408504,99260,200,99231,205,99519,205,99198,205,99572,205,98967,205,99732,205,98717,205,99890,100,98365,100,99904,100,98321,100,99931,100,98296,100,99942,16,,,99965,200,,,99984,100,,
2019-06-28 09:47:40.000000000,99260,515,99231,520,99519,100,99198,100,99572,100,98967,100,99732,100,98717,100,99890,100,98365,100,99904,100,98321,100,99931,100,98296,100,99942,16,,,99965,200,,,99984,100,,
2019-06-28 09:47:46.934336389,99260,515,99231,420,99519,100,99198,100,99572,100,98967,100,99732,100,98717,100,99890,100,98365,100,99904,100,98321,100,99931,100,98296,100,99942,16,,,99965,200,,,99984,100,,
2019-06-28 09:47:49.188135705,99260,515,99231,420,99519,100,99198,100,99572,100,98967,100,99732,100,98717,100,99890,100,98365,100,99904,100,98321,100,99931,100,98296,100,99942,16,98138,100,99965,200,,,100028,100,,
2019-06-28 09:47:50.000000000,99260,238,99198,243,99519,239,98967,239,99572,239,98717,239,99732,100,98365,100,99890,100,98321,100,99904,100,98296,100,99931,100,98138,100,99942,16,,,99965,200,,,100028,100,,
2019-06-28 09:48:00.000000000,99260,515,99198,520,99519,100,98967,100,99572,100,98717,100,99732,100,98365,100,99890,100,98321,100,99904,100,98296,100,99931,100,98138,100,99942,16,,,99965,200,,,100028,100,,
2019-06-28 09:48:10.000000000,99260,238,99198,243,99519,239,98967,239,99572,239,98717,239,99732,100,98365,100,99890,100,98321,100,99904,100,98296,100,99931,100,98138,100,99942,16,,,99965,200,,,100028,100,,
2019-06-28 09:48:11.259579288,99252,100,99198,243,99260,238,98967,239,99519,239,98717,239,99572,239,98365,100,99732,100,98321,100,99890,100,98296,100,99904,100,98138,100,99931,100,,,99942,16,,,99965,200,,
2019-06-28 09:48:19.930855536,99252,100,99198,243,99260,238,98967,239,99519,239,98717,139,99572,239,98440,100,99732,100,98365,100,99890,100,98321,100,99904,100,98296,100,99931,100,98138,100,99942,16,,,99965,200,,
2019-06-28 09:48:20.000000000,99252,243,99198,243,99260,234,98967,239,99519,239,98440,239,99572,100,98365,100,99732,100,98321,100,99890,100,98296,100,99904,100,98138,100,99931,100,,,99942,16,,,99965,200,,
2019-06-28 09:48:30.000000000,99252,205,99198,205,99260,200,98967,205,99519,205,98440,205,99572,205,98365,205,99732,100,98321,100,99890,100,98296,100,99904,100,98138,100,99931,100,,,99942,16,,,99965,200,,
2019-06-28 09:48:36.794689419,99252,305,99198,205,99260,200,98967,205,99519,205,98440,205,99572,205,98365,205,99732,100,98321,100,99890,100,98296,100,99904,100,98138,100,99931,100,,,99942,16,,,99965,200,,
2019-06-28 09:48:40.000000000,99252,620,99198,520,99260,95,98967,100,99519,100,98440,100,99572,100,98365,100,99732,100,98321,100,99890,100,98296,100,99904,100,98138,100,99931,100,,,99942,16,,,99965,200,,
2019-06-28 09:48:50.000000000,99252,410,99198,310,99260,305,98967,310,99519,100,98440,100,99572,100,98365,100,99732,100,98321,100,99890,100,98296,100,99904,100,98138,100,99931,100,,,99942,16,,,99965,200,,
2019-06-28 09:48:52.165171472,99252,410,99198,210,99260,305,98967,310,99519,100,98440,100,99572,100,98365,100,99732,100,98296,100,99890,100,98138,100,99904,100,,,99931,100,,,99942,16,,,99965,200,,
2019-06-28 09:48:54.556863733,99252,410,99198,210,99260,305,98967,310,99519,100,98440,100,99572,100,98365,100,99732,100,98298,100,99890,100,98296,100,99904,100,98138,100,99931,100,,,99942,16,,,99965,200,,
2019-06-28 09:49:00.000000000,99252,410,98967,310,99260,305,98440,310,99519,100,98365,100,99572,100,98298,100,99732,100,98296,100,99890,100,98138,100,99904,100,,,99931,100,,,99942,16,,,99965,200,,
2019-06-28 09:49:10.000000000,99252,410,98967,310,99260,305,98440,310,99519,100,98365,100,99572,100,98298,100,99732,100,98296,100,99890,100,98138,100,99904,100,,,99931,100,,,99942,16,,,99965,200,,
2019-06-28 09:49:20.000000000,99252,343,98967,243,99260,234,98440,239,99519,239,98365,239,99572,100,98298,100,99732,100,98296,100,99890,100,98138,100,99904,100,,,99931,100,,,99942,16,,,99965,200,,
2019-06-28 09:49:30.000000000,99252,620,98967,520,99260,95,98440,100,99519,100,98365,100,99572,100,98298,100,99732,100,98296,100,99890,100,98138,100,99904,100,,,99931,100,,,99942,16,,,99965,200,,
2019-06-28 09:49:35.905808498,99252,620,98967,420,99260,95,98440,100,99519,100,98365,100,99572,100,98298,100,99732,100,98296,100,99890,100,98138,100,99904,100,,,99931,100,,,99942,16,,,99965,200,,
2019-06-28 09:49:40.000000000,99252,620,98440,520,99260,95,98365,100,99519,100,98298,100,99572,100,98296,100,99732,100,98138,100,99890,100,,,99904,100,,,99931,100,,,99942,16,,,99965,200,,
2019-06-28 09:49:50.000000000,99252,305,98440,205,99260,200,98365,205,99519,205,98298,205,99572,205,98296,205,99732,100,98138,100,99890,100,,,99904,100,,,99931,100,,,99942,16,,,99965,200,,
2019-06-28 09:49:54.243618994,98969,100,98440,205,99252,305,98365,205,99260,200,98298,205,99519,205,98296,205,99572,205,98138,100,99732,100,,,99890,100,,,99904,100,,,99931,100,,,99942,16,,
2019-06-28 09:49:55.246721062,98969,100,98440,205,99198,100,98365,205,99252,305,98298,205,99260,200,98296,205,99519,205,98138,100,99572,205,,,99732,100,,,99890,100,,,99904,100,,,99931,100,,
2019-06-28 09:50:00.000000000,98969,205,98440,205,99198,205,98365,205,99252,305,98298,205,99260,200,98296,205,99519,100,98138,100,99572,100,,,99732,100,,,99890,100,,,99904,100,,,99931,100,,
2019-06-28 09:50:05.960278852,98969,205,98440,205,99198,305,98365,205,99252,205,98298,205,99260,200,98296,205,99519,100,98138,100,99572,100,,,99732,100,,,99890,100,,,99904,100,,,99931,100,,
2019-06-28 09:50:10.000000000,98969,184,98440,184,99198,284,98365,184,99252,184,98298,184,99260,179,98296,184,99519,184,98138,184,99572,100,,,99732,100,,,99890,100,,,99904,100,,,99931,100,,
2019-06-28 09:50:18.056885696,98969,184,98440,184,99198,384,98365,184,99252,184,98298,184,99260,179,98296,184,99519,184,98138,184,99572,100,,,99732,100,,,99890,100,,,99904,100,,,99931,100,,
2019-06-28 09:50:20.000000000,98969,205,98440,205,99198,405,98365,205,99252,205,98298,205,99260,200,98296,205,99519,100,98138,100,99572,100,,,99732,100,,,99890,100,,,99904,100,,,99931,100,,
2019-06-28 09:50:30.000000000,98969,310,98440,310,99198,510,98365,310,99252,100,98298,100,99260,95,98296,100,99519,100,98138,100,99572,100,,,99732,100,,,99890,100,,,99904,100,,,99931,100,,
2019-06-28 09:50:40.000000000,98969,243,98440,243,99198,439,98365,239,99252,239,98298,239,99260,95,98296,100,99519,100,98138,100,99572,100,,,99732,100,,,99890,100,,,99904,100,,,99931,100,,
2019-06-28 09:50:50.000000000,98969,184,98440,184,99198,384,98365,184,99252,184,98298,184,99260,179,98296,184,99519,184,98138,184,99572,100,,,99732,100,,,99890,100,,,99904,100,,,99931,100,,
2019-06-28 09:50:51.387881310,98969,184,98440,184,99198,384,98365,184,99252,184,98298,184,99260,179,98296,184,99519,184,98279,100,99572,100,98138,184,99732,100,,,99890,100,,,99904,100,,,99931,100,,
2019-06-28 09:51:00.000000000,98969,310,98440,310,99198,510,98365,310,99252,100,98298,100,99260,95,98296,100,99519,100,98279,100,99572,100,98138,100,99732,100,,,99890,100,,,99904,100,,,99931,100,,
2019-06-28 09:51:10.000000000,98969,243,98440,243,99198,439,98365,239,99252,239,98298,239,99260,95,98296,100,99519,100,98279,100,99572,100,98138,100,99732,100,,,99890,100,,,99904,100,,,99931,100,,
2019-06-28 09:51:20.000000000,98969,310,98440,310,99198,510,98365,310,99252,100,98298,100,99260,95,98296,100,99519,100,98279,100,99572,100,98138,100,99732,100,,,99890,100,,,99904,100,,,99931,100,,
2019-06-28 09:51:24.195328919,98525,100,98440,310,98969,310,98365,310,99198,510,98298,100,99252,100,98296,100,99260,95,98279,100,99519,100,98138,100,99572,100,,,99732,100,,,99890,100,,,99904,100,,
2019-06-28 09:51:25.928111448,98525,100,98440,210,98969,310,98365,310,99198,510,98296,100,99252,100,98279,100,99260,95,98138,100,99519,100,,,99572,100,,,99732,100,,,99890,100,,,99904,100,,
2019-06-28 09:51:30.000000000,98525,520,98365,520,98969,100,98296,100,99198,300,98279,100,99252,100,98138,100,99260,95,,,99519,100,,,99572,100,,,99732,100,,,99890,100,,,99904,100,,
2019-06-28 09:51:40.000000000,98525,310,98365,310,98969,310,98296,310,99198,300,98279,100,99252,100,98138,100,99260,95,,,99519,100,,,99572,100,,,99732,100,,,99890,100,,,99904,100,,
2019-06-28 09:51:43.184507701,98525,310,98365,310,98967,100,98296,310,98969,310,98279,100,99198,300,98138,100,99252,100,,,99260,95,,,99519,100,,,99572,100,,,99732,100,,,99890,100,,
2019-06-28 09:51:50.000000000,98525,310,98365,310,98967,310,98296,310,98969,100,98279,100,99198,300,98138,100,99252,100,,,99260,95,,,99519,100,,,99572,100,,,99732,100,,,99890,100,,
2019-06-28 09:52:00.000000000,98525,184,98365,184,98967,184,98296,184,98969,184,98279,184,99198,384,98138,184,99252,184,98137,84,99260,95,,,99519,100,,,99572,100,,,99732,100,,,99890,100,,
2019-06-28 09:52:10.000000000,98525,243,98365,243,98967,239,98296,239,98969,239,98279,239,99198,300,98138,100,99252,100,,,99260,95,,,99519,100,,,99572,100,,,99732,100,,,99890,100,,
2019-06-28 09:52:20.000000000,98525,243,98365,243,98967,239,98296,239,98969,239,98279,239,99198,300,98138,100,99252,100,,,99260,95,,,99519,100,,,99572,100,,,99732,100,,,99890,100,,
2019-06-28 09:52:30.000000000,98525,243,98365,243,98967,239,98296,239,98969,239,98279,239,99198,300,98138,100,99252,100,,,99260,95,,,99519,100,,,99572,100,,,99732,100,,,99890,100,,
2019-06-28 09:52:40.000000000,98525,520,98365,520,98967,100,98296,100,98969,100,98279,100,99198,300,98138,100,99252,100,,,99260,95,,,99519,100,,,99572,100,,,99732,100,,,99890,100,,
2019-06-28 09:52:44.037038877,98525,520,98432,100,98967,100,98365,520,98969,100,98296,100,99198,300,98279,100,99252,100,98138,100,99260,95,,,99519,100,,,99572,100,,,99732,100,,,99890,100,,
2019-06-28 09:52:50.000000000,98525,310,98432,310,98967,310,98365,310,98969,100,98296,100,99198,300,98279,100,99252,100,98138,100,99260,95,,,99519,100,,,99572,100,,,99732,100,,,99890,100,,
2019-06-28 09:52:50.970185829,98525,310,98441,100,98967,310,98432,310,98969,100,98365,310,99198,300,98296,100,99252,100,98279,100,99260,95,98138,100,99572,100,,,99732,100,,,99890,100,,,99904,100,,
2019-06-28 09:53:00.000000000,98525,205,98441,205,98967,205,98432,205,98969,205,98365,205,99198,405,98296,205,99252,100,98279,100,99260,95,98138,100,99572,100,,,99732,100,,,99890,100,,,99904,100,,
2019-06-28 09:53:01.933172274,98525,205,98441,205,98725,100,98432,205,98967,205,98365,205,98969,205,98296,205,99198,405,98279,100,99252,100,98138,100,99260,95,,,99572,100,,,99732,100,,,99890,100,,
2019-06-28 09:53:10.000000000,98525,520,98441,520,98725,100,98432,100,98967,100,98365,100,98969,100,98296,100,99198,300,98279,100,99252,100,98138,100,99260,95,,,99572,100,,,99732,100,,,99890,100,,
2019-06-28 09:53:20.000000000,98525,310,98441,310,98725,310,98432,310,98967,100,98365,100,98969,100,98296,100,99198,300,98279,100,99252,100,98138,100,99260,95,,,99572,100,,,99732,100,,,99890,100,,
2019-06-28 09:53:30.000000000,98525,520,98441,520,98725,100,98432,100,98967,100,98365,100,98969,100,98296,100,99198,300,98279,100,99252,100,98138,100,99260,95,,,99572,100,,,99732,100,,,99890,100,,
2019-06-28 09:53:40.000000000,98525,520,98441,520,98725,100,98432,100,98967,100,98365,100,98969,100,98296,100,99198,300,98279,100,99252,100,98138,100,99260,95,,,99572,100,,,99732,100,,,99890,100,,
2019-06-28 09:53:46.164805588,98525,420,98441,520,98725,100,98432,100,98967,100,98365,100,98969,100,98296,100,99198,300,98279,100,99252,100,98138,100,99260,95,,,99572,100,,,99732,100,,,99890,100,,
2019-06-28 09:53:50.000000000,98725,310,98441,310,98967,310,98432,310,98969,100,98365,100,99198,300,98296,100,99252,100,98279,100,99260,95,98138,100,99572,100,,,99732,100,,,99890,100,,,99904,100,,
2019-06-28 09:54:00.000000000,98725,243,98441,243,98967,239,98432,239,98969,239,98365,239,99198,300,98296,100,99252,100,98279,100,99260,95,98138,100,99572,100,,,99732,100,,,99890,100,,,99904,100,,
2019-06-28 09:54:10.000000000,98725,205,98441,205,98967,205,98432,205,98969,205,98365,205,99198,405,98296,205,99252,100,98279,100,99260,95,98138,100,99572,100,,,99732,100,,,99890,100,,,99904,100,,
2019-06-28 09:54:20.000000000,98725,184,98441,184,98967,184,98432,184,98969,184,98365,184,99198,384,98296,184,99252,184,98279,184,99260,95,98138,100,99572,100,,,99732,100,,,99890,100,,,99904,100,,
2019-06-28 09:54:30.000000000,98725,184,98441,184,98967,184,98432,184,98969,184,98365,184,99198,384,98296,184,99252,184,98279,184,99260,95,98138,100,99572,100,,,99732,100,,,99890,100,,,99904,100,,
2019-06-28 09:54:36.946725662,98725,184,98441,184,98967,184,98432,184,98969,184,98365,184,98983,100,98296,184,99198,384,98279,184,99252,184,98138,100,99260,95,,,99572,100,,,99732,100,,,99890,100,,
2019-06-28 09:54:40.000000000,98725,184,98441,184,98967,184,98432,184,98969,184,98365,184,98983,184,98296,184,99198,384,98279,184,99252,100,98138,100,99260,95,,,99572,100,,,99732,100,,,99890,100,,
2019-06-28 09:54:50.000000000,98725,310,98441,310,98967,310,98432,310,98969,100,98365,100,98983,100,98296,100,99198,300,98279,100,99252,100,98138,100,99260,95,,,99572,100,,,99732,100,,,99890,100,,
2019-06-28 09:54:54.401137609,98725,310,98441,310,98967,310,98432,310,98969,100,98365,100,98983,100,98296,100,99198,300,98279,100,99252,100,98138,100,99260,95,,,99317,100,,,99572,100,,,99732,100,,
2019-06-28 09:54:59.277824965,98725,310,98441,310,98967,310,98432,310,98969,100,98365,100,98983,100,98296,100,99198,300,98279,100,99252,100,98138,100,99260,95,,,99307,100,,,99317,100,,,99572,100,,
2019-06-28 09:55:00.000000000,98725,520,98441,520,98967,100,98432,100,98969,100,98365,100,98983,100,98296,100,99198,300,98279,100,99252,100,98138,100,99260,95,,,99307,100,,,99317,100,,,99572,100,,
2019-06-28 09:55:10.000000000,98725,243,98441,243,98967,239,98432,239,98969,239,98365,239,98983,100,98296,100,99198,300,98279,100,99252,100,98138,100,99260,95,,,99307,100,,,99317,100,,,99572,100,,
2019-06-28 09:55:12.544226712,98725,243,98442,100,98967,239,98441,243,98969,239,98432,239,98983,100,98365,239,99198,300,98296,100,99252,100,98279,100,99260,95,98138,100,99307,100,,,99317,100,,,99572,100,,
2019-06-28 09:55:20.000000000,98725,184,98442,184,98967,184,98441,184,98969,184,98432,184,98983,184,98365,184,99198,384,98296,184,99252,100,98279,100,99260,95,98138,100,99307,100,,,99317,100,,,99572,100,,
2019-06-28 09:55:21.126102134,98725,184,98442,284,98967,184,98441,184,98969,184,98432,184,98983,184,98365,184,99198,384,98296,184,99252,100,98279,100,99260,95,98138,100,99307,100,,,99317,100,,,99572,100,,
2019-06-28 09:55:24.964898890,98725,184,98442,284,98967,184,98441,184,98969,184,98432,184,98983,184,98365,184,99198,384,98296,184,99252,100,98279,100,99260,95,98138,100,99307,100,,,99317,100,,,99379,100,,
2019-06-28 09:55:30.000000000,98725,310,98442,410,98967,310,98441,310,98969,100,98432,100,98983,100,98365,100,99198,300,98296,100,99252,100,98279,100,99260,95,98138,100,99307,100,,,99317,100,,,99379,100,,
2019-06-28 09:55:37.827024476,98725,310,98442,510,98967,310,98441,310,98969,100,98432,100,98983,100,98365,100,99198,300,98296,100,99260,95,98279,100,99307,100,98138,100,99317,100,,,99379,100,,,99572,100,,
2019-06-28 09:55:40.000000000,98725,184,98442,384,98967,184,98441,184,98969,184,98432,184,98983,184,98365,184,99198,384,98296,184,99260,95,98279,100,99307,100,98138,100,99317,100,,,99379,100,,,99572,100,,
2019-06-28 09:55:50.000000000,98725,310,98442,510,98967,310,98441,310,98969,100,98432,100,98983,100,98365,100,99198,300,98296,100,99260,95,98279,100,99307,100,98138,100,99317,100,,,99379,100,,,99572,100,,
2019-06-28 09:55:57.540432072,98725,210,98442,510,98967,310,98441,310,98969,100,98432,100,98983,100,98365,100,99198,300,98296,100,99260,95,98279,100,99307,100,98138,100,99317,100,,,99379,100,,,99572,100,,
2019-06-28 09:56:00.000000000,98967,184,98442,384,98969,184,98441,184,98983,184,98432,184,99198,384,98365,184,99260,179,98296,184,99307,100,98279,100,99317,100,98138,100,99379,100,,,99572,100,,,99732,100,,
2019-06-28 09:56:01.589961750,98967,184,98525,100,98969,184,98442,284,98983,184,98441,184,99198,384,98432,184,99260,179,98365,184,99307,100,98296,184,99317,100,98279,100,99379,100,98138,100,99572,100,,,99732,100,,
2019-06-28 09:56:03.871226972,98967,84,98525,100,98969,184,98442,284,98983,184,98441,184,99198,384,98432,184,99260,179,98365,184,99307,100,98296,184,99317,100,98279,100,99379,100,98138,100,99572,100,,,99890,100,,
2019-06-28 09:56:05.997563788,98967,84,98725,100,98969,184,98525,100,98983,184,98442,284,99198,384,98441,184,99260,179,98432,184,99307,100,98365,184,99317,100,98296,184,99379,100,98279,100,99572,100,98138,100,99890,100,,
2019-06-28 09:56:10.000000000,98969,520,98725,520,98983,100,98525,100,99198,300,98442,200,99260,95,98441,100,99307,100,98432,100,99317,100,98365,100,99379,100,98296,100,99572,100,98279,100,99890,100,98138,100,99904,100,,
2019-06-28 09:56:20.000000000,98969,205,98725,205,98983,205,98525,205,99198,405,98442,305,99260,200,98441,205,99307,100,98432,100,99317,100,98365,100,99379,100,98296,100,99572,100,98279,100,99890,100,98138,100,99904,100,,
2019-06-28 09:56:30.000000000,98969,310,98725,310,98983,310,98525,310,99198,300,98442,200,99260,95,98441,100,99307,100,98432,100,99317,100,98365,100,99379,100,98296,100,99572,100,98279,100,99890,100,98138,100,99904,100,,
2019-06-28 09:56:40.000000000,98969,520,98725,520,98983,100,98525,100,99198,300,98442,200,99260,95,98441,100,99307,100,98432,100,99317,100,98365,100,99379,100,98296,100,99572,100,98279,100,99890,100,98138,100,99904,100,,
2019-06-28 09:56:42.249109960,98969,420,98725,520,98983,100,98525,100,99198,300,98442,200,99260,95,98441,100,99307,100,98432,100,99317,100,98365,100,99379,100,98296,100,99572,100,98279,100,99890,100,98138,100,99904,100,,
2019-06-28 09:56:47.789146966,98969,420,98725,520,98983,100,98525,100,99198,300,98442,200,99260,95,98432,100,99307,100,98365,100,99317,100,98296,100,99379,100,98279,100,99572,100,98138,100,99890,100,,,99904,100,,
2019-06-28 09:56:49.995711078,98969,420,98725,520,98983,100,98525,100,99198,300,98442,200,99260,95,98432,100,99307,100,98365,100,99317,100,98296,100,99379,100,98279,100,99572,100,98138,100,99621,100,,,99890,100,,
2019-06-28 09:56:50.000000000,98983,205,98725,205,99198,405,98525,205,99260,200,98442,305,99307,205,98432,205,99317,100,98365,100,99379,100,98296,100,99572,100,98279,100,99621,100,98138,100,99890,100,,,99904,100,,
2019-06-28 09:57:00.000000000,98983,310,98725,310,99198,510,98525,310,99260,95,98442,200,99307,100,98432,100,99317,100,98365,100,99379,100,98296,100,99572,100,98279,100,99621,100,98138,100,99890,100,,,99904,100,,
2019-06-28 09:57:10.000000000,98983,310,98725,310,99198,510,98525,310,99260,95,98442,200,99307,100,98432,100,99317,100,98365,100,99379,100,98296,100,99572,100,98279,100,99621,100,98138,100,99890,100,,,99904,100,,
2019-06-28 09:57:20.000000000,98983,520,98725,520,99198,300,98525,100,99260,95,98442,200,99307,100,98432,100,99317,100,98365,100,99379,100,98296,100,99572,100,98279,100,99621,100,98138,100,99890,100,,,99904,100,,
2019-06-28 09:57:30.000000000,98983,520,98725,520,99198,300,98525,100,99260,95,98442,200,99307,100,98432,100,99317,100,98365,100,99379,100,98296,100,99572,100,98279,100,99621,100,98138,100,99890,100,,,99904,100,,
2019-06-28 09:57:40.000000000,98983,310,98725,310,99198,510,98525,310,99260,95,98442,200,99307,100,98432,100,99317,100,98365,100,99379,100,98296,100,99572,100,98279,100,99621,100,98138,100,99890,100,,,99904,100,,
2019-06-28 09:57:44.083199148,98983,210,98725,310,99198,510,98525,310,99260,95,98442,200,99307,100,98432,100,99317,100,98365,100,99379,100,98296,100,99572,100,98279,100,99621,100,98138,100,99890,100,,,99904,100,,
2019-06-28 09:57:50.000000000,99198,720,98725,520,99260,95,98525,100,99307,100,98442,200,99317,100,98432,100,99379,100,98365,100,99572,100,98296,100,99621,100,98279,100,99890,100,98138,100,99904,100,,,99931,100,,
2019-06-28 09:57:52.748102070,99198,720,98725,520,99260,95,98525,100,99307,100,98442,200,99317,100,98432,100,99379,100,98365,100,99572,100,98296,100,99621,100,98279,100,99890,100,98138,100,99904,100,,,99931,100,,
2019-06-28 09:57:53.011334482,99198,720,98969,100,99307,100,98725,520,99317,100,98525,100,99379,100,98442,200,99572,100,98432,100,99621,100,98365,100,99890,100,98296,100,99904,100,98279,100,99931,100,98138,100,99942,16,,
2019-06-28 09:58:00.000000000,99198,720,98969,520,99307,100,98725,100,99317,100,98525,100,99379,100,98442,200,99572,100,98432,100,99621,100,98365,100,99890,100,98296,100,99904,100,98279,100,99931,100,98138,100,99942,16,,
2019-06-28 09:58:04.890605430,99198,720,98969,620,99307,100,98725,100,99317,100,98525,100,99379,100,98442,200,99572,100,98432,100,99621,100,98365,100,99904,100,98296,100,99931,100,98279,100,99942,16,98138,100,99965,100,,
2019-06-28 09:58:10.000000000,99198,720,98969,620,99307,100,98725,100,99317,100,98525,100,99379,100,98442,200,99572,100,98432,100,99621,100,98365,100,99904,100,98296,100,99931,100,98279,100,99942,16,98138,100,99965,100,,
2019-06-28 09:58:20.000000000,99198,720,98969,620,99307,100,98725,100,99317,100,98525,100,99379,100,98442,200,99572,100,98432,100,99621,100,98365,100,99904,100,98296,100,99931,100,98279,100,99942,16,98138,100,99965,100,,
2019-06-28 09:58:30.000000000,99198,384,98969,284,99307,184,98725,184,99317,184,98525,184,99379,184,98442,284,99572,184,98432,184,99621,100,98365,100,99904,100,98296,100,99931,100,98279,100,99942,16,98138,100,99965,100,,
2019-06-28 09:58:36.921642463,99198,284,98969,284,99307,184,98725,184,99317,184,98525,184,99379,184,98442,284,99572,184,98432,184,99621,100,98365,100,99904,100,98296,100,99931,100,98279,100,99965,100,98138,100,100002,100,,
2019-06-28 09:58:40.000000000,99198,305,98969,305,99307,205,98725,205,99317,205,98525,205,99379,205,98442,305,99572,100,98432,100,99621,100,98365,100,99904,100,98296,100,99931,100,98279,100,99965,100,98138,100,100002,100,,
2019-06-28 09:58:50.000000000,99198,410,98969,410,99307,310,98725,310,99317,100,98525,100,99379,100,98442,200,99572,100,98432,100,99621,100,98365,100,99904,100,98296,100,99931,100,98279,100,99965,100,98138,100,100002,100,,
2019-06-28 09:59:00.000000000,99198,410,98969,410,99307,310,98725,310,99317,100,98525,100,99379,100,98442,200,99572,100,98432,100,99621,100,98365,100,99904,100,98296,100,99931,100,98279,100,99965,100,98138,100,100002,100,,
2019-06-28 09:59:00.346529803,99198,310,98969,410,99307,310,98725,310,99317,100,98525,100,99379,100,98442,200,99572,100,98432,100,99621,100,98365,100,99904,100,98296,100,99931,100,98279,100,99965,100,98138,100,100002,100,,
2019-06-28 09:59:10.000000000,99198,243,98969,343,99307,239,98725,239,99317,239,98525,239,99379,100,98442,200,99572,100,98432,100,99621,100,98365,100,99904,100,98296,100,99931,100,98279,100,99965,100,98138,100,100002,100,,
2019-06-28 09:59:12.654884112,99198,143,98969,343,99307,239,98725,239,99317,239,98525,239,99379,100,98442,200,99572,100,98432,100,99621,100,98365,100,99904,100,98296,100,99931,100,98279,100,99965,100,98138,100,100002,100,,
2019-06-28 09:59:13.883874996,99198,43,98969,343,99307,239,98725,239,99317,239,98525,239,99379,100,98442,200,99572,100,98432,100,99621,100,98365,100,99904,100,98296,100,99931,100,98279,100,99965,100,98138,100,100002,100,,
2019-06-28 09:59:18.799867478,99307,239,99198,57,99317,239,98969,343,99379,100,98725,239,99572,100,98525,239,99621,100,98442,200,99904,100,98432,100,99931,100,98365,100,99965,100,98296,100,100002,100,98279,100,100028,100,98138,100
2019-06-28 09:59:20.000000000,99307,243,99198,200,99317,239,98969,339,99379,239,98725,239,99572,100,98525,100,99621,100,98442,200,99904,100,98432,100,99931,100,98365,100,99965,100,98296,100,100002,100,98279,100,100028,100,98138,100
2019-06-28 09:59:30.000000000,99307,520,99198,477,99317,100,98969,200,99379,100,98725,100,99572,100,98525,100,99621,100,98442,200,99904,100,98432,100,99931,100,98365,100,99965,100,98296,100,100002,100,98279,100,100028,100,98138,100
2019-06-28 09:59:40.000000000,99307,310,99198,267,99317,310,98969,410,99379,100,98725,100,99572,100,98525,100,99621,100,98442,200,99904,100,98432,100,99931,100,98365,100,99965,100,98296,100,100002,100,98279,100,100028,100,98138,100
2019-06-28 09:59:50.000000000,99307,184,99198,141,99317,184,98969,284,99379,184,98725,184,99572,184,98525,184,99621,184,98442,284,99904,100,98432,100,99931,100,98365,100,99965,100,98296,100,100002,100,98279,100,100028,100,98138,100
2019-06-28 09:59:52.313944529,99307,184,99198,141,99317,184,98969,284,99379,184,98725,184,99572,184,98525,184,99621,184,98442,284,99904,100,98432,100,99931,100,98365,100,99965,100,98296,100,100002,100,98279,100,100028,100,98138,100
2019-06-28 09:59:52.986855245,99307,84,99198,141,99317,184,98969,284,99379,184,98725,184,99572,184,98525,184,99621,184,98442,284,99904,100,98432,100,99931,100,98296,100,99965,100,98279,100,100002,100,98138,100,100028,100,,
2019-06-28 10:00:00.000000000,99317,310,99198,267,99379,310,98969,410,99572,100,98725,100,99621,100,98525,100,99904,100,98442,200,99931,100,98432,100,99965,100,98296,100,100002,100,98279,100,100028,100,98138,100,100033,100,,
2019-06-28 10:00:05.619933475,99317,310,99198,267,99379,310,98969,410,99572,100,98725,100,99621,100,98525,100,99904,100,98442,200,99931,100,98432,100,99965,100,98296,100,100002,100,98279,100,100028,100,98138,100,100033,100,,
2019-06-28 10:00:07.157854074,99317,310,99199,100,99379,310,99198,267,99572,100,98969,410,99621,100,98725,100,99904,100,98442,200,99931,100,98432,100,99965,100,98296,100,100002,100,98279,100,100028,100,98138,100,100033,100,,
2019-06-28 10:00:10.000000000,99317,205,99199,205,99379,205,99198,162,99572,205,98969,305,99621,205,98725,205,99904,100,98442,200,99931,100,98432,100,99965,100,98296,100,100002,100,98279,100,100028,100,98138,100,100033,100,,
2019-06-28 10:00:20.000000000,99317,243,99199,243,99379,239,99198,196,99572,239,98969,339,99621,100,98725,100,99904,100,98442,200,99931,100,98432,100,99965,100,98296,100,100002,100,98279,100,100028,100,98138,100,100033,100,,
2019-06-28 10:00:20.639007108,99317,243,99199,243,99379,239,99198,196,99572,239,98969,339,99621,100,98725,100,99904,100,98442,200,99931,100,98432,100,99965,100,98296,100,100002,100,98279,100,100028,100,98138,100,100033,100,,
2019-06-28 10:00:30.000000000,99317,520,99199,520,99379,100,99198,57,99572,100,98969,200,99621,100,98725,100,99904,100,98442,200,99931,100,98432,100,99965,100,98296,100,100002,100,98279,100,100028,100,98138,100,100033,100,,
2019-06-28 10:00:40.000000000,99317,520,99199,520,99379,100,99198,57,99572,100,98969,200,99621,100,98725,100,99904,100,98442,200,99931,100,98432,100,99965,100,98296,100,100002,100,98279,100,100028,100,98138,100,100033,100,,
2019-06-28 10:00:47.829705886,99317,520,99199,520,99379,100,99198,57,99572,100,98969,200,99621,100,98725,100,99904,100,98442,200,99931,100,98432,100,99965,100,98296,100,100002,100,98279,100,100028,100,,,100033,100,,
2019-06-28 10:00:50.000000000,99317,184,99199,184,99379,184,99198,141,99572,184,98969,284,99621,184,98725,184,99904,184,98442,284,99931,100,98432,100,99965,100,98296,100,100002,100,98279,100,100028,100,,,100033,100,,
2019-06-28 10:01:00.000000000,99317,520,99199,520,99379,100,99198,57,99572,100,98969,200,99621,100,98725,100,99904,100,98442,200,99931,100,98432,100,99965,100,98296,100,100002,100,98279,100,100028,100,,,100033,100,,
2019-06-28 10:01:01.309569080,99317,520,99199,520,99379,100,99198,57,99572,100,98969,200,99621,100,98725,100,99904,100,98442,200,99931,100,98432,100,99965,100,98296,100,100002,100,98279,100,100028,100,,,100033,100,,
2019-06-28 10:01:03.899968593,99317,420,99199,520,99379,100,99198,57,99572,100,98969,200,99621,100,98725,100,99904,100,98442,200,99931,100,98432,100,99965,100,98296,100,100028,100,98279,100,100033,100,,,100082,100,,
2019-06-28 10:01:09.685103997,99317,320,99199,520,99379,100,99198,57,99572,100,98969,200,99621,100,98725,100,99904,100,98442,200,99931,100,98432,100,99965,100,98296,100,100028,100,98279,100,100033,100,,,100082,100,,
2019-06-28 10:01:10.000000000,99379,184,99199,184,99572,184,99198,141,99621,184,98969,284,99904,184,98725,184,99931,184,98442,284,99965,100,98432,100,100028,100,98296,100,100033,100,98279,100,100082,100,,,100085,100,,
2019-06-28 10:01:18.857826014,99379,184,99317,100,99572,184,99199,184,99621,184,99198,141,99904,184,98969,284,99931,184,98725,184,99965,100,98442,284,100028,100,98432,100,100033,100,98296,100,100082,100,98279,100,100085,100,,
2019-06-28 10:01:20.000000000,99379,205,99317,205,99572,205,99199,205,99621,205,99198,162,99904,205,98969,305,99931,100,98725,100,99965,100,98442,200,100028,100,98432,100,100033,100,98296,100,100082,100,98279,100,100085,100,,
2019-06-28 10:01:20.898638349,99379,205,99317,205,99572,205,99199,205,99621,205,99198,162,99904,205,98969,305,99931,100,98725,100,99965,100,98442,200,100028,100,98432,100,100033,100,98296,100,100082,100,98279,100,100085,100,,
2019-06-28 10:01:29.782516618,99379,205,99317,305,99572,205,99199,205,99621,205,99198,162,99904,205,98969,305,99931,100,98725,100,99965,100,98442,200,100028,100,98432,100,100033,100,98296,100,100082,100,98279,100,100085,100,,
2019-06-28 10:01:30.000000000,99379,243,99317,343,99572,239,99199,239,99621,239,99198,196,99904,100,98969,200,99931,100,98725,100,99965,100,98442,200,100028,100,98432,100,100033,100,98296,100,100082,100,98279,100,100085,100,,
2019-06-28 10:01:33.418065434,99379,243,99317,443,99572,239,99199,239,99621,239,99198,196,99904,100,98969,200,99931,100,98725,100,99965,100,98442,100,100028,100,98432,100,100033,100,98296,100,100082,100,98279,100,100085,100,,
2019-06-28 10:01:40.000000000,99379,520,99317,720,99572,100,99199,100,99621,100,99198,57,99904,100,98969,200,99931,100,98725,100,99965,100,98442,100,100028,100,98432,100,100033,100,98296,100,100082,100,98279,100,100085,100,,
2019-06-28 10:01:50.000000000,99379,310,99317,510,99572,310,99199,310,99621,100,99198,57,99904,100,98969,200,99931,100,98725,100,99965,100,98442,100,100028,100,98432,100,100033,100,98296,100,100082,100,98279,100,100085,100,,
2019-06-28 10:02:00.000000000,99379,184,99317,384,99572,184,99199,184,99621,184,99198,141,99904,184,98969,284,99931,184,98725,184,99965,100,98442,100,100028,100,98432,100,100033,100,98296,100,100082,100,98279,100,100085,100,,
2019-06-28 10:02:04.319027750,99379,184,99317,384,99572,184,99199,184,99621,184,99198,141,99904,184,98969,284,99931,184,98725,184,99965,100,98442,100,100028,100,98432,100,100033,100,98296,100,100082,100,98279,100,100085,100,,
2019-06-28 10:02:10.000000000,99379,310,99317,510,99572,310,99199,310,99621,100,99198,57,99904,100,98969,200,99931,100,98725,100,99965,100,98442,100,100028,100,98432,100,100033,100,98296,100,100082,100,98279,100,100085,100,,
2019-06-28 10:02:12.635433467,99379,310,99317,510,99572,310,99199,310,99621,100,99198,57,99904,100,98969,200,99931,100,98725,100,99965,100,98442,100,100028,100,98432,100,100033,100,98296,100,100082,100,98279,100,100085,100,,
2019-06-28 10:02:20.000000000,99379,243,99317,443,99572,239,99199,239,99621,239,99198,196,99904,100,98969,200,99931,100,98725,100,99965,100,98442,100,100028,100,98432,100,100033,100,98296,100,100082,100,98279,100,100085,100,,
2019-06-28 10:02:20.570818873,99379,143,99317,443,99572,239,99199,239,99621,239,99198,196,99904,100,98969,200,99931,100,98725,100,99965,100,98442,100,100028,100,98432,100,100033,100,98296,100,100082,100,98279,100,100085,100,,
2019-06-28 10:02:22.324690380,99379,143,99317,443,99572,239,99199,239,99621,239,99198,196,99904,100,98969,200,99931,100,98725,100,99965,100,98442,100,100028,100,98432,100,100033,100,98296,100,100082,100,98279,100,100085,100,,
2019-06-28 10:02:28.898188933,99379,143,99317,343,99572,239,99199,239,99621,239,99198,196,99904,100,98969,200,99931,100,98725,100,99965,100,98442,100,100028,100,98432,100,100033,100,98296,100,100082,100,98279,100,100085,100,,
2019-06-28 10:02:30.000000000,99572,184,99317,284,99621,184,99199,184,99904,184,99198,141,99931,184,98969,284,99965,184,98725,184,100028,100,98442,100,100033,100,98432,100,100082,100,98296,100,100085,100,98279,100,100088,100,,
2019-06-28 10:02:30.142610875,99572,84,99317,284,99621,184,99199,184,99904,184,99198,141,99931,184,98969,284,99965,184,98725,184,100028,100,98442,100,100033,100,98432,100,100082,100,98296,100,100085,100,98279,100,100088,100,,
2019-06-28 10:02:31.187670918,99572,84,99317,284,99621,184,99199,184,99904,184,99198,141,99931,184,98969,284,99965,184,98725,184,100028,100,98442,100,100033,100,98432,100,100082,100,98296,100,100085,100,98279,100,100088,100,,
2019-06-28 10:02:40.000000000,99621,310,99317,410,99904,310,99199,310,99931,100,99198,57,99965,100,98969,200,100028,100,98725,100,100033,100,98442,100,100082,100,98432,100,100085,100,98296,100,100088,100,98279,100,100130,100,,
2019-06-28 10:02:40.369866667,99621,310,99317,410,99904,310,99199,310,99931,100,99198,57,99965,100,98969,200,100028,100,98725,100,100033,100,98442,100,100085,100,98432,100,100088,100,98296,100,100130,100,98279,100,100567,100,,
2019-06-28 10:02:50.000000000,99621,310,99317,410,99904,310,99199,310,99931,100,99198,57,99965,100,98969,200,100028,100,98725,100,100033,100,98442,100,100085,100,98432,100,100088,100,98296,100,100130,100,98279,100,100567,100,,
2019-06-28 10:02:51.382964505,99621,210,99317,410,99904,310,99199,310,99931,100,99198,57,99965,100,98969,200,100028,100,98725,100,100033,100,98442,100,100085,100,98432,100,100088,100,98296,100,100130,100,98279,100,100567,100,,
2019-06-28 10:03:00.000000000,99904,184,99317,284,99931,184,99199,184,99965,184,99198,141,100028,184,98969,284,100033,184,98725,184,100085,100,98442,100,100088,100,98432,100,100130,100,98296,100,100567,100,98279,100,100788,100,,
2019-06-28 10:03:10.000000000,99904,184,99317,284,99931,184,99199,184,99965,184,99198,141,100028,184,98969,284,100033,184,98725,184,100085,100,98442,100,100088,100,98432,100,100130,100,98296,100,100567,100,98279,100,100788,100,,
2019-06-28 10:03:20.000000000,99904,205,99317,305,99931,205,99199,205,99965,205,99198,162,100028,205,98969,305,100033,100,98725,100,100085,100,98442,100,100088,100,98432,100,100130,100,98296,100,100567,100,98279,100,100788,100,,
2019-06-28 10:03:25.786542269,99904,205,99317,305,99931,205,99199,205,99965,205,99198,162,100028,205,98969,305,100033,100,98725,100,100085,100,98442,100,100088,100,98432,100,100567,100,98296,100,100788,100,98279,100,100811,100,,
2019-06-28 10:03:30.000000000,99904,520,99317,620,99931,100,99199,100,99965,100,99198,57,100028,100,98969,200,100033,100,98725,100,100085,100,98442,100,100088,100,98432,100,100567,100,98296,100,100788,100,98279,100,100811,100,,
2019-06-28 10:03:40.000000000,99904,205,99317,305,99931,205,99199,205,99965,205,99198,162,100028,205,98969,305,100033,100,98725,100,100085,100,98442,100,100088,100,98432,100,100567,100,98296,100,100788,100,98279,100,100811,100,,
2019-06-28 10:03:50.000000000,99904,205,99317,305,99931,205,99199,205,99965,205,99198,162,100028,205,98969,305,100033,100,98725,100,100085,100,98442,100,100088,100,98432,100,100567,100,98296,100,100788,100,98279,100,100811,100,,
2019-06-28 10:03:51.127878095,99904,205,99317,305,99931,205,99199,205,99965,205,99198,162,100028,205,98969,305,100033,100,98725,100,100085,100,98442,100,100088,100,98432,100,100567,100,98296,100,100788,100,98279,100,100811,100,,
2019-06-28 10:03:51.395075218,99904,205,99572,100,99931,205,99317,305,99965,205,99199,205,100028,205,99198,162,100033,100,98969,205,100085,100,98725,100,100088,100,98442,100,100567,100,98432,100,100788,100,98296,100,100811,100,98279,100
2019-06-28 10:03:51.978883521,99904,205,99572,100,99931,205,99317,305,99965,205,99199,205,100028,205,99198,162,100033,100,98969,205,100085,100,98725,100,100088,100,98442,100,100567,100,98432,100,100788,100,98296,100,100811,100,98279,100
2019-06-28 10:04:00.000000000,99904,243,99572,243,99931,239,99317,339,99965,239,99199,239,100028,100,99198,57,100033,100,98969,100,100085,100,98725,100,100088,100,98442,100,100567,100,98432,100,100788,100,98296,100,100811,100,98279,100
2019-06-28 10:04:10.000000000,99904,184,99572,184,99931,184,99317,284,99965,184,99199,184,100028,184,99198,141,100033,184,98969,184,100085,100,98725,100,100088,100,98442,100,100567,100,98432,100,100788,100,98296,100,100811,100,98279,100
2019-06-28 10:04:10.112656003,99904,84,99572,184,99931,184,99317,284,99965,184,99199,184,100028,184,99198,141,100033,184,98969,184,100085,100,98725,100,100088,100,98442,100,100567,100,98432,100,100788,100,98296,100,100811,100,98279,100
2019-06-28 10:04:20.000000000,99931,520,99572,520,99965,100,99317,200,100028,100,99199,100,100033,100,99198,57,100085,100,98969,100,100088,100,98725,100,100567,100,98442,100,100788,100,98432,100,100811,100,98296,100,101058,100,98279,100
2019-06-28 10:04:27.003188352,99931,520,99572,520,99965,100,99317,200,100028,100,99199,100,100033,100,99198,57,100085,100,98969,100,100088,100,98725,100,100567,100,98442,100,100729,100,98432,100,100788,100,98296,100,100811,100,98279,100
2019-06-28 10:04:28.435731998,99931,420,99572,520,99965,100,99317,200,100028,100,99199,100,100033,100,99198,57,100085,100,98969,100,100088,100,98725,100,100567,100,98442,100,100729,100,98432,100,100788,100,98296,100,100811,100,98279,100
2019-06-28 10:04:30.000000000,99965,205,99572,205,100028,205,99317,305,100033,205,99199,205,100085,205,99198,162,100088,100,98969,100,100567,100,98725,100,100729,100,98442,100,100788,100,98432,100,100811,100,98296,100,101058,100,98279,100
2019-06-28 10:04:40.000000000,99965,243,99572,243,100028,239,99317,339,100033,239,99199,239,100085,100,99198,57,100088,100,98969,100,100567,100,98725,100,100729,100,98442,100,100788,100,98432,100,100811,100,98296,100,101058,100,98279,100
2019-06-28 10:04:41.893359943,99965,143,99572,243,100028,239,99317,339,100033,239,99199,239,100085,100,99198,57,100088,100,98969,100,100567,100,98725,100,100729,100,98442,100,100788,100,98432,100,100811,100,98296,100,101058,100,98279,100
2019-06-28 10:04:50.000000000,100028,520,99572,520,100033,100,99317,200,100085,100,99199,100,100088,100,99198,57,100567,100,98969,100,100729,100,98725,100,100788,100,98442,100,100811,100,98432,100,101058,100,98296,100,101143,100,98279,100
2019-06-28 10:04:59.017833469,100028,520,99572,520,100033,100,99317,200,100085,100,99199,100,100088,100,99198,57,100567,100,98969,100,100729,100,98725,100,100788,100,98442,100,100811,100,98432,100,100963,100,98296,100,101143,100,98279,100
2019-06-28 10:05:00.000000000,100028,184,99572,184,100033,184,99317,284,100085,184,99199,184,100088,184,99198,141,100567,184,98969,184,100729,100,98725,100,100788,100,98442,100,100811,100,98432,100,100963,100,98296,100,101143,100,98279,100
2019-06-28 10:05:10.000000000,100028,520,99572,520,100033,100,99317,200,100085,100,99199,100,100088,100,99198,57,100567,100,98969,100,100729,100,98725,100,100788,100,98442,100,100811,100,98432,100,100963,100,98296,100,101143,100,98279,100
2019-06-28 10:05:10.958277103,100028,420,99572,520,100033,100,99317,200,100088,100,99199,100,100567,100,99198,57,100729,100,98969,100,100788,100,98725,100,100811,100,98442,100,100963,100,98432,100,101143,100,98296,100,101145,100,98279,100
2019-06-28 10:05:20.000000000,100033,243,99572,243,100088,239,99317,339,100567,239,99199,239,100729,100,99198,57,100788,100,98969,100,100811,100,98725,100,100963,100,98442,100,101143,100,98432,100,101145,100,98296,100,101219,100,98279,100
2019-06-28 10:05:30.000000000,100033,184,99572,184,100088,184,99317,284,100567,184,99199,184,100729,184,99198,141,100788,184,98969,184,100811,100,98725,100,100963,100,98442,100,101143,100,98432,100,101145,100,98296,100,101219,100,98279,100
2019-06-28 10:05:33.546033423,100033,84,99572,184,100088,184,99317,284,100567,184,99199,184,100729,184,99198,141,100788,184,98969,184,100811,100,98725,100,101143,100,98442,100,101145,100,98432,100,101219,100,98296,100,101229,100,98279,100
2019-06-28 10:05:40.000000000,100088,205,99572,205,100567,205,99317,305,100729,205,99199,205,100788,205,99198,162,100811,100,98969,100,101143,100,98725,100,101145,100,98442,100,101219,100,98432,100,101229,100,98296,100,101519,100,98279,100
2019-06-28 10:05:50.000000000,100088,520,99572,520,100567,100,99317,200,100729,100,99199,100,100788,100,99198,57,100811,100,98969,100,101143,100,98725,100,101145,100,98442,100,101219,100,98432,100,101229,100,98296,100,101519,100,98279,100
2019-06-28 10:06:00.000000000,100088,310,99572,310,100567,310,99317,410,100729,100,99199,100,100788,100,99198,57,100811,100,98969,100,101143,100,98725,100,101145,100,98442,100,101219,100,98432,100,101229,100,98296,100,101519,100,98279,100
2019-06-28 10:06:10.000000000,100088,184,99572,184,100567,184,99317,284,100729,184,99199,184,100788,184,99198,141,100811,184,98969,184,101143,100,98725,100,101145,100,98442,100,101219,100,98432,100,101229,100,98296,100,101519,100,98279,100
2019-06-28 10:06:20.000000000,100088,184,99572,184,100567,184,99317,284,100729,184,99199,184,100788,184,99198,141,100811,184,98969,184,101143,100,98725,100,101145,100,98442,100,101219,100,98432,100,101229,100,98296,100,101519,100,98279,100
2019-06-28 10:06:30.000000000,100088,310,99572,310,100567,310,99317,410,100729,100,99199,100,100788,100,99198,57,100811,100,98969,100,101143,100,98725,100,101145,100,98442,100,101219,100,98432,100,101229,100,98296,100,101519,100,98279,100
2019-06-28 10:06:40.000000000,100088,520,99572,520,100567,100,99317,200,100729,100,99199,100,100788,100,99198,57,100811,100,98969,100,101143,100,98725,100,101145,100,98442,100,101219,100,98432,100,101229,100,98296,100,101519,100,98279,100
2019-06-28 10:06:50.000000000,100088,184,99572,184,100567,184,99317,284,100729,184,99199,184,100788,184,99198,141,100811,184,98969,184,101143,100,98725,100,101145,100,98442,100,101219,100,98432,100,101229,100,98296,100,101519,100,98279,100
2019-06-28 10:06:51.079885411,100088,184,99572,184,100536,100,99317,284,100567,184,99199,184,100729,184,99198,141,100788,184,98969,184,100811,84,98725,100,101143,100,98442,100,101145,100,98432,100,101219,100,98296,100,101229,100,98279,100
2019-06-28 10:06:51.436355243,100088,184,99572,184,100301,100,99317,284,100536,100,99199,184,100567,184,99198,141,100729,184,98969,184,100788,184,98725,100,100811,84,98442,100,101143,100,98432,100,101145,100,98296,100,101219,100,98279,100
2019-06-28 10:07:00.000000000,100088,205,99572,205,100301,205,99317,305,100536,205,99199,205,100567,205,99198,162,100729,100,98969,100,100788,100,98725,100,101143,100,98442,100,101145,100,98432,100,101219,100,98296,100,101229,100,98279,100
2019-06-28 10:07:02.895721109,100088,205,99572,205,100301,205,99317,305,100337,100,99199,205,100536,205,99198,162,100567,205,98969,100,100729,100,98725,100,100788,100,98442,100,101143,100,98432,100,101145,100,98296,100,101219,100,98279,100
2019-06-28 10:07:10.000000000,100088,205,99572,205,100301,205,99317,305,100337,205,99199,205,100536,205,99198,162,100567,100,98969,100,100729,100,98725,100,100788,100,98442,100,101143,100,98432,100,101145,100,98296,100,101219,100,98279,100
2019-06-28 10:07:20.000000000,100088,205,99572,205,100301,205,99317,305,100337,205,99199,205,100536,205,99198,162,100567,100,98969,100,100729,100,98725,100,100788,100,98442,100,101143,100,98432,100,101145,100,98296,100,101219,100,98279,100
2019-06-28 10:07:30.000000000,100088,310,99572,310,100301,310,99317,410,100337,100,99199,100,100536,100,99198,57,100567,100,98969,100,100729,100,98725,100,100788,100,98442,100,101143,100,98432,100,101145,100,98296,100,101219,100,98279,100
2019-06-28 10:07:36.862516847,100088,210,99572,310,100301,310,99317,410,100337,100,99199,100,100536,100,99198,57,100567,100,98969,100,100729,100,98725,100,100788,100,98442,100,101143,100,98432,100,101219,100,98296,100,101229,100,98279,100
2019-06-28 10:07:40.000000000,100301,205,99572,205,100337,205,99317,305,100536,205,99199,205,100567,205,99198,162,100729,100,98969,100,100788,100,98725,100,101143,100,98442,100,101219,100,98432,100,101229,100,98296,100,101519,100,98279,100
2019-06-28 10:07:50.000000000,100301,520,99572,520,100337,100,99317,200,100536,100,99199,100,100567,100,99198,57,100729,100,98969,100,100788,100,98725,100,101143,100,98442,100,101219,100,98432,100,101229,100,98296,100,101519,100,98279,100
2019-06-28 10:07:55.018759027,100301,520,99958,100,100337,100,99572,520,100536,100,99317,200,100567,100,99199,100,100729,100,99198,57,100788,100,98969,100,101143,100,98725,100,101219,100,98442,100,101229,100,98432,100,101519,100,98296,100
2019-06-28 10:07:56.129992751,100301,520,99988,100,100337,100,99958,100,100536,100,99572,520,100567,100,99317,200,100788,100,99199,100,101143,100,99198,57,101219,100,98969,100,101229,100,98725,100,101519,100,98442,100,101696,100,98432,100
2019-06-28 10:08:00.000000000,100301,184,99988,184,100337,184,99958,184,100536,184,99572,184,100567,184,99317,284,100788,184,99199,184,101143,100,99198,57,101219,100,98969,100,101229,100,98725,100,101519,100,98442,100,101696,100,98432,100
2019-06-28 10:08:03.300733893,100043,100,99988,184,100301,184,99958,184,100337,184,99572,184,100536,184,99317,284,100567,184,99199,184,100788,184,99198,57,101143,100,98969,100,101219,100,98725,100,101229,100,98442,100,101519,100,98432,100
2019-06-28 10:08:10.000000000,100043,205,99988,205,100301,205,99958,205,100337,205,99572,205,100536,205,99317,305,100567,100,99199,100,100788,100,99198,57,101143,100,98969,100,101219,100,98725,100,101229,100,98442,100,101519,100,98432,100
2019-06-28 10:08:20.000000000,100043,520,99988,520,100301,100,99958,100,100337,100,99572,100,100536,100,99317,200,100567,100,99199,100,100788,100,99198,57,101143,100,98969,100,101219,100,98725,100,101229,100,98442,100,101519,100,98432,100
2019-06-28 10:08:25.278296804,100043,520,99988,520,100157,100,99958,100,100301,100,99572,100,100536,100,99317,200,100567,100,99199,100,100788,100,99198,57,101143,100,98969,100,101219,100,98725,100,101229,100,98442,100,101519,100,98432,100
2019-06-28 10:08:30.000000000,100043,243,99988,243,100157,239,99958,239,100301,239,99572,239,100536,100,99317,200,100567,100,99199,100,100788,100,99198,57,101143,100,98969,100,101219,100,98725,100,101229,100,98442,100,101519,100,98432,100
2019-06-28 10:08:39.904537653,100043,243,99988,243,100047,100,99958,239,100157,239,99572,239,100301,239,99317,200,100536,100,99199,100,100567,100,99198,57,100788,100,98969,100,101143,100,98725,100,101219,100,98442,100,101229,100,98432,100
2019-06-28 10:08:40.000000000,100043,520,99988,520,100047,100,99958,100,100157,100,99572,100,100301,100,99317,200,100536,100,99199,100,100567,100,99198,57,100788,100,98969,100,101143,100,98725,100,101219,100,98442,100,101229,100,98432,100
2019-06-28 10:08:43.715211368,100043,520,100033,100,100047,100,99988,520,100157,100,99958,100,100301,100,99572,100,100536,100,99317,100,100567,100,99199,100,100788,100,99198,57,101143,100,98969,100,101219,100,98725,100,101229,100,98442,100
2019-06-28 10:08:43.919039806,100043,520,100033,100,100047,100,99988,520,100157,100,99969,100,100301,100,99958,100,100536,100,99572,100,100567,100,99317,100,100788,100,99199,100,101143,100,99198,57,101219,100,98969,100,101229,100,98725,100
2019-06-28 10:08:47.791616654,100043,520,99988,520,100047,100,99969,100,100157,100,99958,100,100301,100,99572,100,100536,100,99199,100,100567,100,99198,57,100788,100,98969,100,101143,100,98725,100,101219,100,98442,100,101229,100,98432,100
2019-06-28 10:08:50.000000000,100043,184,99988,184,100047,184,99969,184,100157,184,99958,184,100301,184,99572,184,100536,184,99199,184,100567,100,99198,57,100788,100,98969,100,101143,100,98725,100,101219,100,98442,100,101229,100,98432,100
2019-06-28 10:09:00.000000000,100043,310,99988,310,100047,310,99969,310,100157,100,99958,100,100301,100,99572,100,100536,100,99199,100,100567,100,99198,57,100788,100,98969,100,101143,100,98725,100,101219,100,98442,100,101229,100,98432,100
2019-06-28 10:09:07.244824081,100005,100,99988,310,100043,310,99969,310,100047,310,99958,100,100157,100,99572,100,100536,100,99199,100,100567,100,99198,57,100788,100,98969,100,101143,100,98725,100,101219,100,98442,100,101229,100,98432,100
2019-06-28 10:09:10.000000000,100005,520,99988,520,100043,100,99969,100,100047,100,99958,100,100157,100,99572,100,100536,100,99199,100,100567,100,99198,57,100788,100,98969,100,101143,100,98725,100,101219,100,98442,100,101229,100,98432,100
2019-06-28 10:09:20.000000000,100005,205,99988,205,100043,205,99969,205,100047,205,99958,205,100157,205,99572,205,100536,100,99199,100,100567,100,99198,57,100788,100,98969,100,101143,100,98725,100,101219,100,98442,100,101229,100,98432,100
2019-06-28 10:09:21.453848356,100005,105,99988,205,100043,205,99969,205,100047,205,99958,205,100157,205,99572,205,100536,100,99199,100,100567,100,99198,57,100788,100,98969,100,101143,100,98725,100,101219,100,98442,100,101229,100,98432,100
2019-06-28 10:09:30.000000000,100043,205,99988,205,100047,205,99969,205,100157,205,99958,205,100536,205,99572,205,100567,100,99199,100,100788,100,99198,57,101143,100,98969,100,101219,100,98725,100,101229,100,98442,100,101519,100,98432,100
2019-06-28 10:09:40.000000000,100043,310,99988,310,100047,310,99969,310,100157,100,99958,100,100536,100,99572,100,100567,100,99199,100,100788,100,99198,57,101143,100,98969,100,101219,100,98725,100,101229,100,98442,100,101519,100,98432,100
2019-06-28 10:09:43.676138226,100043,310,99988,210,100047,310,99969,310,100157,100,99958,100,100536,100,99572,100,100567,100,99199,100,100788,100,99198,57,101143,100,98969,100,101219,100,98725,100,101229,100,98442,100,101519,100,98432,100
2019-06-28 10:09:44.958126545,100004,100,99988,210,100043,310,99969,310,100047,310,99958,100,100157,100,99572,100,100536,100,99199,100,100567,100,99198,57,100788,100,98969,100,101143,100,98725,100,101219,100,98442,100,101229,100,98432,100
2019-06-28 10:09:50.000000000,100004,205,99969,205,100043,205,99958,205,100047,205,99572,205,100157,205,99199,205,100536,100,99198,57,100567,100,98969,100,100788,100,98725,100,101143,100,98442,100,101219,100,98432,100,101229,100,98296,100
2019-06-28 10:10:00.000000000,100004,184,99969,184,100043,184,99958,184,100047,184,99572,184,100157,184,99199,184,100536,184,99198,141,100567,100,98969,100,100788,100,98725,100,101143,100,98442,100,101219,100,98432,100,101229,100,98296,100
2019-06-28 10:10:06.879387894,100004,284,99969,184,100043,184,99958,184,100047,184,99572,184,100157,184,99199,184,100536,184,99198,141,100567,100,98969,100,100788,100,98725,100,101143,100,98442,100,101219,100,98432,100,101229,100,98296,100
2019-06-28 10:10:10.000000000,100004,284,99969,184,100043,184,99958,184,100047,184,99572,184,100157,184,99199,184,100536,184,99198,141,100567,100,98969,100,100788,100,98725,100,101143,100,98442,100,101219,100,98432,100,101229,100,98296,100
2019-06-28 10:10:15.176230833,100004,184,99969,184,100043,184,99958,184,100047,184,99572,184,100157,184,99199,184,100536,184,99198,141,100567,100,98969,100,100788,100,98725,100,101143,100,98442,100,101219,100,98432,100,101229,100,98296,100
2019-06-28 10:10:18.553165070,100004,184,99969,184,100043,184,99958,184,100047,184,99572,184,100157,184,99199,184,100536,184,99198,141,100567,100,99189,100,100788,100,98969,100,101143,100,98725,100,101219,100,98442,100,101229,100,98432,100
2019-06-28 10:10:20.000000000,100004,310,99969,310,100043,310,99958,310,100047,100,99572,100,100157,100,99199,100,100536,100,99198,57,100567,100,99189,100,100788,100,98969,100,101143,100,98725,100,101219,100,98442,100,101229,100,98432,100
2019-06-28 10:10:30.000000000,100004,184,99969,184,100043,184,99958,184,100047,184,99572,184,100157,184,99199,184,100536,184,99198,141,100567,100,99189,100,100788,100,98969,100,101143,100,98725,100,101219,100,98442,100,101229,100,98432,100
2019-06-28 10:10:40.000000000,100004,205,99969,205,100043,205,99958,205,100047,205,99572,205,100157,205,99199,205,100536,100,99198,57,100567,100,99189,100,100788,100,98969,100,101143,100,98725,100,101219,100,98442,100,101229,100,98432,100
2019-06-28 10:10:50.000000000,100004,243,99969,243,100043,239,99958,239,100047,239,99572,239,100157,100,99199,100,100536,100,99198,57,100567,100,99189,100,100788,100,98969,100,101143,100,98725,100,101219,100,98442,100,101229,100,98432,100
