,ask_price_1,ask_size_1,bid_price_1,bid_size_1,ask_price_2,ask_size_2,bid_price_2,bid_size_2,ask_price_3,ask_size_3,bid_price_3,bid_size_3,ask_price_4,ask_size_4,bid_price_4,bid_size_4,ask_price_5,ask_size_5,bid_price_5,bid_size_5,ask_price_6,ask_size_6,bid_price_6,bid_size_6,ask_price_7,ask_size_7,bid_price_7,bid_size_7,ask_price_8,ask_size_8,bid_price_8,bid_size_8,ask_price_9,ask_size_9,bid_price_9,bid_size_9,ask_price_10,ask_size_10,bid_price_10,bid_size_10
2019-06-28 09:30:00.000000000,,,99898,100,,,,,,,,,,,,,,,,,,,,,,,,,,,,,,,,,,,,
2019-06-28 09:30:00.000000002,,,99898,100,,,99786,100,,,,,,,,,,,,,,,,,,,,,,,,,,,,,,,,
2019-06-28 09:30:00.000000004,,,99898,100,,,99807,100,,,99786,100,,,,,,,,,,,,,,,,,,,,,,,,,,,,
2019-06-28 09:30:00.000000005,,,99935,100,,,99898,100,,,99807,100,,,99786,100,,,,,,,,,,,,,,,,,,,,,,,,
2019-06-28 09:30:00.000000007,100098,100,99935,100,,,99898,100,,,99807,100,,,99786,100,,,,,,,,,,,,,,,,,,,,,,,,
2019-06-28 09:30:00.000000008,100098,100,99935,100,,,99929,100,,,99898,100,,,99895,100,,,99807,100,,,99786,100,,,,,,,,,,,,,,,,
2019-06-28 09:30:00.000000009,99962,100,99935,100,100098,100,99929,100,,,99898,100,,,99895,100,,,99807,100,,,99786,100,,,,,,,,,,,,,,,,
2019-06-28 09:30:00.000000010,99962,100,99935,100,100098,100,99929,100,,,99913,100,,,99898,100,,,99895,100,,,99807,100,,,99786,100,,,,,,,,,,,,
2019-06-28 09:30:00.000000016,99962,100,99935,100,100063,100,99929,100,100082,100,99913,100,100098,100,99898,100,,,99895,100,,,99807,100,,,99786,100,,,,,,,,,,,,
2019-06-28 09:30:00.000000017,99962,100,99935,100,100017,100,99929,100,100063,100,99913,100,100082,100,99898,100,100098,100,99895,100,,,99807,100,,,99786,100,,,,,,,,,,,,
2019-06-28 09:30:00.000000018,99962,100,99935,100,100017,100,99929,100,100063,100,99913,100,100082,100,99898,100,100098,100,99895,100,100115,100,99807,100,,,99786,100,,,,,,,,,,,,
2019-06-28 09:30:00.000000019,99962,100,99935,100,100017,100,99929,100,100063,100,99913,100,100082,100,99898,100,100098,100,99895,100,100115,100,99810,100,,,99807,100,,,99786,100,,,,,,,,
2019-06-28 09:30:00.000000020,99962,100,99935,100,100017,100,99929,200,100047,100,99921,100,100063,100,99913,100,100082,100,99898,100,100098,100,99895,100,100115,100,99810,100,,,99807,100,,,99786,100,,,,
2019-06-28 09:30:00.000000021,99962,100,99935,100,100017,100,99929,200,100047,100,99921,100,100063,100,99913,100,100068,100,99898,100,100082,100,99895,100,100098,100,99810,100,100115,100,99807,100,,,99786,100,,,,
2019-06-28 09:30:00.000000022,99962,100,99935,100,99986,100,99929,200,100017,100,99921,100,100047,100,99913,100,100063,100,99898,100,100068,100,99895,100,100082,100,99810,100,100098,100,99807,100,100115,100,99786,100,,,,
2019-06-28 09:30:00.000000023,99962,100,99935,100,99986,100,99929,200,100017,100,99921,100,100047,100,99913,100,100063,100,99898,100,100068,100,99895,100,100082,100,99864,100,100098,100,99810,100,100115,100,99807,100,,,99786,100
2019-06-28 09:30:00.000000024,99962,100,99935,100,99986,100,99929,200,100017,100,99921,100,100047,100,99913,100,100063,100,99898,100,100068,100,99895,100,100082,100,99864,100,100091,100,99810,100,100098,100,99807,100,100115,100,99786,100
2019-06-28 09:30:00.000000026,99962,100,99935,100,99986,100,99929,200,100017,200,99921,100,100047,100,99913,100,100063,100,99901,100,100068,100,99898,100,100082,100,99895,100,100091,100,99864,100,100098,100,99810,100,100115,100,99807,100
2019-06-28 09:30:00.000000027,99986,100,99935,100,100017,200,99929,200,100047,100,99921,100,100063,100,99913,100,100068,100,99901,100,100082,100,99898,100,100091,100,99895,100,100098,100,99864,100,100115,100,99810,100,,,99807,100
2019-06-28 09:30:00.000000029,99986,100,99935,100,100017,200,99929,200,100047,100,99921,100,100063,100,99913,100,100068,100,99901,100,100082,100,99898,100,100091,100,99895,100,100092,100,99864,100,100098,100,99810,100,100115,200,99807,100
2019-06-28 09:30:00.000000030,99986,100,99935,100,100017,200,99929,200,100047,100,99921,100,100063,100,99913,100,100068,100,99901,100,100082,100,99898,100,100091,100,99895,100,100092,100,99871,100,100098,100,99864,100,100115,200,99810,100
2019-06-28 09:30:00.000000032,99986,100,99935,100,100017,200,99929,200,100047,100,99921,100,100059,100,99913,100,100063,100,99901,100,100068,100,99898,100,100082,100,99895,100,100091,100,99871,100,100092,100,99864,100,100098,100,99810,100
2019-06-28 09:30:00.000000035,99986,100,99935,100,100008,100,99929,200,100017,200,99921,100,100047,100,99913,100,100059,100,99901,100,100063,100,99898,100,100068,100,99895,100,100082,100,99871,100,100091,100,99864,100,100092,100,99810,100
2019-06-28 09:30:00.000000036,100008,100,99935,100,100017,200,99929,200,100047,100,99921,100,100059,100,99913,100,100063,100,99901,100,100068,100,99898,100,100082,100,99895,100,100091,100,99871,100,100092,100,99864,100,100098,100,99810,100
2019-06-28 09:30:00.000000037,100008,100,99936,100,100017,200,99935,100,100047,100,99929,200,100059,100,99921,100,100063,100,99913,100,100068,100,99901,100,100082,100,99898,100,100091,100,99895,100,100092,100,99871,100,100098,100,99864,100
2019-06-28 09:30:00.000000038,100008,100,99953,100,100017,200,99936,100,100047,100,99935,100,100059,100,99929,200,100063,100,99921,100,100068,100,99913,100,100082,100,99901,100,100091,100,99898,100,100092,100,99895,100,100098,100,99871,100
2019-06-28 09:30:00.000000040,100008,100,99962,100,100017,200,99953,100,100047,100,99936,100,100059,100,99935,100,100063,100,99929,200,100068,100,99921,100,100082,100,99913,100,100091,100,99901,100,100092,100,99898,100,100098,100,99895,100
2019-06-28 09:30:00.000000043,100008,100,99962,100,100017,200,99953,100,100047,100,99936,100,100059,100,99935,100,100063,100,99929,200,100068,100,99921,100,100082,100,99913,100,100091,100,99901,100,100092,100,99898,100,100095,100,99895,100
2019-06-28 09:30:00.000000044,100008,100,99962,100,100013,100,99953,100,100017,200,99936,100,100047,100,99935,100,100059,100,99929,200,100063,100,99921,100,100068,100,99913,100,100082,100,99901,100,100091,100,99898,100,100092,100,99895,100
2019-06-28 09:30:00.000000046,100008,100,99962,100,100013,100,99961,100,100017,200,99953,100,100047,100,99936,100,100059,100,99935,100,100063,100,99929,200,100068,100,99921,100,100082,100,99913,100,100091,100,99901,100,100092,100,99898,100
2019-06-28 09:30:00.000000049,100008,100,99962,100,100013,100,99961,100,100017,200,99954,100,100047,100,99953,100,100059,100,99936,100,100063,100,99935,100,100068,100,99929,200,100082,100,99921,100,100091,100,99913,100,100092,100,99901,100
2019-06-28 09:30:00.000000050,100008,100,100003,100,100013,100,99962,100,100017,200,99961,100,100047,100,99954,100,100059,100,99953,100,100063,100,99936,100,100068,100,99935,100,100082,100,99929,200,100091,100,99921,100,100092,100,99913,100
2019-06-28 09:30:00.000000051,100008,100,100003,100,100013,100,99962,100,100017,200,99961,100,100023,100,99954,100,100047,100,99953,100,100059,100,99936,100,100063,100,99935,100,100068,100,99929,200,100082,100,99921,100,100091,100,99913,100
2019-06-28 09:30:00.000000054,100008,100,100003,100,100013,100,99962,200,100017,200,99961,100,100023,100,99954,100,100047,100,99953,100,100059,100,99936,100,100063,100,99935,100,100068,100,99929,200,100082,100,99921,100,100091,100,99913,100
2019-06-28 09:30:00.000000056,100008,100,99962,200,100013,100,99961,100,100017,300,99954,100,100023,100,99953,100,100047,100,99936,100,100059,100,99935,100,100063,100,99929,200,100068,100,99921,100,100082,100,99913,100,100091,100,99901,100
2019-06-28 09:30:00.000000058,100003,100,99962,200,100008,100,99961,100,100013,100,99954,100,100017,300,99953,100,100023,100,99936,100,100047,100,99935,100,100059,100,99929,200,100063,100,99921,100,100068,100,99913,100,100082,100,99901,100
2019-06-28 09:30:00.000000059,100003,100,99962,200,100008,100,99961,100,100013,100,99954,100,100017,300,99953,100,100023,100,99936,100,100047,100,99935,100,100059,100,99929,200,100063,100,99921,100,100067,100,99913,100,100068,100,99901,100
2019-06-28 09:30:00.000000063,99972,100,99962,200,100003,100,99961,100,100008,100,99954,100,100013,100,99953,100,100017,300,99936,100,100023,100,99935,100,100047,100,99929,200,100059,100,99921,100,100063,100,99913,100,100067,100,99901,100
2019-06-28 09:30:00.000000064,99972,100,99962,200,100003,100,99961,100,100008,100,99954,100,100013,100,99953,100,100017,300,99936,100,100023,100,99935,100,100047,100,99929,200,100059,100,99921,100,100061,100,99913,100,100063,100,99901,100
2019-06-28 09:30:00.000000065,99972,100,99962,200,100003,100,99961,100,100008,100,99954,100,100013,100,99953,100,100017,300,99936,100,100023,100,99935,100,100047,100,99929,200,100059,100,99921,100,100061,100,99913,100,100063,100,99901,100
2019-06-28 09:30:00.000000068,100003,100,99962,200,100008,100,99961,100,100013,100,99954,100,100017,300,99953,100,100023,100,99936,100,100047,100,99935,100,100059,100,99929,200,100061,100,99921,100,100063,100,99913,100,100067,100,99901,100
2019-06-28 09:30:00.000000070,100003,100,99962,200,100008,100,99961,100,100013,100,99954,100,100017,300,99953,100,100023,100,99941,100,100047,100,99936,100,100059,100,99935,100,100061,100,99929,200,100063,100,99921,100,100067,100,99914,100
2019-06-28 09:30:00.000000076,100002,100,99962,200,100003,100,99961,100,100008,100,99954,100,100013,100,99953,100,100017,300,99941,100,100023,100,99936,100,100047,100,99935,100,100059,100,99929,200,100061,100,99921,100,100063,100,99914,100
2019-06-28 09:30:00.000000081,99975,100,99962,200,100002,100,99961,100,100003,100,99954,100,100008,100,99953,100,100013,100,99941,100,100017,300,99936,100,100023,100,99935,100,100047,100,99929,200,100059,100,99921,100,100061,100,99914,100
2019-06-28 09:30:00.000000082,99975,100,99972,100,100002,100,99962,200,100003,100,99961,100,100008,100,99954,100,100013,100,99953,100,100017,300,99941,100,100023,100,99936,100,100047,100,99935,100,100059,100,99929,200,100061,100,99921,100
2019-06-28 09:30:00.000000083,99975,100,99972,100,100002,100,99962,200,100003,100,99961,100,100008,100,99954,100,100013,100,99953,100,100017,300,99941,100,100023,100,99936,100,100047,100,99935,100,100059,100,99929,200,100061,100,99921,100
2019-06-28 09:30:00.000000084,99975,100,99972,100,100002,100,99962,200,100003,100,99961,100,100008,100,99954,100,100013,100,99953,100,100017,300,99941,100,100023,100,99936,100,100047,100,99935,100,100059,100,99929,200,100061,100,99921,100
2019-06-28 09:30:00.000000087,99975,100,99972,100,100002,100,99962,200,100003,100,99961,100,100008,100,99954,100,100013,100,99953,100,100017,300,99941,100,100023,100,99936,100,100047,100,99935,100,100059,100,99929,200,100061,100,99921,100
2019-06-28 09:30:00.000000090,99975,100,99972,100,100002,100,99962,200,100003,100,99961,100,100008,100,99954,100,100013,100,99953,100,100017,300,99941,100,100023,100,99936,100,100047,200,99935,100,100059,100,99929,200,100061,100,99927,100
2019-06-28 09:30:00.000000092,99975,100,99972,200,100002,100,99962,200,100003,100,99961,100,100008,100,99954,100,100013,100,99953,100,100017,300,99941,100,100023,100,99936,100,100047,200,99935,100,100059,100,99929,200,100061,100,99927,100
2019-06-28 09:30:00.000000094,100002,100,99972,200,100003,100,99962,200,100008,100,99961,100,100013,100,99954,100,100017,300,99953,100,100023,100,99941,100,100047,200,99936,100,100059,100,99935,100,100061,100,99929,200,100063,100,99927,100
2019-06-28 09:30:00.000000099,100002,100,99972,200,100003,100,99962,200,100008,100,99961,100,100013,100,99954,100,100017,300,99953,100,100023,100,99941,100,100047,200,99936,100,100059,100,99935,100,100061,100,99929,200,100063,100,99927,100
2019-06-28 09:30:01.392233004,99975,100,99972,200,100002,100,99962,200,100003,100,99961,100,100008,100,99954,100,100013,100,99953,100,100017,300,99941,100,100023,100,99936,100,100047,200,99935,100,100059,100,99929,200,100061,100,99927,100
2019-06-28 09:30:10.000000000,99975,500,99972,600,100002,100,99962,200,100003,100,99961,100,100008,100,99954,100,100013,100,99953,100,100017,300,99941,100,100023,100,99936,100,100047,200,99935,100,100059,100,99929,200,100061,100,99927,100
2019-06-28 09:30:15.629825287,99975,600,99972,600,100002,100,99962,200,100003,100,99961,100,100008,100,99954,100,100013,100,99953,100,100017,300,99941,100,100023,100,99936,100,100047,200,99935,100,100059,100,99929,200,100061,100,99927,100
2019-06-28 09:30:20.000000000,99975,280,99972,280,100002,180,99962,280,100003,180,99961,180,100008,180,99954,180,100013,180,99953,180,100017,300,99941,100,100023,100,99936,100,100047,200,99935,100,100059,100,99929,200,100061,100,99927,100
2019-06-28 09:30:30.000000000,99975,400,99972,400,100002,300,99962,400,100003,100,99961,100,100008,100,99954,100,100013,100,99953,100,100017,300,99941,100,100023,100,99936,100,100047,200,99935,100,100059,100,99929,200,100061,100,99927,100
2019-06-28 09:30:33.409562349,99975,400,99972,400,100002,300,99962,400,100003,100,99961,100,100008,100,99956,100,100013,100,99954,100,100017,300,99953,100,100023,100,99941,100,100047,200,99936,100,100059,100,99935,100,100061,100,99929,200
2019-06-28 09:30:40.000000000,99975,280,99972,280,100002,180,99962,280,100003,180,99961,180,100008,180,99956,180,100013,180,99954,180,100017,300,99953,100,100023,100,99941,100,100047,200,99936,100,100059,100,99935,100,100061,100,99929,200
2019-06-28 09:30:50.000000000,99975,300,99972,300,100002,200,99962,300,100003,200,99961,200,100008,200,99956,200,100013,100,99954,100,100017,300,99953,100,100023,100,99941,100,100047,200,99936,100,100059,100,99935,100,100061,100,99929,200
2019-06-28 09:30:52.308578103,99975,300,99972,200,100002,200,99962,300,100003,200,99961,200,100008,200,99956,200,100013,100,99954,100,100017,300,99953,100,100047,200,99941,100,100059,100,99936,100,100061,100,99935,100,100063,100,99929,200
2019-06-28 09:30:57.030899095,99975,300,99972,100,100002,200,99962,300,100003,200,99961,200,100008,200,99956,200,100013,100,99954,100,100017,300,99953,100,100047,200,99941,100,100059,100,99936,100,100061,100,99935,100,100063,100,99929,200
2019-06-28 09:30:59.822944931,99975,200,99972,100,100002,200,99962,300,100003,200,99961,200,100008,200,99956,200,100013,100,99954,100,100017,300,99953,100,100047,200,99941,100,100059,100,99936,100,100061,100,99935,100,100067,100,99929,200
2019-06-28 09:31:00.000000000,99975,180,99962,280,100002,180,99961,180,100003,180,99956,180,100008,180,99954,180,100013,180,99953,180,100017,300,99941,100,100047,200,99936,100,100059,100,99935,100,100061,100,99929,200,100067,100,99927,100
2019-06-28 09:31:10.000000000,99975,180,99962,280,100002,180,99961,180,100003,180,99956,180,100008,180,99954,180,100013,180,99953,180,100017,300,99941,100,100047,200,99936,100,100059,100,99935,100,100061,100,99929,200,100067,100,99927,100
2019-06-28 09:31:16.794180426,99975,180,99962,280,100002,180,99961,180,100003,180,99956,180,100008,180,99954,180,100013,180,99953,180,100017,300,99936,100,100047,200,99935,100,100055,100,99929,200,100059,100,99927,100,100061,100,99921,100
2019-06-28 09:31:20.000000000,99975,200,99962,300,100002,200,99961,200,100003,200,99956,200,100008,200,99954,200,100013,100,99953,100,100017,300,99936,100,100047,200,99935,100,100055,100,99929,200,100059,100,99927,100,100061,100,99921,100
2019-06-28 09:31:28.006944451,99975,200,99962,300,100002,200,99961,200,100003,200,99956,200,100008,200,99954,200,100013,100,99953,100,100017,300,99936,100,100047,200,99929,200,100055,100,99927,100,100059,100,99923,100,100061,100,99921,100
2019-06-28 09:31:30.000000000,99975,200,99962,300,100002,200,99961,200,100003,200,99956,200,100008,200,99954,200,100013,100,99953,100,100017,300,99936,100,100047,200,99929,200,100055,100,99927,100,100059,100,99923,100,100061,100,99921,100
2019-06-28 09:31:32.487361519,99975,200,99972,100,100002,200,99962,300,100003,200,99961,200,100008,200,99956,200,100013,100,99954,200,100017,300,99953,100,100047,200,99936,100,100055,100,99929,200,100059,100,99927,100,100061,100,99923,100
2019-06-28 09:31:38.439597276,99975,200,99972,100,100002,200,99962,300,100003,200,99961,200,100008,200,99956,200,100013,100,99954,200,100017,300,99953,100,100047,200,99936,100,100055,100,99929,200,100059,100,99927,100,100061,100,99923,100
2019-06-28 09:31:40.000000000,99975,500,99972,500,100002,100,99962,200,100003,100,99961,100,100008,100,99956,100,100013,100,99954,100,100017,300,99953,100,100047,200,99936,100,100055,100,99929,200,100059,100,99927,100,100061,100,99923,100
2019-06-28 09:31:50.000000000,99975,236,99972,236,100002,232,99962,332,100003,232,99961,232,100008,100,99956,100,100013,100,99954,100,100017,300,99953,100,100047,200,99936,100,100055,100,99929,200,100059,100,99927,100,100061,100,99923,100
2019-06-28 09:31:58.783012822,99975,236,99972,236,100002,232,99962,332,100003,232,99961,232,100008,100,99956,100,100013,100,99954,100,100017,300,99953,100,100047,200,99936,100,100055,100,99929,200,100059,100,99927,100,100061,100,99923,100
2019-06-28 09:32:00.000000000,99975,300,99972,300,100002,300,99962,400,100003,100,99961,100,100008,100,99956,100,100013,100,99954,100,100017,300,99953,100,100047,200,99936,100,100055,100,99929,200,100059,100,99927,100,100061,100,99923,100
2019-06-28 09:32:03.314088565,99975,300,99972,300,100002,300,99962,400,100003,100,99961,100,100008,100,99956,100,100013,100,99954,100,100017,300,99953,100,100047,200,99936,100,100055,100,99929,200,100059,100,99927,100,100061,100,99923,100
2019-06-28 09:32:10.000000000,99975,300,99972,300,100002,300,99962,400,100003,100,99961,100,100008,100,99956,100,100013,100,99954,100,100017,300,99953,100,100047,200,99936,100,100055,100,99929,200,100059,100,99927,100,100061,100,99923,100
2019-06-28 09:32:20.000000000,99975,200,99972,200,100002,200,99962,300,100003,200,99961,200,100008,200,99956,200,100013,100,99954,100,100017,300,99953,100,100047,200,99936,100,100055,100,99929,200,100059,100,99927,100,100061,100,99923,100
2019-06-28 09:32:22.762260722,99975,200,99972,200,100002,200,99962,300,100003,200,99961,200,100008,200,99956,200,100013,100,99954,100,100017,300,99953,100,100047,200,99936,100,100055,100,99929,200,100059,100,99927,100,100061,100,99923,100
2019-06-28 09:32:30.000000000,99975,200,99972,200,100002,200,99962,300,100003,200,99961,200,100008,200,99956,200,100013,100,99954,100,100017,300,99953,100,100047,200,99936,100,100055,100,99929,200,100059,100,99927,100,100061,100,99923,100
2019-06-28 09:32:40.000000000,99975,500,99972,500,100002,100,99962,200,100003,100,99961,100,100008,100,99956,100,100013,100,99954,100,100017,300,99953,100,100047,200,99936,100,100055,100,99929,200,100059,100,99927,100,100061,100,99923,100
2019-06-28 09:32:50.000000000,99975,236,99972,236,100002,232,99962,332,100003,232,99961,232,100008,100,99956,100,100013,100,99954,100,100017,300,99953,100,100047,200,99936,100,100055,100,99929,200,100059,100,99927,100,100061,100,99923,100
2019-06-28 09:32:53.171098014,99975,236,99972,136,100002,232,99962,332,100003,232,99961,232,100013,100,99956,100,100017,300,99954,100,100047,200,99953,100,100055,100,99936,100,100059,100,99929,200,100061,100,99927,100,100067,100,99923,100
2019-06-28 09:32:56.160144904,99975,236,99972,136,100002,232,99962,232,100003,232,99961,232,100013,100,99956,100,100017,300,99954,100,100047,200,99953,100,100055,100,99936,100,100059,100,99929,200,100061,100,99927,100,100067,100,99923,100
2019-06-28 09:33:00.000000000,99975,236,99962,236,100002,232,99961,232,100003,232,99956,232,100013,100,99954,100,100017,300,99953,100,100047,200,99936,100,100055,100,99929,200,100059,100,99927,100,100061,100,99923,100,100067,100,99921,100
2019-06-28 09:33:00.538001891,99975,236,99962,136,100002,232,99961,232,100003,232,99956,232,100013,100,99954,100,100017,300,99953,100,100047,200,99936,100,100055,100,99929,200,100059,100,99927,100,100061,100,99923,100,100067,100,99921,100
2019-06-28 09:33:10.000000000,99975,200,99961,200,100002,200,99956,200,100003,200,99954,200,100013,200,99953,200,100017,300,99936,100,100047,200,99929,200,100055,100,99927,100,100059,100,99923,100,100061,100,99921,100,100067,100,99919,100
2019-06-28 09:33:13.054271919,99975,200,99961,200,99976,100,99956,200,100002,200,99954,200,100003,200,99953,200,100013,200,99936,100,100017,300,99929,200,100047,200,99927,100,100055,100,99923,100,100059,100,99921,100,100061,100,99919,100
2019-06-28 09:33:20.000000000,99975,236,99961,236,99976,232,99956,232,100002,232,99954,232,100003,100,99953,100,100013,100,99936,100,100017,300,99929,200,100047,200,99927,100,100055,100,99923,100,100059,100,99921,100,100061,100,99919,100
2019-06-28 09:33:25.417348305,99975,236,99961,236,99976,232,99956,232,100002,232,99954,232,100003,100,99953,100,100013,100,99936,100,100017,300,99929,200,100047,200,99927,100,100055,100,99923,100,100059,100,99921,100,100061,100,99919,100
2019-06-28 09:33:30.000000000,99975,180,99961,180,99976,180,99956,180,100002,180,99954,180,100003,180,99953,180,100013,180,99936,180,100017,300,99929,200,100047,200,99927,100,100055,100,99923,100,100059,100,99921,100,100061,100,99919,100
2019-06-28 09:33:31.823927918,99975,180,99961,180,99976,180,99956,180,100002,180,99954,180,100003,180,99953,180,100013,180,99936,180,100017,300,99929,200,100047,200,99927,100,100055,100,99923,100,100059,100,99921,100,100061,100,99914,100
2019-06-28 09:33:40.000000000,99975,236,99961,236,99976,232,99956,232,100002,232,99954,232,100003,100,99953,100,100013,100,99936,100,100017,300,99929,200,100047,200,99927,100,100055,100,99923,100,100059,100,99921,100,100061,100,99914,100
2019-06-28 09:33:50.000000000,99975,180,99961,180,99976,180,99956,180,100002,180,99954,180,100003,180,99953,180,100013,180,99936,180,100017,300,99929,200,100047,200,99927,100,100055,100,99923,100,100059,100,99921,100,100061,100,99914,100
2019-06-28 09:33:50.800906370,99975,180,99961,180,99976,180,99956,180,100002,180,99954,180,100003,180,99953,180,100013,180,99936,180,100017,300,99929,200,100047,200,99927,100,100055,100,99923,100,100059,100,99921,100,100061,100,99914,100
2019-06-28 09:34:00.000000000,99975,200,99961,200,99976,200,99956,200,100002,200,99954,200,100003,200,99953,200,100013,100,99936,100,100017,300,99929,200,100047,200,99927,100,100055,100,99923,100,100059,100,99921,100,100061,100,99914,100
2019-06-28 09:34:10.000000000,99975,180,99961,180,99976,180,99956,180,100002,180,99954,180,100003,180,99953,180,100013,180,99936,180,100017,300,99929,200,100047,200,99927,100,100055,100,99923,100,100059,100,99921,100,100061,100,99914,100
2019-06-28 09:34:20.000000000,99975,200,99961,200,99976,200,99956,200,100002,200,99954,200,100003,200,99953,200,100013,100,99936,100,100017,300,99929,200,100047,200,99927,100,100055,100,99923,100,100059,100,99921,100,100061,100,99914,100
2019-06-28 09:34:24.269737043,99975,200,99961,100,99976,200,99956,200,100002,200,99954,200,100003,200,99953,200,100013,100,99936,100,100017,300,99929,200,100047,200,99927,100,100055,100,99923,100,100059,100,99921,100,100061,100,99914,100
2019-06-28 09:34:25.042661477,99975,200,99961,100,99976,200,99956,200,100002,200,99954,200,100003,200,99953,200,100013,100,99936,100,100017,300,99929,200,100047,200,99927,100,100055,100,99923,100,100059,100,99921,100,100061,100,99914,100
2019-06-28 09:34:29.992310074,99975,200,99956,200,99976,200,99954,200,100002,200,99953,200,100003,200,99936,100,100013,100,99929,200,100017,300,99927,100,100047,200,99923,100,100055,100,99921,100,100059,100,99914,100,100061,100,99913,100
2019-06-28 09:34:30.000000000,99975,236,99956,236,99976,232,99954,232,100002,232,99953,232,100003,100,99936,100,100013,100,99929,200,100017,300,99927,100,100047,200,99923,100,100055,100,99921,100,100059,100,99914,100,100061,100,99913,100
2019-06-28 09:34:34.688047437,99975,236,99956,136,99976,232,99954,232,100002,232,99953,232,100003,100,99936,100,100013,100,99929,200,100017,300,99927,100,100047,200,99923,100,100055,100,99921,100,100059,100,99914,100,100061,100,99913,100
2019-06-28 09:34:40.000000000,99975,180,99954,180,99976,180,99953,180,100002,180,99936,180,100003,180,99929,280,100013,180,99927,180,100017,300,99923,100,100047,200,99921,100,100055,100,99914,100,100059,100,99913,100,100061,100,99910,100
2019-06-28 09:34:49.833289796,99975,180,99954,180,99976,180,99953,180,100002,180,99936,180,100003,180,99929,280,100013,180,99927,180,100017,300,99923,100,100047,200,99921,100,100055,100,99914,100,100059,100,99913,100,100061,100,99901,100
2019-06-28 09:34:50.000000000,99975,200,99954,200,99976,200,99953,200,100002,200,99936,200,100003,200,99929,300,100013,100,99927,100,100017,300,99923,100,100047,200,99921,100,100055,100,99914,100,100059,100,99913,100,100061,100,99901,100
2019-06-28 09:34:51.791934856,99975,200,99954,100,99976,200,99953,200,100002,200,99936,200,100003,200,99929,300,100013,100,99927,100,100017,300,99923,100,100047,200,99921,100,100055,100,99914,100,100059,100,99913,100,100061,100,99901,100
2019-06-28 09:35:00.000000000,99975,180,99953,180,99976,180,99936,180,100002,180,99929,280,100003,180,99927,180,100013,180,99923,180,100017,300,99921,100,100047,200,99914,100,100055,100,99913,100,100059,100,99901,100,100061,100,99864,100
2019-06-28 09:35:10.000000000,99975,180,99953,180,99976,180,99936,180,100002,180,99929,280,100003,180,99927,180,100013,180,99923,180,100017,300,99921,100,100047,200,99914,100,100055,100,99913,100,100059,100,99901,100,100061,100,99864,100
2019-06-28 09:35:20.000000000,99975,180,99953,180,99976,180,99936,180,100002,180,99929,280,100003,180,99927,180,100013,180,99923,180,100017,300,99921,100,100047,200,99914,100,100055,100,99913,100,100059,100,99901,100,100061,100,99864,100
2019-06-28 09:35:21.302133528,99956,100,99953,180,99975,180,99936,180,99976,180,99929,280,100002,180,99927,180,100003,180,99923,180,100013,180,99921,100,100017,300,99914,100,100047,200,99913,100,100055,100,99901,100,100059,100,99864,100
2019-06-28 09:35:30.000000000,99956,300,99953,300,99975,300,99936,300,99976,100,99929,200,100002,100,99927,100,100003,100,99923,100,100013,100,99921,100,100017,300,99914,100,100047,200,99913,100,100055,100,99901,100,100059,100,99864,100
2019-06-28 09:35:35.004827791,99956,300,99953,300,99975,300,99936,300,99976,100,99929,200,100002,100,99927,100,100003,100,99923,100,100013,100,99921,100,100017,300,99914,100,100047,200,99913,100,100055,100,99901,100,100059,100,99864,100
2019-06-28 09:35:40.000000000,99956,180,99953,180,99975,180,99936,180,99976,180,99929,280,100002,180,99927,180,100003,180,99923,180,100013,100,99921,100,100017,300,99914,100,100047,200,99913,100,100055,100,99901,100,100059,100,99864,100
2019-06-28 09:35:50.000000000,99956,300,99953,300,99975,300,99936,300,99976,100,99929,200,100002,100,99927,100,100003,100,99923,100,100013,100,99921,100,100017,300,99914,100,100047,200,99913,100,100055,100,99901,100,100059,100,99864,100
2019-06-28 09:35:57.101768858,99956,300,99953,300,99975,200,99936,300,99976,100,99929,200,100002,100,99927,100,100003,100,99923,100,100013,100,99921,100,100017,300,99914,100,100047,200,99913,100,100055,100,99901,100,100059,100,99864,100
2019-06-28 09:35:59.953133161,99956,300,99953,200,99975,200,99936,300,99976,100,99929,200,100002,100,99927,100,100003,100,99923,100,100013,100,99921,100,100017,300,99914,100,100047,200,99913,100,100055,100,99901,100,100059,100,99864,100
2019-06-28 09:36:00.000000000,99956,180,99936,180,99976,180,99929,280,100002,180,99927,180,100003,180,99923,180,100013,180,99921,180,100017,300,99914,100,100047,200,99913,100,100055,100,99901,100,100059,100,99864,100,100061,100,99814,100
2019-06-28 09:36:10.000000000,99956,236,99936,236,99976,232,99929,332,100002,232,99927,232,100003,100,99923,100,100013,100,99921,100,100017,300,99914,100,100047,200,99913,100,100055,100,99901,100,100059,100,99864,100,100061,100,99814,100
2019-06-28 09:36:20.000000000,99956,236,99936,236,99976,232,99929,332,100002,232,99927,232,100003,100,99923,100,100013,100,99921,100,100017,300,99914,100,100047,200,99913,100,100055,100,99901,100,100059,100,99864,100,100061,100,99814,100
2019-06-28 09:36:23.008925115,99956,236,99936,136,99976,232,99929,332,100002,232,99927,232,100003,100,99921,100,100013,100,99914,100,100017,300,99913,100,100047,200,99901,100,100055,100,99864,100,100059,100,99814,100,100061,100,99813,100
2019-06-28 09:36:30.000000000,99956,200,99929,300,99976,200,99927,200,100002,200,99921,200,100003,200,99914,200,100013,100,99913,100,100017,300,99901,100,100047,200,99864,100,100055,100,99814,100,100059,100,99813,100,100061,100,99810,100
2019-06-28 09:36:32.453421055,99956,200,99929,300,99976,200,99927,200,100002,200,99921,200,100003,200,99914,200,100013,100,99913,100,100017,300,99901,100,100047,200,99864,100,100055,100,99814,100,100059,100,99813,100,100061,100,99810,100
2019-06-28 09:36:33.009845652,99956,100,99929,300,99976,200,99927,200,100002,200,99921,200,100003,200,99914,200,100013,100,99913,100,100017,300,99901,100,100047,200,99864,100,100055,100,99814,100,100059,100,99813,100,100061,100,99810,100
2019-06-28 09:36:40.000000000,99976,200,99929,300,100002,200,99927,200,100003,200,99921,200,100013,200,99914,200,100017,300,99913,100,100047,200,99901,100,100055,100,99864,100,100059,100,99814,100,100061,100,99813,100,100067,100,99810,100
2019-06-28 09:36:49.311516935,99953,100,99929,300,99976,200,99927,200,100002,200,99921,200,100003,200,99914,200,100013,200,99913,100,100017,300,99901,100,100047,200,99864,100,100055,100,99814,100,100061,100,99813,100,100067,100,99810,100
2019-06-28 09:36:50.000000000,99953,180,99929,280,99976,180,99927,180,100002,180,99921,180,100003,180,99914,180,100013,180,99913,180,100017,300,99901,100,100047,200,99864,100,100055,100,99814,100,100061,100,99813,100,100067,100,99810,100
2019-06-28 09:36:58.345484837,99953,180,99929,280,99976,80,99927,180,100002,180,99921,180,100003,180,99914,180,100013,180,99913,180,100017,300,99901,100,100047,200,99864,100,100055,100,99814,100,100061,100,99813,100,100067,100,99810,100
2019-06-28 09:37:00.000000000,99953,500,99929,600,100002,100,99927,100,100003,100,99921,100,100013,100,99914,100,100017,300,99913,100,100047,200,99901,100,100055,100,99864,100,100061,100,99814,100,100067,100,99813,100,100082,100,99810,100
2019-06-28 09:37:10.000000000,99953,200,99929,300,100002,200,99927,200,100003,200,99921,200,100013,200,99914,200,100017,300,99913,100,100047,200,99901,100,100055,100,99864,100,100061,100,99814,100,100067,100,99813,100,100082,100,99810,100
2019-06-28 09:37:20.000000000,99953,236,99929,336,100002,232,99927,232,100003,232,99921,232,100013,100,99914,100,100017,300,99913,100,100047,200,99901,100,100055,100,99864,100,100061,100,99814,100,100067,100,99813,100,100082,100,99810,100
2019-06-28 09:37:30.000000000,99953,500,99929,600,100002,100,99927,100,100003,100,99921,100,100013,100,99914,100,100017,300,99913,100,100047,200,99901,100,100055,100,99864,100,100061,100,99814,100,100067,100,99813,100,100082,100,99810,100
2019-06-28 09:37:39.301954676,99953,600,99929,600,100002,100,99927,100,100003,100,99921,100,100013,100,99914,100,100017,300,99913,100,100047,200,99901,100,100055,100,99864,100,100061,100,99814,100,100067,100,99813,100,100082,100,99810,100
2019-06-28 09:37:40.000000000,99953,300,99929,300,100002,200,99927,200,100003,200,99921,200,100013,200,99914,200,100017,300,99913,100,100047,200,99901,100,100055,100,99864,100,100061,100,99814,100,100067,100,99813,100,100082,100,99810,100
2019-06-28 09:37:50.000000000,99953,300,99929,300,100002,200,99927,200,100003,200,99921,200,100013,200,99914,200,100017,300,99913,100,100047,200,99901,100,100055,100,99864,100,100061,100,99814,100,100067,100,99813,100,100082,100,99810,100
2019-06-28 09:38:00.000000000,99953,280,99929,280,100002,180,99927,180,100003,180,99921,180,100013,180,99914,180,100017,380,99913,180,100047,200,99901,100,100055,100,99864,100,100061,100,99814,100,100067,100,99813,100,100082,100,99810,100
2019-06-28 09:38:10.000000000,99953,600,99929,600,100002,100,99927,100,100003,100,99921,100,100013,100,99914,100,100017,300,99913,100,100047,200,99901,100,100055,100,99864,100,100061,100,99814,100,100067,100,99813,100,100082,100,99810,100
2019-06-28 09:38:11.289295607,99953,700,99929,600,100002,100,99927,100,100003,100,99921,100,100013,100,99914,100,100017,300,99913,100,100047,200,99901,100,100055,100,99864,100,100061,100,99814,100,100067,100,99813,100,100082,100,99810,100
2019-06-28 09:38:20.000000000,99953,380,99929,280,100002,180,99927,180,100003,180,99921,180,100013,180,99914,180,100017,380,99913,180,100047,200,99901,100,100055,100,99864,100,100061,100,99814,100,100067,100,99813,100,100082,100,99810,100
2019-06-28 09:38:29.576610722,99953,380,99929,280,100002,180,99927,180,100003,180,99921,180,100013,180,99914,180,100017,380,99913,180,100047,200,99901,100,100055,100,99864,100,100061,100,99814,100,100067,100,99813,100,100082,100,99810,100
2019-06-28 09:38:30.000000000,99953,500,99929,400,100002,300,99927,300,100003,100,99921,100,100013,100,99914,100,100017,300,99913,100,100047,200,99901,100,100055,100,99864,100,100061,100,99814,100,100067,100,99813,100,100082,100,99810,100
2019-06-28 09:38:40.000000000,99953,436,99929,336,100002,232,99927,232,100003,232,99921,232,100013,100,99914,100,100017,300,99913,100,100047,200,99901,100,100055,100,99864,100,100061,100,99814,100,100067,100,99813,100,100082,100,99810,100
2019-06-28 09:38:47.072577007,99953,436,99929,236,100002,232,99927,232,100003,232,99921,232,100013,100,99914,100,100017,300,99913,100,100047,200,99901,100,100055,100,99864,100,100061,100,99814,100,100067,100,99813,100,100082,100,99810,100
2019-06-28 09:38:50.000000000,99953,700,99929,500,100002,100,99927,100,100003,100,99921,100,100013,100,99914,100,100017,300,99913,100,100047,200,99901,100,100055,100,99864,100,100061,100,99814,100,100067,100,99813,100,100082,100,99810,100
2019-06-28 09:39:00.000000000,99953,400,99929,200,100002,200,99927,200,100003,200,99921,200,100013,200,99914,200,100017,300,99913,100,100047,200,99901,100,100055,100,99864,100,100061,100,99814,100,100067,100,99813,100,100082,100,99810,100
2019-06-28 09:39:05.659967355,99953,400,99929,200,100002,200,99927,100,100003,200,99921,200,100013,200,99914,200,100017,300,99913,100,100047,200,99901,100,100055,100,99864,100,100061,100,99814,100,100067,100,99813,100,100082,100,99810,100
2019-06-28 09:39:10.000000000,99953,380,99929,180,100002,180,99921,180,100003,180,99914,180,100013,180,99913,180,100017,380,99901,180,100047,200,99864,100,100055,100,99814,100,100061,100,99813,100,100067,100,99810,100,100082,100,99786,100
2019-06-28 09:39:20.000000000,99953,436,99929,236,100002,232,99921,232,100003,232,99914,232,100013,100,99913,100,100017,300,99901,100,100047,200,99864,100,100055,100,99814,100,100061,100,99813,100,100067,100,99810,100,100082,100,99786,100
2019-06-28 09:39:30.000000000,99953,380,99929,180,100002,180,99921,180,100003,180,99914,180,100013,180,99913,180,100017,380,99901,180,100047,200,99864,100,100055,100,99814,100,100061,100,99813,100,100067,100,99810,100,100082,100,99786,100
2019-06-28 09:39:40.000000000,99953,436,99929,236,100002,232,99921,232,100003,232,99914,232,100013,100,99913,100,100017,300,99901,100,100047,200,99864,100,100055,100,99814,100,100061,100,99813,100,100067,100,99810,100,100082,100,99786,100
2019-06-28 09:39:47.510269314,99953,436,99929,136,100002,232,99921,232,100003,232,99914,232,100013,100,99913,100,100017,300,99901,100,100047,200,99864,100,100055,100,99814,100,100061,100,99813,100,100067,100,99810,100,100082,100,99786,100
2019-06-28 09:39:50.000000000,99953,500,99921,300,100002,300,99914,300,100003,100,99913,100,100013,100,99901,100,100017,300,99864,100,100047,200,99814,100,100055,100,99813,100,100061,100,99810,100,100067,100,99786,100,100082,100,99626,100
2019-06-28 09:40:00.000000000,99953,380,99921,180,100002,180,99914,180,100003,180,99913,180,100013,180,99901,180,100017,380,99864,180,100047,200,99814,100,100055,100,99813,100,100061,100,99810,100,100067,100,99786,100,100082,100,99626,100
2019-06-28 09:40:00.654874446,99953,380,99921,80,100002,180,99914,180,100003,180,99913,180,100013,80,99901,180,100017,380,99864,180,100047,200,99814,100,100055,100,99813,100,100061,100,99810,100,100067,100,99786,100,100082,100,99626,100
2019-06-28 09:40:10.000000000,99953,436,99914,236,100002,232,99913,232,100003,232,99901,232,100017,300,99864,100,100047,200,99814,100,100055,100,99813,100,100061,100,99810,100,100067,100,99786,100,100082,100,99626,100,100091,200,99359,100
2019-06-28 09:40:20.000000000,99953,436,99914,236,100002,232,99913,232,100003,232,99901,232,100017,300,99864,100,100047,200,99814,100,100055,100,99813,100,100061,100,99810,100,100067,100,99786,100,100082,100,99626,100,100091,200,99359,100
2019-06-28 09:40:25.007766317,99953,436,99930,100,100002,232,99914,236,100003,232,99913,232,100017,200,99901,232,100047,200,99864,100,100055,100,99814,100,100061,100,99813,100,100067,100,99810,100,100082,100,99786,100,100091,200,99626,100
2019-06-28 09:40:30.000000000,99953,380,99930,180,100002,180,99914,180,100003,180,99913,180,100017,280,99901,180,100047,280,99864,180,100055,100,99814,100,100061,100,99813,100,100067,100,99810,100,100082,100,99786,100,100091,200,99626,100
2019-06-28 09:40:35.324105741,99953,380,99930,180,100002,180,99914,180,100003,180,99913,180,100017,280,99901,180,100047,280,99864,180,100055,100,99814,100,100061,100,99813,100,100067,100,99810,100,100082,100,99786,100,100091,200,99626,100
2019-06-28 09:40:40.000000000,99953,400,99930,200,100002,200,99914,200,100003,200,99913,200,100017,300,99901,200,100047,200,99864,100,100055,100,99814,100,100061,100,99813,100,100067,100,99810,100,100082,100,99786,100,100091,200,99626,100
2019-06-28 09:40:42.442334848,99953,300,99930,200,100002,200,99914,200,100003,200,99913,200,100017,300,99901,200,100047,200,99864,100,100055,100,99814,100,100061,100,99813,100,100067,100,99810,100,100082,100,99786,100,100091,200,99626,100
2019-06-28 09:40:44.542494774,99953,300,99930,200,100002,200,99914,200,100003,200,99913,200,100017,300,99901,200,100047,100,99864,100,100055,100,99814,100,100061,100,99813,100,100067,100,99810,100,100082,100,99786,100,100091,200,99626,100
2019-06-28 09:40:46.488389787,99953,300,99930,200,100002,200,99914,200,100003,200,99913,200,100017,300,99901,200,100047,100,99864,100,100055,100,99814,100,100061,100,99813,100,100067,100,99810,100,100082,100,99786,100,100091,200,99626,100
2019-06-28 09:40:50.000000000,99953,600,99930,500,100002,100,99914,100,100003,100,99913,100,100017,200,99901,100,100047,100,99864,100,100055,100,99814,100,100061,100,99813,100,100067,100,99810,100,100082,100,99786,100,100091,200,99626,100
2019-06-28 09:41:00.000000000,99953,300,99930,200,100002,200,99914,200,100003,200,99913,200,100017,300,99901,200,100047,100,99864,100,100055,100,99814,100,100061,100,99813,100,100067,100,99810,100,100082,100,99786,100,100091,200,99626,100
2019-06-28 09:41:08.139380824,99953,300,99930,200,100002,200,99914,200,100003,200,99913,200,100017,300,99901,200,100047,100,99864,100,100055,100,99814,100,100061,100,99813,100,100067,100,99810,100,100091,200,99786,100,100095,100,99626,100
2019-06-28 09:41:10.000000000,99953,300,99930,200,100002,200,99914,200,100003,200,99913,200,100017,300,99901,200,100047,100,99864,100,100055,100,99814,100,100061,100,99813,100,100067,100,99810,100,100091,200,99786,100,100095,100,99626,100
2019-06-28 09:41:20.000000000,99953,600,99930,500,100002,100,99914,100,100003,100,99913,100,100017,200,99901,100,100047,100,99864,100,100055,100,99814,100,100061,100,99813,100,100067,100,99810,100,100091,200,99786,100,100095,100,99626,100
2019-06-28 09:41:22.646601768,99953,500,99930,500,100002,100,99914,100,100003,100,99913,100,100017,200,99901,100,100047,100,99864,100,100055,100,99814,100,100061,100,99813,100,100067,100,99810,100,100091,200,99786,100,100095,100,99626,100
2019-06-28 09:41:25.563805604,99953,500,99930,500,100002,100,99914,100,100003,100,99913,100,100017,200,99901,100,100047,100,99864,100,100055,100,99814,100,100061,100,99813,100,100067,100,99810,100,100091,200,99786,100,100095,100,99626,100
2019-06-28 09:41:27.643758507,99953,500,99930,500,100002,100,99914,100,100017,200,99913,100,100047,100,99901,100,100055,100,99864,100,100061,100,99814,100,100067,100,99813,100,100091,200,99810,100,100095,100,99786,100,100098,100,99626,100
2019-06-28 09:41:27.966134311,99953,400,99930,500,100002,100,99914,100,100017,200,99913,100,100055,100,99901,100,100061,100,99864,100,100067,100,99814,100,100091,200,99813,100,100095,100,99810,100,100098,100,99786,100,100103,100,99626,100
2019-06-28 09:41:30.000000000,100002,200,99930,200,100017,300,99914,200,100055,200,99913,200,100061,200,99901,200,100067,100,99864,100,100091,200,99814,100,100095,100,99813,100,100098,100,99810,100,100103,100,99786,100,100114,100,99626,100
2019-06-28 09:41:40.000000000,100002,200,99930,200,100017,300,99914,200,100055,200,99913,200,100061,200,99901,200,100067,100,99864,100,100091,200,99814,100,100095,100,99813,100,100098,100,99810,100,100103,100,99786,100,100114,100,99626,100
2019-06-28 09:41:50.000000000,100002,180,99930,180,100017,280,99914,180,100055,180,99913,180,100061,180,99901,180,100067,180,99864,180,100091,200,99814,100,100095,100,99813,100,100098,100,99810,100,100103,100,99786,100,100114,100,99626,100
2019-06-28 09:41:51.028135250,100002,80,99930,180,100017,280,99914,180,100055,180,99913,180,100061,180,99901,180,100067,180,99864,180,100091,200,99814,100,100095,100,99813,100,100098,100,99810,100,100103,100,99786,100,100114,100,99626,100
2019-06-28 09:42:00.000000000,100017,336,99930,236,100055,232,99914,232,100061,232,99913,232,100067,100,99901,100,100091,200,99864,100,100095,100,99814,100,100098,100,99813,100,100103,100,99810,100,100114,100,99786,100,100115,100,99626,100
2019-06-28 09:42:10.000000000,100017,300,99930,200,100055,200,99914,200,100061,200,99913,200,100067,200,99901,200,100091,200,99864,100,100095,100,99814,100,100098,100,99813,100,100103,100,99810,100,100114,100,99786,100,100115,100,99626,100
2019-06-28 09:42:10.844911044,100017,300,99953,100,100055,200,99930,100,100061,200,99914,200,100067,200,99913,200,100091,200,99901,200,100095,100,99864,100,100098,100,99814,100,100103,100,99813,100,100114,100,99810,100,100115,100,99786,100
2019-06-28 09:42:19.199031370,100017,300,99930,100,100055,200,99914,200,100061,200,99913,200,100067,200,99901,200,100091,200,99864,100,100095,100,99814,100,100098,100,99813,100,100103,100,99810,100,100114,100,99786,100,100115,100,99626,100
2019-06-28 09:42:19.666102620,100017,300,99930,100,100055,200,99914,200,100061,200,99913,200,100067,200,99901,200,100091,200,99864,100,100095,100,99814,100,100098,100,99813,100,100103,100,99810,100,100114,100,99786,100,100115,100,99626,100
2019-06-28 09:42:20.000000000,100017,300,99914,200,100055,200,99913,200,100061,200,99901,200,100067,200,99864,200,100091,200,99814,100,100095,100,99813,100,100098,100,99810,100,100103,100,99786,100,100114,100,99626,100,100115,100,99359,100
2019-06-28 09:42:22.567540301,100017,200,99914,200,100055,200,99913,200,100061,200,99901,200,100067,200,99864,200,100091,200,99814,100,100095,100,99813,100,100098,100,99810,100,100103,100,99786,100,100114,100,99626,100,100115,100,99359,100
2019-06-28 09:42:30.000000000,100017,180,99914,180,100055,180,99913,180,100061,180,99901,180,100067,180,99864,180,100091,280,99814,180,100095,100,99813,100,100098,100,99810,100,100103,100,99786,100,100114,100,99626,100,100115,100,99359,100
2019-06-28 09:42:31.517028404,100017,180,99914,180,100055,180,99913,180,100061,180,99901,180,100067,180,99864,180,100091,280,99814,180,100095,100,99813,100,100098,100,99810,100,100103,100,99786,100,100114,100,99626,100,100115,100,99359,100
2019-06-28 09:42:40.000000000,100017,300,99914,300,100055,300,99913,300,100061,100,99901,100,100067,100,99864,100,100091,200,99814,100,100095,100,99813,100,100098,100,99810,100,100103,100,99786,100,100114,100,99626,100,100115,100,99359,100
2019-06-28 09:42:50.000000000,100017,300,99914,300,100055,300,99913,300,100061,100,99901,100,100067,100,99864,100,100091,200,99814,100,100095,100,99813,100,100098,100,99810,100,100103,100,99786,100,100114,100,99626,100,100115,100,99359,100
2019-06-28 09:43:00.000000000,100017,236,99914,236,100055,232,99913,232,100061,232,99901,232,100067,100,99864,100,100091,200,99814,100,100095,100,99813,100,100098,100,99810,100,100103,100,99786,100,100114,100,99626,100,100115,100,99359,100
2019-06-28 09:43:10.000000000,100017,200,99914,200,100055,200,99913,200,100061,200,99901,200,100067,200,99864,200,100091,200,99814,100,100095,100,99813,100,100098,100,99810,100,100103,100,99786,100,100114,100,99626,100,100115,100,99359,100
2019-06-28 09:43:20.000000000,100017,200,99914,200,100055,200,99913,200,100061,200,99901,200,100067,200,99864,200,100091,200,99814,100,100095,100,99813,100,100098,100,99810,100,100103,100,99786,100,100114,100,99626,100,100115,100,99359,100
2019-06-28 09:43:30.000000000,100017,300,99914,300,100055,300,99913,300,100061,100,99901,100,100067,100,99864,100,100091,200,99814,100,100095,100,99813,100,100098,100,99810,100,100103,100,99786,100,100114,100,99626,100,100115,100,99359,100
2019-06-28 09:43:40.000000000,100017,180,99914,180,100055,180,99913,180,100061,180,99901,180,100067,180,99864,180,100091,280,99814,180,100095,100,99813,100,100098,100,99810,100,100103,100,99786,100,100114,100,99626,100,100115,100,99359,100
2019-06-28 09:43:43.512393527,100017,80,99914,180,100055,180,99913,180,100061,180,99901,180,100067,180,99864,180,100091,280,99814,180,100095,100,99813,100,100098,100,99810,100,100103,100,99786,100,100114,100,99626,100,100130,100,99359,100
2019-06-28 09:43:50.000000000,100055,500,99914,500,100061,100,99913,100,100067,100,99901,100,100091,200,99864,100,100095,100,99814,100,100098,100,99813,100,100103,100,99810,100,100114,100,99786,100,100130,100,99626,100,100131,100,99359,100
2019-06-28 09:43:59.488073930,100055,500,99914,500,100061,100,99913,100,100067,100,99901,100,100091,200,99864,100,100095,100,99814,100,100098,100,99813,100,100103,100,99810,100,100114,100,99786,100,100130,100,99626,100,100131,100,99359,100
2019-06-28 09:44:00.000000000,100055,236,99914,236,100061,232,99913,232,100067,232,99901,232,100091,200,99864,100,100095,100,99814,100,100098,100,99813,100,100103,100,99810,100,100114,100,99786,100,100130,100,99626,100,100131,100,99359,100
2019-06-28 09:44:10.000000000,100055,236,99914,236,100061,232,99913,232,100067,232,99901,232,100091,200,99864,100,100095,100,99814,100,100098,100,99813,100,100103,100,99810,100,100114,100,99786,100,100130,100,99626,100,100131,100,99359,100
2019-06-28 09:44:14.572105545,100055,236,99914,236,100061,232,99913,232,100067,232,99901,232,100091,200,99864,100,100095,100,99814,100,100098,100,99813,100,100103,100,99810,100,100114,100,99786,100,100130,100,99626,100,100131,100,99359,100
2019-06-28 09:44:20.000000000,100055,300,99914,300,100061,300,99913,300,100067,100,99901,100,100091,200,99864,100,100095,100,99814,100,100098,100,99813,100,100103,100,99810,100,100114,100,99786,100,100130,100,99626,100,100131,100,99359,100
2019-06-28 09:44:30.000000000,100055,180,99914,180,100061,180,99913,180,100067,180,99901,180,100091,280,99864,180,100095,180,99814,180,100098,100,99813,100,100103,100,99810,100,100114,100,99786,100,100130,100,99626,100,100131,100,99359,100
2019-06-28 09:44:40.000000000,100055,500,99914,500,100061,100,99913,100,100067,100,99901,100,100091,200,99864,100,100095,100,99814,100,100098,100,99813,100,100103,100,99810,100,100114,100,99786,100,100130,100,99626,100,100131,100,99359,100
2019-06-28 09:44:49.513494561,100055,400,99914,500,100061,100,99913,100,100067,100,99901,100,100091,200,99864,100,100095,100,99814,100,100098,100,99813,100,100103,100,99810,100,100114,100,99786,100,100130,100,99626,100,100131,100,99359,100
2019-06-28 09:44:50.000000000,100061,200,99914,200,100067,200,99913,200,100091,300,99901,200,100095,200,99864,200,100098,100,99814,100,100103,100,99813,100,100114,100,99810,100,100130,100,99786,100,100131,100,99626,100,100161,100,99359,100
2019-06-28 09:44:55.652675328,100061,100,99914,200,100067,200,99913,200,100091,300,99901,200,100095,200,99864,200,100098,100,99814,100,100103,100,99813,100,100114,100,99810,100,100130,100,99786,100,100131,100,99626,100,100161,100,99359,100
2019-06-28 09:44:58.315351316,100061,100,100055,100,100067,200,99914,200,100091,300,99913,200,100095,200,99901,200,100098,100,99864,200,100103,100,99814,100,100114,100,99813,100,100130,100,99810,100,100131,100,99786,100,100161,100,99626,100
2019-06-28 09:45:00.000000000,100067,180,100055,180,100091,280,99914,180,100095,180,99913,180,100098,180,99901,180,100103,180,99864,180,100114,100,99814,100,100130,100,99813,100,100131,100,99810,100,100161,100,99786,100,100437,100,99626,100
2019-06-28 09:45:10.000000000,100067,500,100055,500,100091,200,99914,100,100095,100,99913,100,100098,100,99901,100,100103,100,99864,100,100114,100,99814,100,100130,100,99813,100,100131,100,99810,100,100161,100,99786,100,100437,100,99626,100
2019-06-28 09:45:13.297327192,100067,400,100055,500,100091,200,99914,100,100095,100,99913,100,100098,100,99901,100,100103,100,99864,100,100114,100,99814,100,100130,100,99813,100,100131,100,99810,100,100161,100,99786,100,100437,100,99626,100
2019-06-28 09:45:15.732398105,100067,400,100061,100,100091,200,100055,500,100095,100,99914,100,100098,100,99913,100,100103,100,99901,100,100114,100,99864,100,100130,100,99814,100,100131,100,99813,100,100161,100,99810,100,100437,100,99786,100
2019-06-28 09:45:20.000000000,100091,280,100061,180,100095,180,100055,180,100098,180,99914,180,100103,180,99913,180,100114,180,99901,180,100130,100,99864,100,100131,100,99814,100,100161,100,99813,100,100437,100,99810,100,100606,100,99786,100
2019-06-28 09:45:22.280872470,100091,180,100061,180,100095,180,100055,180,100098,180,99914,180,100103,180,99913,180,100114,180,99901,180,100130,100,99864,100,100131,100,99814,100,100161,100,99813,100,100437,100,99810,100,100821,100,99786,100
2019-06-28 09:45:23.961236302,100091,80,100061,180,100095,180,100055,180,100098,180,99914,80,100103,180,99913,180,100114,180,99901,180,100130,100,99864,100,100131,100,99814,100,100161,100,99813,100,100437,100,99810,100,100821,100,99786,100
2019-06-28 09:45:25.521621142,100095,180,100091,20,100098,180,100061,180,100103,180,100055,180,100114,180,99914,80,100130,100,99913,180,100131,100,99901,180,100161,100,99864,100,100437,100,99814,100,100821,100,99813,100,100824,100,99810,100
2019-06-28 09:45:30.000000000,100095,180,100091,100,100098,180,100061,180,100103,180,100055,180,100114,180,99913,180,100130,180,99901,180,100131,100,99864,100,100161,100,99814,100,100437,100,99813,100,100821,100,99810,100,100824,100,99786,100
2019-06-28 09:45:40.000000000,100095,300,100091,220,100098,300,100061,300,100103,100,100055,100,100114,100,99913,100,100130,100,99901,100,100131,100,99864,100,100161,100,99814,100,100437,100,99813,100,100821,100,99810,100,100824,100,99786,100
2019-06-28 09:45:50.000000000,100095,200,100091,120,100098,200,100061,200,100103,200,100055,200,100114,200,99913,200,100130,100,99901,100,100131,100,99864,100,100161,100,99814,100,100437,100,99813,100,100821,100,99810,100,100824,100,99786,100
2019-06-28 09:46:00.000000000,100095,300,100091,220,100098,300,100061,300,100103,100,100055,100,100114,100,99913,100,100130,100,99901,100,100131,100,99864,100,100161,100,99814,100,100437,100,99813,100,100821,100,99810,100,100824,100,99786,100
2019-06-28 09:46:10.000000000,100095,180,100091,100,100098,180,100061,180,100103,180,100055,180,100114,180,99913,180,100130,180,99901,180,100131,100,99864,100,100161,100,99814,100,100437,100,99813,100,100821,100,99810,100,100824,100,99786,100
2019-06-28 09:46:20.000000000,100095,180,100091,100,100098,180,100061,180,100103,180,100055,180,100114,180,99913,180,100130,180,99901,180,100131,100,99864,100,100161,100,99814,100,100437,100,99813,100,100821,100,99810,100,100824,100,99786,100
2019-06-28 09:46:20.265059954,100095,80,100091,100,100098,180,100061,180,100103,180,100055,180,100114,180,99913,180,100130,180,99901,180,100131,100,99864,100,100161,100,99814,100,100437,100,99813,100,100821,100,99810,100,100824,100,99786,100
2019-06-28 09:46:30.000000000,100098,500,100091,420,100103,100,100061,100,100114,100,100055,100,100130,100,99913,100,100131,100,99901,100,100161,100,99864,100,100437,100,99814,100,100821,100,99813,100,100824,100,99810,100,,,99786,100
2019-06-28 09:46:32.283102908,100098,500,100092,100,100103,100,100091,420,100114,100,100061,100,100130,100,100055,100,100131,100,99913,100,100161,100,99901,100,100437,100,99864,100,100821,100,99814,100,100824,100,99813,100,,,99810,100
2019-06-28 09:46:36.958183581,100098,500,100092,100,100103,100,100091,420,100114,100,100061,100,100130,100,100055,100,100131,100,99913,100,100161,100,99901,100,100437,100,99864,100,100821,100,99814,100,100824,100,99813,100,100966,100,99810,100
2019-06-28 09:46:40.000000000,100098,500,100092,500,100103,100,100091,20,100114,100,100061,100,100130,100,100055,100,100131,100,99913,100,100161,100,99901,100,100437,100,99864,100,100821,100,99814,100,100824,100,99813,100,100966,100,99810,100
2019-06-28 09:46:50.000000000,100098,300,100092,300,100103,300,100091,220,100114,100,100061,100,100130,100,100055,100,100131,100,99913,100,100161,100,99901,100,100437,100,99864,100,100821,100,99814,100,100824,100,99813,100,100966,100,99810,100
2019-06-28 09:46:52.099748863,100098,300,100092,300,100103,300,100091,220,100114,100,100061,100,100130,100,100055,100,100131,100,99913,100,100161,100,99864,100,100437,100,99814,100,100821,100,99813,100,100824,100,99810,100,100830,100,99786,100
2019-06-28 09:47:00.000000000,100098,200,100092,200,100103,200,100091,120,100114,200,100061,200,100130,200,100055,200,100131,100,99913,100,100161,100,99864,100,100437,100,99814,100,100821,100,99813,100,100824,100,99810,100,100830,100,99786,100
2019-06-28 09:47:10.000000000,100098,300,100092,300,100103,300,100091,220,100114,100,100061,100,100130,100,100055,100,100131,100,99913,100,100161,100,99864,100,100437,100,99814,100,100821,100,99813,100,100824,100,99810,100,100830,100,99786,100
2019-06-28 09:47:20.000000000,100098,500,100092,500,100103,100,100091,20,100114,100,100061,100,100130,100,100055,100,100131,100,99913,100,100161,100,99864,100,100437,100,99814,100,100821,100,99813,100,100824,100,99810,100,100830,100,99786,100
2019-06-28 09:47:25.044487084,100098,500,100092,500,100103,100,100091,20,100114,100,100061,100,100130,100,100055,100,100131,100,99913,100,100161,100,99864,100,100437,100,99814,100,100824,100,99813,100,100830,100,99810,100,100966,100,99786,100
2019-06-28 09:47:30.000000000,100098,300,100092,300,100103,300,100091,220,100114,100,100061,100,100130,100,100055,100,100131,100,99913,100,100161,100,99864,100,100437,100,99814,100,100824,100,99813,100,100830,100,99810,100,100966,100,99786,100
2019-06-28 09:47:40.000000000,100098,180,100092,180,100103,180,100091,100,100114,180,100061,180,100130,180,100055,180,100131,180,99913,180,100161,100,99864,100,100437,100,99814,100,100824,100,99813,100,100830,100,99810,100,100966,100,99786,100
2019-06-28 09:47:50.000000000,100098,200,100092,200,100103,200,100091,120,100114,200,100061,200,100130,200,100055,200,100131,100,99913,100,100161,100,99864,100,100437,100,99814,100,100824,100,99813,100,100830,100,99810,100,100966,100,99786,100
2019-06-28 09:47:57.085318298,100098,200,100092,300,100103,200,100091,120,100114,200,100061,200,100130,200,100055,200,100131,100,99913,100,100161,100,99864,100,100437,100,99814,100,100824,100,99813,100,100830,100,99786,100,100966,100,99626,100
2019-06-28 09:48:00.000000000,100098,236,100092,336,100103,232,100091,152,100114,232,100061,232,100130,100,100055,100,100131,100,99913,100,100161,100,99864,100,100437,100,99814,100,100824,100,99813,100,100830,100,99786,100,100966,100,99626,100
2019-06-28 09:48:06.842915603,100098,236,100092,436,100103,232,100091,152,100114,232,100061,232,100130,100,100055,100,100131,100,99913,100,100161,100,99864,100,100437,100,99814,100,100824,100,99813,100,100830,100,99786,100,100966,100,99626,100
2019-06-28 09:48:10.000000000,100098,236,100092,436,100103,232,100091,152,100114,232,100061,232,100130,100,100055,100,100131,100,99913,100,100161,100,99864,100,100437,100,99814,100,100824,100,99813,100,100830,100,99786,100,100966,100,99626,100
2019-06-28 09:48:20.000000000,100098,500,100092,700,100103,100,100091,20,100114,100,100061,100,100130,100,100055,100,100131,100,99913,100,100161,100,99864,100,100437,100,99814,100,100824,100,99813,100,100830,100,99786,100,100966,100,99626,100
2019-06-28 09:48:21.631392182,100098,500,100092,700,100103,100,100091,20,100114,100,100061,100,100130,100,100055,100,100131,100,99913,100,100161,100,99864,100,100437,100,99814,100,100824,100,99813,100,100830,100,99786,100,100966,100,99626,100
2019-06-28 09:48:30.000000000,100098,180,100092,380,100103,180,100091,100,100114,180,100061,180,100130,180,100055,180,100131,180,99913,180,100161,100,99864,100,100437,100,99814,100,100824,100,99813,100,100830,100,99786,100,100966,100,99626,100
2019-06-28 09:48:39.482256848,100098,80,100092,380,100103,180,100091,100,100114,180,100061,180,100130,80,100055,180,100131,180,99913,180,100161,100,99864,100,100437,100,99814,100,100824,100,99813,100,100830,100,99786,100,100966,100,99626,100
2019-06-28 09:48:40.000000000,100103,200,100092,400,100114,200,100091,120,100131,200,100061,200,100161,200,100055,200,100437,100,99913,100,100824,100,99864,100,100830,100,99814,100,100966,100,99813,100,101011,100,99786,100,,,99626,100
2019-06-28 09:48:50.000000000,100103,236,100092,436,100114,232,100091,152,100131,232,100061,232,100161,100,100055,100,100437,100,99913,100,100824,100,99864,100,100830,100,99814,100,100966,100,99813,100,101011,100,99786,100,,,99626,100
2019-06-28 09:49:00.000000000,100103,300,100092,500,100114,300,100091,220,100131,100,100061,100,100161,100,100055,100,100437,100,99913,100,100824,100,99864,100,100830,100,99814,100,100966,100,99813,100,101011,100,99786,100,,,99626,100
2019-06-28 09:49:02.047758948,100103,200,100092,500,100114,300,100091,220,100131,100,100061,100,100161,100,100055,100,100437,100,99913,100,100824,100,99864,100,100830,100,99814,100,100966,100,99813,100,101011,100,99786,100,,,99626,100
2019-06-28 09:49:06.613812647,100103,200,100092,500,100114,300,100091,220,100131,100,100061,100,100161,100,100055,100,100437,100,99913,100,100824,100,99864,100,100830,100,99814,100,100966,100,99813,100,100989,100,99786,100,101011,100,99626,100
2019-06-28 09:49:10.000000000,100114,180,100092,380,100131,180,100091,100,100161,180,100061,180,100437,180,100055,180,100824,180,99913,180,100830,100,99864,100,100966,100,99814,100,100989,100,99813,100,101011,100,99786,100,,,99626,100
2019-06-28 09:49:20.000000000,100114,236,100092,436,100131,232,100091,152,100161,232,100061,232,100437,100,100055,100,100824,100,99913,100,100830,100,99864,100,100966,100,99814,100,100989,100,99813,100,101011,100,99786,100,,,99626,100
2019-06-28 09:49:30.000000000,100114,300,100092,500,100131,300,100091,220,100161,100,100061,100,100437,100,100055,100,100824,100,99913,100,100830,100,99864,100,100966,100,99814,100,100989,100,99813,100,101011,100,99786,100,,,99626,100
2019-06-28 09:49:40.000000000,100114,236,100092,436,100131,232,100091,152,100161,232,100061,232,100437,100,100055,100,100824,100,99913,100,100830,100,99864,100,100966,100,99814,100,100989,100,99813,100,101011,100,99786,100,,,99626,100
2019-06-28 09:49:50.000000000,100114,300,100092,500,100131,300,100091,220,100161,100,100061,100,100437,100,100055,100,100824,100,99913,100,100830,100,99864,100,100966,100,99814,100,100989,100,99813,100,101011,100,99786,100,,,99626,100
2019-06-28 09:50:00.000000000,100114,180,100092,380,100131,180,100091,100,100161,180,100061,180,100437,180,100055,180,100824,180,99913,180,100830,100,99864,100,100966,100,99814,100,100989,100,99813,100,101011,100,99786,100,,,99626,100
2019-06-28 09:50:09.951739755,100114,180,100092,380,100131,180,100091,100,100161,180,100061,180,100437,180,100055,180,100713,100,99913,180,100824,180,99864,100,100830,100,99814,100,100966,100,99813,100,100989,100,99786,100,101011,100,99626,100
2019-06-28 09:50:10.000000000,100114,180,100092,380,100131,180,100091,100,100161,180,100061,180,100437,180,100055,180,100713,180,99913,180,100824,100,99864,100,100830,100,99814,100,100966,100,99813,100,100989,100,99786,100,101011,100,99626,100
2019-06-28 09:50:15.739962487,100114,80,100092,380,100131,180,100091,100,100161,180,100061,180,100437,180,100055,180,100713,180,99913,180,100824,100,99864,100,100830,100,99814,100,100966,100,99813,100,100989,100,99786,100,101011,100,99626,100
2019-06-28 09:50:20.000000000,100131,236,100092,436,100161,232,100091,152,100437,232,100061,232,100713,100,100055,100,100824,100,99913,100,100830,100,99864,100,100966,100,99814,100,100989,100,99813,100,101011,100,99786,100,,,99626,100
2019-06-28 09:50:30.000000000,100131,300,100092,500,100161,300,100091,220,100437,100,100061,100,100713,100,100055,100,100824,100,99913,100,100830,100,99864,100,100966,100,99814,100,100989,100,99813,100,101011,100,99786,100,,,99626,100
2019-06-28 09:50:37.689913659,100131,300,100092,500,100161,300,100091,200,100437,100,100061,100,100713,100,100055,100,100824,100,99913,100,100830,100,99864,100,100966,100,99814,100,100989,100,99813,100,101011,100,99786,100,,,99626,100
2019-06-28 09:50:40.000000000,100131,180,100092,380,100161,180,100061,180,100437,180,100055,180,100713,180,99913,180,100824,180,99864,180,100830,100,99814,100,100966,100,99813,100,100989,100,99786,100,101011,100,99626,100,,,99359,100
2019-06-28 09:50:44.420446758,100131,180,100103,100,100161,180,100092,380,100437,180,100061,180,100713,180,100055,180,100824,180,99913,180,100830,100,99864,180,100966,100,99814,100,100989,100,99813,100,101011,100,99786,100,,,99626,100
2019-06-28 09:50:48.018692119,100131,180,100103,100,100161,180,100092,380,100437,180,100061,180,100616,100,100055,180,100713,180,99913,180,100824,180,99864,180,100830,100,99814,100,100966,100,99813,100,100989,100,99786,100,101011,100,99626,100
2019-06-28 09:50:50.000000000,100131,200,100103,200,100161,200,100092,400,100437,200,100061,200,100616,200,100055,200,100713,100,99913,100,100824,100,99864,100,100830,100,99814,100,100966,100,99813,100,100989,100,99786,100,101011,100,99626,100
2019-06-28 09:50:50.710282578,100131,200,100103,100,100161,200,100092,400,100437,200,100061,200,100616,200,100055,200,100713,100,99913,100,100824,100,99864,100,100830,100,99814,100,100966,100,99813,100,100989,100,99786,100,101011,100,99626,100
2019-06-28 09:51:00.000000000,100131,236,100092,436,100161,232,100061,232,100437,232,100055,232,100616,100,99913,100,100713,100,99864,100,100824,100,99814,100,100830,100,99813,100,100966,100,99786,100,100989,100,99626,100,101011,100,99359,100
2019-06-28 09:51:10.000000000,100131,200,100092,400,100161,200,100061,200,100437,200,100055,200,100616,200,99913,200,100713,100,99864,100,100824,100,99814,100,100830,100,99813,100,100966,100,99786,100,100989,100,99626,100,101011,100,99359,100
2019-06-28 09:51:20.000000000,100131,236,100092,436,100161,232,100061,232,100437,232,100055,232,100616,100,99913,100,100713,100,99864,100,100824,100,99814,100,100830,100,99813,100,100966,100,99786,100,100989,100,99626,100,101011,100,99359,100
2019-06-28 09:51:30.000000000,100131,236,100092,436,100161,232,100061,232,100437,232,100055,232,100616,100,99913,100,100713,100,99864,100,100824,100,99814,100,100830,100,99813,100,100966,100,99786,100,100989,100,99626,100,101011,100,99359,100
2019-06-28 09:51:40.000000000,100131,500,100092,700,100161,100,100061,100,100437,100,100055,100,100616,100,99913,100,100713,100,99864,100,100824,100,99814,100,100830,100,99813,100,100966,100,99786,100,100989,100,99626,100,101011,100,99359,100
2019-06-28 09:51:50.000000000,100131,500,100092,700,100161,100,100061,100,100437,100,100055,100,100616,100,99913,100,100713,100,99864,100,100824,100,99814,100,100830,100,99813,100,100966,100,99786,100,100989,100,99626,100,101011,100,99359,100
2019-06-28 09:52:00.000000000,100131,500,100092,700,100161,100,100061,100,100437,100,100055,100,100616,100,99913,100,100713,100,99864,100,100824,100,99814,100,100830,100,99813,100,100966,100,99786,100,100989,100,99626,100,101011,100,99359,100
2019-06-28 09:52:10.000000000,100131,200,100092,400,100161,200,100061,200,100437,200,100055,200,100616,200,99913,200,100713,100,99864,100,100824,100,99814,100,100830,100,99813,100,100966,100,99786,100,100989,100,99626,100,101011,100,99359,100
2019-06-28 09:52:10.848466249,100161,200,100092,400,100437,200,100061,200,100616,200,100055,200,100713,100,99913,200,100824,100,99864,100,100830,100,99814,100,100966,100,99813,100,100989,100,99786,100,101011,100,99626,100,,,99359,100
2019-06-28 09:52:20.000000000,100161,200,100092,400,100437,200,100061,200,100616,200,100055,200,100713,200,99913,200,100824,100,99864,100,100830,100,99814,100,100966,100,99813,100,100989,100,99786,100,101011,100,99626,100,,,99359,100
2019-06-28 09:52:30.000000000,100161,300,100092,500,100437,300,100061,300,100616,100,100055,100,100713,100,99913,100,100824,100,99864,100,100830,100,99814,100,100966,100,99813,100,100989,100,99786,100,101011,100,99626,100,,,99359,100
2019-06-28 09:52:37.452485170,100161,300,100092,500,100437,300,100061,300,100616,100,100055,100,100673,100,99913,100,100713,100,99864,100,100824,100,99814,100,100830,100,99813,100,100966,100,99786,100,100989,100,99626,100,101011,100,99359,100
2019-06-28 09:52:39.101355825,100161,300,100114,100,100437,300,100092,500,100616,100,100061,300,100673,100,100055,100,100713,100,99913,100,100824,100,99864,100,100830,100,99814,100,100966,100,99813,100,100989,100,99786,100,101011,100,99626,100
2019-06-28 09:52:40.000000000,100161,300,100114,300,100437,300,100092,500,100616,100,100061,100,100673,100,100055,100,100713,100,99913,100,100824,100,99864,100,100830,100,99814,100,100966,100,99813,100,100989,100,99786,100,101011,100,99626,100
2019-06-28 09:52:50.000000000,100161,500,100114,500,100437,100,100092,300,100616,100,100061,100,100673,100,100055,100,100713,100,99913,100,100824,100,99864,100,100830,100,99814,100,100966,100,99813,100,100989,100,99786,100,101011,100,99626,100
2019-06-28 09:53:00.000000000,100161,300,100114,300,100437,300,100092,500,100616,100,100061,100,100673,100,100055,100,100713,100,99913,100,100824,100,99864,100,100830,100,99814,100,100966,100,99813,100,100989,100,99786,100,101011,100,99626,100
2019-06-28 09:53:10.000000000,100161,200,100114,200,100437,200,100092,400,100616,200,100061,200,100673,200,100055,200,100713,100,99913,100,100824,100,99864,100,100830,100,99814,100,100966,100,99813,100,100989,100,99786,100,101011,100,99626,100
2019-06-28 09:53:19.132410384,100161,100,100114,200,100437,200,100092,400,100616,200,100061,200,100673,200,100055,200,100713,100,99913,100,100824,100,99864,100,100830,100,99814,100,100966,100,99813,100,100989,100,99786,100,101011,100,99626,100
2019-06-28 09:53:20.000000000,100437,236,100114,236,100616,232,100092,432,100673,232,100061,232,100713,100,100055,100,100824,100,99913,100,100830,100,99864,100,100966,100,99814,100,100989,100,99813,100,101011,100,99786,100,,,99626,100
2019-06-28 09:53:30.000000000,100437,500,100114,500,100616,100,100092,300,100673,100,100061,100,100713,100,100055,100,100824,100,99913,100,100830,100,99864,100,100966,100,99814,100,100989,100,99813,100,101011,100,99786,100,,,99626,100
2019-06-28 09:53:35.283017723,100437,500,100114,500,100616,100,100092,300,100673,100,100061,100,100713,100,100055,100,100824,100,99913,100,100830,100,99864,100,100966,100,99814,100,100989,100,99813,100,101011,100,99786,100,101108,100,99626,100
2019-06-28 09:53:40.000000000,100437,300,100114,300,100616,300,100092,500,100673,100,100061,100,100713,100,100055,100,100824,100,99913,100,100830,100,99864,100,100966,100,99814,100,100989,100,99813,100,101011,100,99786,100,101108,100,99626,100
2019-06-28 09:53:44.956494774,100437,300,100131,100,100616,300,100114,300,100673,100,100092,500,100713,100,100061,100,100824,100,100055,100,100830,100,99913,100,100966,100,99864,100,100989,100,99814,100,101011,100,99813,100,101108,100,99786,100
2019-06-28 09:53:50.000000000,100437,236,100131,236,100616,232,100114,232,100673,232,100092,432,100713,100,100061,100,100824,100,100055,100,100830,100,99913,100,100966,100,99864,100,100989,100,99814,100,101011,100,99813,100,101108,100,99786,100
2019-06-28 09:53:50.647254571,100437,236,100131,236,100616,232,100114,232,100673,232,100092,432,100713,100,100061,100,100824,100,100055,100,100830,100,99913,100,100966,100,99864,100,100989,100,99814,100,101011,100,99813,100,101186,100,99786,100
2019-06-28 09:53:55.321296262,100437,236,100131,236,100616,232,100114,232,100673,232,100092,432,100713,100,100061,100,100824,100,100055,100,100830,100,99913,100,100966,100,99864,100,100989,100,99814,100,101011,100,99813,100,101142,100,99786,100
2019-06-28 09:54:00.000000000,100437,300,100131,300,100616,300,100114,300,100673,100,100092,300,100713,100,100061,100,100824,100,100055,100,100830,100,99913,100,100966,100,99864,100,100989,100,99814,100,101011,100,99813,100,101142,100,99786,100
2019-06-28 09:54:04.834847725,100437,200,100131,300,100616,300,100114,300,100673,100,100092,300,100713,100,100061,100,100824,100,100055,100,100830,100,99913,100,100966,100,99864,100,100989,100,99814,100,101011,100,99813,100,101142,100,99786,100
2019-06-28 09:54:10.000000000,100616,500,100131,500,100673,100,100114,100,100713,100,100092,300,100824,100,100061,100,100830,100,100055,100,100966,100,99913,100,100989,100,99864,100,101011,100,99814,100,101142,100,99813,100,101186,100,99786,100
2019-06-28 09:54:12.582988782,100616,500,100161,100,100673,100,100131,500,100713,100,100114,100,100824,100,100092,200,100830,100,100061,100,100966,100,100055,100,100989,100,99913,100,101011,100,99864,100,101142,100,99814,100,101186,100,99813,100
2019-06-28 09:54:20.000000000,100616,236,100161,236,100673,232,100131,232,100713,232,100114,232,100824,100,100092,200,100830,100,100061,100,100966,100,100055,100,100989,100,99913,100,101011,100,99864,100,101142,100,99814,100,101186,100,99813,100
2019-06-28 09:54:30.000000000,100616,236,100161,236,100673,232,100131,232,100713,232,100114,232,100824,100,100092,200,100830,100,100061,100,100966,100,100055,100,100989,100,99913,100,101011,100,99864,100,101142,100,99814,100,101186,100,99813,100
2019-06-28 09:54:31.395432412,100463,100,100161,236,100616,236,100131,232,100673,232,100114,232,100713,232,100092,200,100824,100,100061,100,100830,100,100055,100,100966,100,99913,100,100989,100,99864,100,101011,100,99814,100,101142,100,99813,100
2019-06-28 09:54:40.000000000,100463,236,100161,236,100616,232,100131,232,100673,232,100114,232,100713,100,100092,200,100824,100,100061,100,100830,100,100055,100,100966,100,99913,100,100989,100,99864,100,101011,100,99814,100,101142,100,99813,100
2019-06-28 09:54:50.000000000,100463,500,100161,500,100616,100,100131,100,100673,100,100114,100,100713,100,100092,200,100824,100,100061,100,100830,100,100055,100,100966,100,99913,100,100989,100,99864,100,101011,100,99814,100,101142,100,99813,100
2019-06-28 09:54:51.383031210,100463,400,100161,500,100616,100,100131,100,100673,100,100114,100,100713,100,100092,200,100824,100,100061,100,100830,100,100055,100,100966,100,99913,100,100989,100,99864,100,101011,100,99814,100,101142,100,99813,100
2019-06-28 09:54:52.796985554,100463,300,100161,500,100616,100,100131,100,100673,100,100114,100,100713,100,100092,200,100824,100,100061,100,100830,100,100055,100,100966,100,99913,100,100989,100,99864,100,101011,100,99814,100,101142,100,99813,100
2019-06-28 09:55:00.000000000,100616,180,100161,180,100673,180,100131,180,100713,180,100114,180,100824,180,100092,280,100830,180,100061,180,100966,100,100055,100,100989,100,99913,100,101011,100,99864,100,101142,100,99814,100,,,99813,100
2019-06-28 09:55:04.783784097,100564,100,100161,180,100616,180,100131,180,100673,180,100114,180,100713,180,100092,280,100824,180,100061,180,100830,180,100055,100,100966,100,99913,100,100989,100,99864,100,101011,100,99814,100,101142,100,99813,100
2019-06-28 09:55:10.000000000,100564,200,100161,200,100616,200,100131,200,100673,200,100114,200,100713,200,100092,300,100824,100,100061,100,100830,100,100055,100,100966,100,99913,100,100989,100,99864,100,101011,100,99814,100,101142,100,99813,100
2019-06-28 09:55:20.000000000,100564,200,100161,200,100616,200,100131,200,100673,200,100114,200,100713,200,100092,300,100824,100,100061,100,100830,100,100055,100,100966,100,99913,100,100989,100,99864,100,101011,100,99814,100,101142,100,99813,100
2019-06-28 09:55:30.000000000,100564,236,100161,236,100616,232,100131,232,100673,232,100114,232,100713,100,100092,200,100824,100,100061,100,100830,100,100055,100,100966,100,99913,100,100989,100,99864,100,101011,100,99814,100,101142,100,99813,100
2019-06-28 09:55:38.260894057,100462,100,100161,236,100564,236,100131,232,100616,232,100114,232,100673,232,100092,200,100713,100,100061,100,100824,100,100055,100,100830,100,99913,100,100966,100,99864,100,100989,100,99814,100,101011,100,99813,100
2019-06-28 09:55:40.000000000,100462,180,100161,180,100564,180,100131,180,100616,180,100114,180,100673,180,100092,280,100713,180,100061,180,100824,100,100055,100,100830,100,99913,100,100966,100,99864,100,100989,100,99814,100,101011,100,99813,100
2019-06-28 09:55:50.000000000,100462,300,100161,300,100564,300,100131,300,100616,100,100114,100,100673,100,100092,200,100713,100,100061,100,100824,100,100055,100,100830,100,99913,100,100966,100,99864,100,100989,100,99814,100,101011,100,99813,100
2019-06-28 09:55:51.877927852,100462,300,100161,300,100564,300,100131,300,100616,100,100114,100,100673,100,100092,200,100713,100,100061,100,100824,100,100055,100,100830,100,99913,100,100966,100,99864,100,100989,100,99814,100,101011,100,99813,100
2019-06-28 09:56:00.000000000,100462,180,100161,180,100564,180,100131,180,100616,180,100114,180,100673,180,100092,280,100713,180,100061,180,100824,100,100055,100,100830,100,99913,100,100966,100,99864,100,100989,100,99814,100,101011,100,99813,100
2019-06-28 09:56:10.000000000,100462,200,100161,200,100564,200,100131,200,100616,200,100114,200,100673,200,100092,300,100713,100,100061,100,100824,100,100055,100,100830,100,99913,100,100966,100,99864,100,100989,100,99814,100,101011,100,99813,100
2019-06-28 09:56:19.760753260,100462,200,100161,100,100564,200,100131,200,100616,200,100114,200,100673,200,100092,300,100713,100,100061,100,100830,100,100055,100,100966,100,99913,100,100989,100,99864,100,101011,100,99814,100,101142,100,99813,100
2019-06-28 09:56:20.000000000,100462,500,100131,500,100564,100,100114,100,100616,100,100092,200,100673,100,100061,100,100713,100,100055,100,100830,100,99913,100,100966,100,99864,100,100989,100,99814,100,101011,100,99813,100,101142,100,99786,100
2019-06-28 09:56:20.852822975,100462,500,100131,500,100564,100,100114,100,100616,100,100092,200,100673,100,100061,100,100713,100,100055,100,100830,100,99913,100,100966,100,99864,100,100989,100,99814,100,101011,100,99813,100,101142,100,99786,100
2019-06-28 09:56:29.062488254,100462,500,100131,400,100564,100,100114,100,100616,100,100092,200,100673,100,100061,100,100713,100,100055,100,100830,100,99913,100,100989,100,99864,100,101011,100,99814,100,101142,100,99813,100,,,99786,100
2019-06-28 09:56:30.000000000,100462,200,100114,200,100564,200,100092,300,100616,200,100061,200,100673,200,100055,200,100713,100,99913,100,100830,100,99864,100,100989,100,99814,100,101011,100,99813,100,101142,100,99786,100,,,99753,100
2019-06-28 09:56:40.000000000,100462,500,100114,500,100564,100,100092,200,100616,100,100061,100,100673,100,100055,100,100713,100,99913,100,100830,100,99864,100,100989,100,99814,100,101011,100,99813,100,101142,100,99786,100,,,99753,100
2019-06-28 09:56:40.328427658,100462,500,100114,400,100564,100,100092,200,100616,100,100061,100,100673,100,100055,100,100713,100,99913,100,100830,100,99864,100,100989,100,99814,100,101011,100,99813,100,101142,100,99786,100,,,99753,100
2019-06-28 09:56:42.582837505,100131,100,100114,400,100462,500,100092,200,100564,100,100061,100,100616,100,100055,100,100673,100,99913,100,100713,100,99864,100,100830,100,99814,100,100989,100,99813,100,101011,100,99786,100,101142,100,99753,100
2019-06-28 09:56:45.051267691,100131,100,100114,300,100462,500,100092,200,100564,100,100061,100,100616,100,100055,100,100673,100,99913,100,100713,100,99864,100,100830,100,99814,100,100989,100,99813,100,101011,100,99786,100,101142,100,99753,100
2019-06-28 09:56:47.190200470,100131,100,100114,300,100462,400,100092,200,100564,100,100061,100,100616,100,100055,100,100673,100,99913,100,100713,100,99864,100,100830,100,99814,100,100989,100,99813,100,101011,100,99786,100,101142,100,99753,100
2019-06-28 09:56:49.033084381,100131,100,100114,200,100462,400,100092,200,100564,100,100061,100,100616,100,100055,100,100673,100,99913,100,100713,100,99864,100,100830,100,99813,100,100989,100,99786,100,101011,100,99753,100,101142,100,99626,100
2019-06-28 09:56:50.000000000,100131,300,100092,400,100564,300,100061,300,100616,100,100055,100,100673,100,99913,100,100713,100,99864,100,100830,100,99813,100,100989,100,99786,100,101011,100,99753,100,101142,100,99626,100,,,99359,100
2019-06-28 09:56:50.077449203,100114,100,100092,400,100131,300,100061,300,100564,300,100055,100,100616,100,99913,100,100673,100,99864,100,100713,100,99813,100,100830,100,99786,100,100989,100,99753,100,101011,100,99626,100,101142,100,99359,100
2019-06-28 09:56:50.805965194,100114,100,100092,300,100131,300,100061,300,100564,300,100055,100,100616,100,99913,100,100673,100,99864,100,100713,100,99813,100,100830,100,99786,100,100989,100,99753,100,101011,100,99359,100,101142,100,99202,100
2019-06-28 09:56:54.841121671,100113,100,100092,300,100114,100,100061,300,100131,300,100055,100,100564,300,99913,100,100616,100,99864,100,100673,100,99813,100,100713,100,99786,100,100830,100,99753,100,100989,100,99359,100,101011,100,99202,100
2019-06-28 09:56:57.908431384,100113,100,100092,200,100114,100,100061,300,100131,300,100055,100,100564,300,99913,100,100616,100,99864,100,100673,100,99813,100,100713,100,99786,100,100830,100,99753,100,100989,100,99359,100,101011,100,99202,100
2019-06-28 09:57:00.000000000,100113,500,100061,500,100114,100,100055,100,100131,100,99913,100,100564,100,99864,100,100616,100,99813,100,100673,100,99786,100,100713,100,99753,100,100830,100,99359,100,100989,100,99202,100,101011,100,99170,100
2019-06-28 09:57:04.138773593,100113,500,100061,500,100114,100,100055,100,100131,100,99913,100,100564,100,99864,100,100616,100,99813,100,100673,100,99786,100,100713,100,99753,100,100830,100,99457,100,100989,100,99359,100,101011,100,99202,100
2019-06-28 09:57:10.000000000,100113,236,100061,236,100114,232,100055,232,100131,232,99913,232,100564,100,99864,100,100616,100,99813,100,100673,100,99786,100,100713,100,99753,100,100830,100,99457,100,100989,100,99359,100,101011,100,99202,100
2019-06-28 09:57:20.000000000,100113,236,100061,236,100114,232,100055,232,100131,232,99913,232,100564,100,99864,100,100616,100,99813,100,100673,100,99786,100,100713,100,99753,100,100830,100,99457,100,100989,100,99359,100,101011,100,99202,100
2019-06-28 09:57:30.000000000,100113,180,100061,180,100114,180,100055,180,100131,180,99913,180,100564,180,99864,180,100616,180,99813,180,100673,100,99786,100,100713,100,99753,100,100830,100,99457,100,100989,100,99359,100,101011,100,99202,100
2019-06-28 09:57:40.000000000,100113,500,100061,500,100114,100,100055,100,100131,100,99913,100,100564,100,99864,100,100616,100,99813,100,100673,100,99786,100,100713,100,99753,100,100830,100,99457,100,100989,100,99359,100,101011,100,99202,100
2019-06-28 09:57:44.326405833,100113,500,100061,500,100114,100,100055,100,100131,100,99913,100,100564,100,99864,100,100616,100,99813,100,100673,100,99786,100,100713,100,99753,100,100830,100,99457,100,100989,100,99359,100,101011,100,99215,100
2019-06-28 09:57:50.000000000,100113,500,100061,500,100114,100,100055,100,100131,100,99913,100,100564,100,99864,100,100616,100,99813,100,100673,100,99786,100,100713,100,99753,100,100830,100,99457,100,100989,100,99359,100,101011,100,99215,100
2019-06-28 09:58:00.000000000,100113,500,100061,500,100114,100,100055,100,100131,100,99913,100,100564,100,99864,100,100616,100,99813,100,100673,100,99786,100,100713,100,99753,100,100830,100,99457,100,100989,100,99359,100,101011,100,99215,100
2019-06-28 09:58:10.000000000,100113,500,100061,500,100114,100,100055,100,100131,100,99913,100,100564,100,99864,100,100616,100,99813,100,100673,100,99786,100,100713,100,99753,100,100830,100,99457,100,100989,100,99359,100,101011,100,99215,100
2019-06-28 09:58:20.000000000,100113,236,100061,236,100114,232,100055,232,100131,232,99913,232,100564,100,99864,100,100616,100,99813,100,100673,100,99786,100,100713,100,99753,100,100830,100,99457,100,100989,100,99359,100,101011,100,99215,100
2019-06-28 09:58:30.000000000,100113,200,100061,200,100114,200,100055,200,100131,200,99913,200,100564,200,99864,200,100616,100,99813,100,100673,100,99786,100,100713,100,99753,100,100830,100,99457,100,100989,100,99359,100,101011,100,99215,100
2019-06-28 09:58:34.682676927,100113,200,100061,200,100114,200,100055,200,100131,200,99913,200,100564,200,99864,200,100616,100,99813,100,100673,100,99786,100,100713,100,99753,100,100830,100,99457,100,100989,100,99359,100,101011,100,99215,100
2019-06-28 09:58:36.599436886,100113,200,100061,100,100114,200,100055,200,100131,200,99913,200,100564,200,99864,200,100616,100,99813,100,100673,100,99786,100,100713,100,99753,100,100830,100,99457,100,100989,100,99359,100,101011,100,99215,100
2019-06-28 09:58:36.987923709,100113,200,100061,100,100114,200,100055,200,100131,200,99913,200,100564,200,99864,200,100616,100,99813,100,100673,100,99786,100,100713,100,99753,100,100830,100,99457,100,100989,100,99359,100,101011,100,99215,100
2019-06-28 09:58:38.607169934,100113,200,100061,100,100114,200,100055,200,100131,200,99913,100,100564,200,99864,200,100616,100,99813,100,100673,100,99786,100,100713,100,99753,100,100830,100,99457,100,100989,100,99359,100,101011,100,99215,100
2019-06-28 09:58:39.540403864,100113,200,100055,200,100114,200,99913,100,100131,200,99864,200,100564,200,99813,100,100616,100,99786,100,100673,100,99753,100,100713,100,99457,100,100830,100,99359,100,100989,100,99215,100,101011,100,99202,100
2019-06-28 09:58:40.000000000,100113,500,100055,500,100114,100,99864,100,100131,100,99813,100,100564,100,99786,100,100616,100,99753,100,100673,100,99457,100,100713,100,99359,100,100830,100,99215,100,100989,100,99202,100,101011,100,99170,100
2019-06-28 09:58:50.000000000,100113,180,100055,180,100114,180,99864,180,100131,180,99813,180,100564,180,99786,180,100616,180,99753,180,100673,100,99457,100,100713,100,99359,100,100830,100,99215,100,100989,100,99202,100,101011,100,99170,100
2019-06-28 09:58:56.390666675,100061,100,100055,180,100113,180,99864,180,100114,180,99813,180,100131,180,99786,180,100564,180,99753,180,100616,180,99457,100,100673,100,99359,100,100713,100,99215,100,100830,100,99202,100,100989,100,99170,100
2019-06-28 09:59:00.000000000,100061,200,100055,200,100113,200,99864,200,100114,200,99813,200,100131,200,99786,200,100564,100,99753,100,100616,100,99457,100,100673,100,99359,100,100713,100,99215,100,100830,100,99202,100,100989,100,99170,100
2019-06-28 09:59:06.368445298,100061,200,100055,100,100113,200,99864,200,100114,200,99813,200,100131,200,99786,200,100564,100,99753,100,100616,100,99457,100,100673,100,99359,100,100713,100,99215,100,100830,100,99202,100,100989,100,99170,100
2019-06-28 09:59:06.860534876,100061,200,100055,100,100113,200,99864,200,100114,200,99813,200,100131,200,99786,200,100564,100,99753,100,100616,100,99457,100,100673,100,99359,100,100713,100,99215,100,100830,100,99202,100,100989,100,99170,100
2019-06-28 09:59:07.814076301,100061,200,99864,200,100113,200,99813,200,100114,200,99786,200,100131,200,99457,100,100564,100,99359,100,100616,100,99215,100,100673,100,99202,100,100713,100,99170,100,100830,100,99003,100,100989,100,98999,100
2019-06-28 09:59:10.000000000,100061,180,99864,180,100113,180,99813,180,100114,180,99786,180,100131,180,99457,180,100564,180,99359,180,100616,100,99215,100,100673,100,99202,100,100713,100,99170,100,100830,100,99003,100,100989,100,98999,100
2019-06-28 09:59:20.000000000,100061,500,99864,500,100113,100,99813,100,100114,100,99786,100,100131,100,99457,100,100564,100,99359,100,100616,100,99215,100,100673,100,99202,100,100713,100,99170,100,100830,100,99003,100,100989,100,98999,100
2019-06-28 09:59:26.109773215,100061,500,99864,500,100113,100,99813,100,100114,100,99786,100,100131,100,99457,100,100564,100,99359,100,100616,100,99215,100,100673,100,99202,100,100713,100,99170,100,100830,100,99003,100,100989,100,98999,100
2019-06-28 09:59:30.000000000,100061,236,99864,236,100113,232,99813,232,100114,232,99786,232,100131,100,99457,100,100564,100,99359,100,100616,100,99215,100,100673,100,99202,100,100713,100,99170,100,100830,100,99003,100,100989,100,98999,100
2019-06-28 09:59:40.000000000,100061,236,99864,236,100113,232,99813,232,100114,232,99786,232,100131,100,99457,100,100564,100,99359,100,100616,100,99215,100,100673,100,99202,100,100713,100,99170,100,100830,100,99003,100,100989,100,98999,100
2019-06-28 09:59:50.000000000,100061,236,99864,236,100113,232,99813,232,100114,232,99786,232,100131,100,99457,100,100564,100,99359,100,100616,100,99215,100,100673,100,99202,100,100713,100,99170,100,100830,100,99003,100,100989,100,98999,100
2019-06-28 09:59:51.140286337,100061,236,99864,136,100113,232,99813,232,100114,232,99786,232,100131,100,99457,100,100616,100,99359,100,100673,100,99215,100,100713,100,99202,100,100830,100,99170,100,100989,100,99003,100,101011,100,98999,100
2019-06-28 10:00:00.000000000,100061,300,99813,300,100113,300,99786,300,100114,100,99457,100,100131,100,99359,100,100616,100,99215,100,100673,100,99202,100,100713,100,99170,100,100830,100,99003,100,100989,100,98999,100,101011,100,98959,100
2019-06-28 10:00:10.000000000,100061,180,99813,180,100113,180,99786,180,100114,180,99457,180,100131,180,99359,180,100616,180,99215,180,100673,100,99202,100,100713,100,99170,100,100830,100,99003,100,100989,100,98999,100,101011,100,98959,100
2019-06-28 10:00:20.000000000,100061,500,99813,500,100113,100,99786,100,100114,100,99457,100,100131,100,99359,100,100616,100,99215,100,100673,100,99202,100,100713,100,99170,100,100830,100,99003,100,100989,100,98999,100,101011,100,98959,100
2019-06-28 10:00:30.000000000,100061,300,99813,300,100113,300,99786,300,100114,100,99457,100,100131,100,99359,100,100616,100,99215,100,100673,100,99202,100,100713,100,99170,100,100830,100,99003,100,100989,100,98999,100,101011,100,98959,100
2019-06-28 10:00:31.943012763,100061,300,99813,200,100113,300,99786,300,100114,100,99457,100,100131,100,99359,100,100616,100,99215,100,100673,100,99202,100,100713,100,99170,100,100830,100,99003,100,100989,100,98999,100,101011,100,98959,100
2019-06-28 10:00:34.442508333,100061,300,99813,100,100113,300,99786,300,100114,100,99457,100,100131,100,99359,100,100616,100,99215,100,100673,100,99202,100,100713,100,99170,100,100830,100,99003,100,100989,100,98999,100,101011,100,98959,100
2019-06-28 10:00:40.000000000,100061,300,99786,300,100113,300,99457,300,100114,100,99359,100,100131,100,99215,100,100616,100,99202,100,100673,100,99170,100,100713,100,99003,100,100830,100,98999,100,100989,100,98959,100,101011,100,98942,100
2019-06-28 10:00:50.000000000,100061,500,99786,500,100113,100,99457,100,100114,100,99359,100,100131,100,99215,100,100616,100,99202,100,100673,100,99170,100,100713,100,99003,100,100830,100,98999,100,100989,100,98959,100,101011,100,98942,100
2019-06-28 10:01:00.000000000,100061,300,99786,300,100113,300,99457,300,100114,100,99359,100,100131,100,99215,100,100616,100,99202,100,100673,100,99170,100,100713,100,99003,100,100830,100,98999,100,100989,100,98959,100,101011,100,98942,100
2019-06-28 10:01:10.000000000,100061,180,99786,180,100113,180,99457,180,100114,180,99359,180,100131,180,99215,180,100616,180,99202,180,100673,100,99170,100,100713,100,99003,100,100830,100,98999,100,100989,100,98959,100,101011,100,98942,100
2019-06-28 10:01:20.000000000,100061,180,99786,180,100113,180,99457,180,100114,180,99359,180,100131,180,99215,180,100616,180,99202,180,100673,100,99170,100,100713,100,99003,100,100830,100,98999,100,100989,100,98959,100,101011,100,98942,100
2019-06-28 10:01:30.000000000,100061,200,99786,200,100113,200,99457,200,100114,200,99359,200,100131,200,99215,200,100616,100,99202,100,100673,100,99170,100,100713,100,99003,100,100830,100,98999,100,100989,100,98959,100,101011,100,98942,100
2019-06-28 10:01:40.000000000,100061,180,99786,180,100113,180,99457,180,100114,180,99359,180,100131,180,99215,180,100616,180,99202,180,100673,100,99170,100,100713,100,99003,100,100830,100,98999,100,100989,100,98959,100,101011,100,98942,100
2019-06-28 10:01:41.406440407,100061,180,99786,80,100113,180,99457,180,100114,180,99359,180,100131,180,99215,180,100616,180,99202,180,100673,100,99170,100,100713,100,99003,100,100830,100,98999,100,100989,100,98959,100,101011,100,98942,100
2019-06-28 10:01:41.492599552,100061,180,99786,80,100113,180,99457,180,100114,180,99359,180,100131,180,99215,180,100616,180,99202,180,100673,100,99170,100,100713,100,99003,100,100830,100,98999,100,100989,100,98959,100,101011,100,98942,100
2019-06-28 10:01:50.000000000,100061,180,99457,180,100113,180,99359,180,100114,180,99215,180,100131,180,99202,180,100616,180,99170,180,100673,100,99003,100,100713,100,98999,100,100830,100,98959,100,100989,100,98942,100,101011,100,98707,100
2019-06-28 10:02:00.000000000,100061,500,99457,500,100113,100,99359,100,100114,100,99215,100,100131,100,99202,100,100616,100,99170,100,100673,100,99003,100,100713,100,98999,100,100830,100,98959,100,100989,100,98942,100,101011,100,98707,100
2019-06-28 10:02:10.000000000,100061,180,99457,180,100113,180,99359,180,100114,180,99215,180,100131,180,99202,180,100616,180,99170,180,100673,100,99003,100,100713,100,98999,100,100830,100,98959,100,100989,100,98942,100,101011,100,98707,100
2019-06-28 10:02:20.000000000,100061,236,99457,236,100113,232,99359,232,100114,232,99215,232,100131,100,99202,100,100616,100,99170,100,100673,100,99003,100,100713,100,98999,100,100830,100,98959,100,100989,100,98942,100,101011,100,98707,100
2019-06-28 10:02:21.628101832,100061,236,99457,136,100113,232,99359,232,100114,232,99215,232,100131,100,99202,100,100616,100,99170,100,100713,100,99003,100,100830,100,98999,100,100989,100,98959,100,101011,100,98942,100,,,98707,100
2019-06-28 10:02:30.000000000,100061,500,99359,500,100113,100,99215,100,100114,100,99202,100,100131,100,99170,100,100616,100,99003,100,100713,100,98999,100,100830,100,98959,100,100989,100,98942,100,101011,100,98707,100,,,98645,100
2019-06-28 10:02:40.000000000,100061,180,99359,180,100113,180,99215,180,100114,180,99202,180,100131,180,99170,180,100616,180,99003,180,100713,100,98999,100,100830,100,98959,100,100989,100,98942,100,101011,100,98707,100,,,98645,100
2019-06-28 10:02:41.410128983,99786,100,99359,180,100061,80,99215,180,100113,180,99202,180,100114,180,99170,180,100131,180,99003,180,100616,180,98999,100,100713,100,98959,100,100830,100,98942,100,100989,100,98707,100,101011,100,98645,100
2019-06-28 10:02:48.650493903,99786,100,99359,180,100061,80,99215,180,100113,180,99202,180,100114,180,99170,180,100131,180,99003,180,100616,180,98999,100,100713,100,98959,100,100830,100,98942,100,100989,100,98707,100,101011,100,98645,100
2019-06-28 10:02:50.000000000,99786,500,99359,500,100113,100,99215,100,100114,100,99202,100,100131,100,99170,100,100616,100,99003,100,100713,100,98999,100,100830,100,98959,100,100989,100,98942,100,101011,100,98707,100,,,98645,100
2019-06-28 10:03:00.000000000,99786,300,99359,300,100113,300,99215,300,100114,100,99202,100,100131,100,99170,100,100616,100,99003,100,100713,100,98999,100,100830,100,98959,100,100989,100,98942,100,101011,100,98707,100,,,98645,100
2019-06-28 10:03:09.985759459,99786,300,99359,300,100113,300,99215,300,100114,100,99202,100,100131,100,99170,100,100616,100,99003,100,100713,100,98999,100,100830,100,98959,100,100989,100,98942,100,101011,100,98707,100,,,98645,100
2019-06-28 10:03:10.000000000,99786,300,99359,300,100113,300,99215,300,100114,100,99202,100,100131,100,99170,100,100616,100,99003,100,100713,100,98999,100,100830,100,98959,100,100989,100,98942,100,101011,100,98707,100,,,98645,100
2019-06-28 10:03:19.951889762,99786,300,99359,200,100113,300,99215,300,100114,100,99202,100,100131,100,99170,100,100616,100,99003,100,100713,100,98999,100,100830,100,98959,100,100989,100,98942,100,101011,100,98707,100,,,98645,100
2019-06-28 10:03:20.000000000,99786,180,99215,180,100113,180,99202,180,100114,180,99170,180,100131,180,99003,180,100616,180,98999,180,100713,100,98959,100,100830,100,98942,100,100989,100,98707,100,101011,100,98645,100,,,98478,100
2019-06-28 10:03:30.000000000,99786,180,99215,180,100113,180,99202,180,100114,180,99170,180,100131,180,99003,180,100616,180,98999,180,100713,100,98959,100,100830,100,98942,100,100989,100,98707,100,101011,100,98645,100,,,98478,100
2019-06-28 10:03:40.000000000,99786,300,99215,300,100113,300,99202,300,100114,100,99170,100,100131,100,99003,100,100616,100,98999,100,100713,100,98959,100,100830,100,98942,100,100989,100,98707,100,101011,100,98645,100,,,98478,100
2019-06-28 10:03:50.000000000,99786,200,99215,200,100113,200,99202,200,100114,200,99170,200,100131,200,99003,200,100616,100,98999,100,100713,100,98959,100,100830,100,98942,100,100989,100,98707,100,101011,100,98645,100,,,98478,100
2019-06-28 10:03:54.185103465,99786,200,99215,100,100113,200,99202,200,100114,200,99170,200,100131,200,99003,200,100616,100,98959,100,100713,100,98942,100,100830,100,98707,100,100989,100,98645,100,101011,100,98478,100,,,98138,100
2019-06-28 10:04:00.000000000,99786,200,99202,200,100113,200,99170,200,100114,200,99003,200,100131,200,98959,200,100616,100,98942,100,100713,100,98707,100,100830,100,98645,100,100989,100,98478,100,101011,100,98138,100,,,97852,100
2019-06-28 10:04:01.636369310,99786,200,99202,100,100113,200,99170,200,100114,200,99003,200,100131,200,98959,200,100616,100,98942,100,100713,100,98707,100,100830,100,98645,100,100989,100,98478,100,101011,100,98138,100,,,97852,100
2019-06-28 10:04:09.680744680,99215,100,99202,100,99786,200,99170,200,100113,200,99003,200,100114,200,98959,200,100131,200,98942,100,100616,100,98707,100,100713,100,98645,100,100830,100,98478,100,100989,100,98138,100,101011,100,97852,100
2019-06-28 10:04:10.000000000,99215,236,99170,236,99786,232,99003,232,100113,232,98959,232,100114,100,98942,100,100131,100,98707,100,100616,100,98645,100,100713,100,98478,100,100830,100,98138,100,100989,100,97852,100,101011,100,,
2019-06-28 10:04:12.094156154,99215,236,99170,236,99786,232,99003,232,100113,232,98959,232,100114,100,98942,100,100616,100,98707,100,100713,100,98645,100,100830,100,98478,100,100989,100,98138,100,101011,100,97852,100,,,,
2019-06-28 10:04:20.000000000,99215,180,99170,180,99786,180,99003,180,100113,180,98959,180,100114,180,98942,180,100616,180,98707,180,100713,100,98645,100,100830,100,98478,100,100989,100,98138,100,101011,100,97852,100,,,,
2019-06-28 10:04:30.000000000,99215,500,99170,500,99786,100,99003,100,100113,100,98959,100,100114,100,98942,100,100616,100,98707,100,100713,100,98645,100,100830,100,98478,100,100989,100,98138,100,101011,100,97852,100,,,,
2019-06-28 10:04:40.000000000,99215,200,99170,200,99786,200,99003,200,100113,200,98959,200,100114,200,98942,200,100616,100,98707,100,100713,100,98645,100,100830,100,98478,100,100989,100,98138,100,101011,100,97852,100,,,,
2019-06-28 10:04:50.000000000,99215,300,99170,300,99786,300,99003,300,100113,100,98959,100,100114,100,98942,100,100616,100,98707,100,100713,100,98645,100,100830,100,98478,100,100989,100,98138,100,101011,100,97852,100,,,,
2019-06-28 10:05:00.000000000,99215,200,99170,200,99786,200,99003,200,100113,200,98959,200,100114,200,98942,200,100616,100,98707,100,100713,100,98645,100,100830,100,98478,100,100989,100,98138,100,101011,100,97852,100,,,,
2019-06-28 10:05:10.000000000,99215,236,99170,236,99786,232,99003,232,100113,232,98959,232,100114,100,98942,100,100616,100,98707,100,100713,100,98645,100,100830,100,98478,100,100989,100,98138,100,101011,100,97852,100,,,,
2019-06-28 10:05:14.580237460,99215,236,99170,136,99786,232,99003,232,100113,232,98959,232,100114,100,98942,100,100616,100,98707,100,100713,100,98645,100,100830,100,98478,100,100989,100,98138,100,101011,100,97852,100,,,,
2019-06-28 10:05:15.136889240,99215,236,99170,136,99786,232,99003,232,100113,232,98959,232,100114,100,98942,100,100616,100,98707,100,100713,100,98478,100,100830,100,98138,100,100989,100,97852,100,101011,100,97686,100,,,,
2019-06-28 10:05:20.000000000,99215,236,99003,236,99786,232,98959,232,100113,232,98942,232,100114,100,98707,100,100616,100,98478,100,100713,100,98138,100,100830,100,97852,100,100989,100,97686,100,101011,100,,,,,,
2019-06-28 10:05:30.000000000,99215,300,99003,300,99786,300,98959,300,100113,100,98942,100,100114,100,98707,100,100616,100,98478,100,100713,100,98138,100,100830,100,97852,100,100989,100,97686,100,101011,100,,,,,,
2019-06-28 10:05:31.774272647,99215,300,99003,300,99786,300,98959,300,100113,100,98942,100,100114,100,98707,100,100616,100,98478,100,100713,100,98138,100,100830,100,97852,100,101011,100,97771,100,,,97686,100,,,,
2019-06-28 10:05:37.305143555,99215,300,99003,300,99786,300,98959,300,100113,100,98942,100,100114,100,98707,100,100616,100,98478,100,100713,100,98138,100,100830,100,97852,100,101011,100,97805,100,,,97771,100,,,97686,100
2019-06-28 10:05:40.000000000,99215,300,99003,300,99786,300,98959,300,100113,100,98942,100,100114,100,98707,100,100616,100,98478,100,100713,100,98138,100,100830,100,97852,100,101011,100,97805,100,,,97771,100,,,97686,100
2019-06-28 10:05:50.000000000,99215,236,99003,236,99786,232,98959,232,100113,232,98942,232,100114,100,98707,100,100616,100,98478,100,100713,100,98138,100,100830,100,97852,100,101011,100,97805,100,,,97771,100,,,97686,100
2019-06-28 10:05:56.946031185,99202,100,99003,236,99215,236,98959,232,99786,232,98942,232,100113,232,98707,100,100114,100,98478,100,100616,100,98138,100,100713,100,97852,100,100830,100,97805,100,101011,100,97771,100,,,97686,100
2019-06-28 10:06:00.000000000,99202,236,99003,236,99215,232,98959,232,99786,232,98942,232,100113,100,98707,100,100114,100,98478,100,100616,100,98138,100,100713,100,97852,100,100830,100,97805,100,101011,100,97771,100,,,97686,100
2019-06-28 10:06:10.000000000,99202,236,99003,236,99215,232,98959,232,99786,232,98942,232,100113,100,98707,100,100114,100,98478,100,100616,100,98138,100,100713,100,97852,100,100830,100,97805,100,101011,100,97771,100,,,97686,100
2019-06-28 10:06:17.871334962,99202,236,99003,136,99215,232,98959,232,99786,232,98942,232,100113,100,98707,100,100114,100,98478,100,100616,100,98138,100,100713,100,97852,100,100830,100,97805,100,,,97771,100,,,97686,100
2019-06-28 10:06:20.000000000,99202,236,98959,236,99215,232,98942,232,99786,232,98707,232,100113,100,98478,100,100114,100,98138,100,100616,100,97852,100,100713,100,97805,100,100830,100,97771,100,,,97686,100,,,,
2019-06-28 10:06:21.928236171,99170,100,98959,236,99202,236,98942,232,99215,232,98707,232,99786,232,98478,100,100113,100,98138,100,100114,100,97852,100,100616,100,97805,100,100713,100,97771,100,100830,100,97686,100,,,,
2019-06-28 10:06:30.000000000,99170,300,98959,300,99202,300,98942,300,99215,100,98707,100,99786,100,98478,100,100113,100,98138,100,100114,100,97852,100,100616,100,97805,100,100713,100,97771,100,100830,100,97686,100,,,,
2019-06-28 10:06:34.139829225,99170,300,98959,300,99202,300,98942,300,99215,100,98707,100,99786,100,98478,100,100113,100,98138,100,100114,100,97969,100,100616,100,97852,100,100713,100,97805,100,100830,100,97771,100,,,97686,100
2019-06-28 10:06:40.000000000,99170,300,98959,300,99202,300,98942,300,99215,100,98707,100,99786,100,98478,100,100113,100,98138,100,100114,100,97969,100,100616,100,97852,100,100713,100,97805,100,100830,100,97771,100,,,97686,100
2019-06-28 10:06:50.000000000,99170,500,98959,500,99202,100,98942,100,99215,100,98707,100,99786,100,98478,100,100113,100,98138,100,100114,100,97969,100,100616,100,97852,100,100713,100,97805,100,100830,100,97771,100,,,97686,100
2019-06-28 10:06:54.940671572,99170,500,98959,500,99202,100,98942,100,99215,100,98707,100,99786,100,98478,100,100113,100,98138,100,100114,100,97969,100,100616,100,97852,100,100713,100,97805,100,100830,100,97771,100,,,97686,100
2019-06-28 10:06:58.210661622,99170,600,98959,500,99215,100,98942,100,99786,100,98707,100,100113,100,98478,100,100114,100,98138,100,100616,100,97969,100,100713,100,97852,100,100830,100,97805,100,,,97771,100,,,97686,100
