,ask_price_1,ask_size_1,bid_price_1,bid_size_1,ask_price_2,ask_size_2,bid_price_2,bid_size_2,ask_price_3,ask_size_3,bid_price_3,bid_size_3,ask_price_4,ask_size_4,bid_price_4,bid_size_4,ask_price_5,ask_size_5,bid_price_5,bid_size_5,ask_price_6,ask_size_6,bid_price_6,bid_size_6,ask_price_7,ask_size_7,bid_price_7,bid_size_7,ask_price_8,ask_size_8,bid_price_8,bid_size_8,ask_price_9,ask_size_9,bid_price_9,bid_size_9,ask_price_10,ask_size_10,bid_price_10,bid_size_10
2019-06-28 09:30:00.000000000,,,100012,100,,,,,,,,,,,,,,,,,,,,,,,,,,,,,,,,,,,,
2019-06-28 09:30:00.000000001,100105,100,100012,100,100109,100,,,,,,,,,,,,,,,,,,,,,,,,,,,,,,,,,,
2019-06-28 09:30:00.000000003,100017,100,100012,100,100105,100,,,100109,100,,,,,,,,,,,,,,,,,,,,,,,,,,,,,,
2019-06-28 09:30:00.000000005,100017,100,100014,100,100105,100,100012,100,100109,100,,,,,,,,,,,,,,,,,,,,,,,,,,,,,,
2019-06-28 09:30:00.000000008,100017,100,100014,100,100067,100,100012,100,100105,100,99974,100,100109,100,,,100115,100,,,,,,,,,,,,,,,,,,,,,,
2019-06-28 09:30:00.000000009,100017,100,100014,100,100067,100,100012,100,100105,100,99974,100,100109,100,99843,100,100115,100,,,100127,100,,,,,,,,,,,,,,,,,,
2019-06-28 09:30:00.000000013,100017,100,100012,100,100067,100,99974,100,100105,100,99843,100,100109,100,,,100115,100,,,100127,100,,,,,,,,,,,,,,,,,,
2019-06-28 09:30:00.000000016,100017,100,100012,100,100067,100,99974,100,100105,100,99867,100,100109,100,99843,100,100115,100,,,100127,100,,,,,,,,,,,,,,,,,,
2019-06-28 09:30:00.000000017,100017,100,100012,100,100067,100,99974,100,100105,100,99878,100,100109,100,99867,100,100115,100,99843,100,100127,100,,,,,,,,,,,,,,,,,,
2019-06-28 09:30:00.000000019,100017,100,100012,100,100067,100,99974,100,100105,100,99878,100,100109,100,99867,100,100115,100,99843,100,100127,100,99833,100,,,,,,,,,,,,,,,,
2019-06-28 09:30:00.000000023,100017,100,99974,100,100067,100,99878,100,100105,100,99867,100,100109,100,99843,100,100115,100,99833,100,100127,100,,,,,,,,,,,,,,,,,,
2019-06-28 09:30:00.000000026,100017,100,99974,100,100067,100,99935,100,100105,100,99878,100,100109,100,99867,100,100115,100,99843,100,100127,100,99833,100,,,,,,,,,,,,,,,,
2019-06-28 09:30:00.000000029,100017,100,99974,100,100067,100,99935,100,100105,100,99878,100,100109,100,99867,100,100115,100,99860,100,100127,100,99843,100,,,99833,100,,,,,,,,,,,,
2019-06-28 09:30:00.000000030,100017,100,99974,100,100067,100,99935,100,100105,200,99878,100,100109,100,99867,100,100115,100,99860,100,100127,100,99843,100,,,99833,100,,,,,,,,,,,,
2019-06-28 09:30:00.000000031,100017,100,99974,100,100067,100,99935,100,100099,100,99878,100,100105,200,99867,100,100109,100,99860,100,100115,100,99843,100,100127,100,99833,100,,,,,,,,,,,,
2019-06-28 09:30:00.000000032,100017,100,99974,100,100067,100,99935,100,100099,100,99878,100,100105,200,99867,100,100109,100,99860,100,100115,100,99845,100,100127,100,99843,100,100164,100,99833,100,,,,,,,,
2019-06-28 09:30:00.000000033,100017,100,99974,100,100067,100,99935,100,100099,100,99920,100,100105,200,99878,100,100109,100,99867,100,100115,100,99860,100,100127,100,99845,100,100164,100,99843,100,,,99833,100,,,99821,100
2019-06-28 09:30:00.000000034,100017,100,99974,100,100031,100,99935,100,100067,100,99920,100,100099,100,99878,100,100105,200,99867,100,100109,100,99860,100,100115,100,99845,100,100127,100,99843,100,100164,100,99833,100,,,99821,100
2019-06-28 09:30:00.000000036,100017,100,99974,100,100031,100,99941,100,100067,100,99935,100,100099,100,99920,100,100105,200,99878,100,100109,100,99867,100,100115,100,99860,100,100127,100,99845,100,100164,100,99843,100,,,99833,100
2019-06-28 09:30:00.000000038,100017,100,99976,100,100031,100,99974,100,100067,100,99941,100,100099,100,99935,100,100105,200,99920,100,100109,100,99878,100,100115,100,99867,100,100127,100,99860,100,100164,100,99845,100,,,99843,100
2019-06-28 09:30:00.000000039,100014,100,99976,100,100017,100,99974,100,100031,100,99941,100,100067,100,99935,100,100099,100,99920,100,100105,200,99878,100,100109,100,99867,100,100115,100,99860,100,100127,100,99845,100,100164,100,99843,100
2019-06-28 09:30:00.000000040,100014,100,99976,100,100017,100,99974,100,100031,100,99941,100,100067,100,99935,100,100099,100,99920,100,100105,200,99904,100,100109,100,99878,100,100115,100,99867,100,100127,100,99860,100,100164,100,99845,100
2019-06-28 09:30:00.000000041,100014,100,99976,100,100017,100,99974,100,100031,100,99941,100,100067,100,99935,100,100099,100,99920,100,100105,200,99904,100,100109,100,99878,100,100115,100,99867,100,100127,100,99860,100,100164,100,99845,100
2019-06-28 09:30:00.000000042,100014,100,99976,100,100017,100,99974,100,100031,100,99941,100,100067,100,99935,100,100099,100,99920,100,100105,200,99904,100,100109,100,99878,100,100115,100,99869,100,100127,100,99867,100,100164,100,99860,100
2019-06-28 09:30:00.000000043,100014,200,99976,100,100017,100,99974,100,100031,100,99941,100,100067,100,99935,100,100099,100,99920,100,100105,200,99904,100,100109,100,99878,100,100115,100,99869,100,100127,100,99867,100,100164,100,99860,100
2019-06-28 09:30:00.000000046,100014,200,99976,100,100017,100,99974,100,100031,100,99941,100,100067,100,99935,100,100099,100,99920,100,100105,200,99904,100,100109,100,99878,100,100115,100,99869,100,100127,100,99867,100,100153,100,99860,100
2019-06-28 09:30:00.000000047,99993,100,99976,100,100014,200,99974,100,100017,100,99941,100,100031,100,99935,100,100067,100,99920,100,100099,100,99904,100,100105,200,99878,100,100109,100,99869,100,100115,100,99867,100,100127,100,99860,100
2019-06-28 09:30:00.000000048,99993,100,99976,100,100014,200,99974,100,100017,100,99941,100,100031,100,99935,100,100045,100,99920,100,100067,100,99904,100,100099,100,99878,100,100105,200,99869,100,100109,100,99867,100,100115,100,99860,100
2019-06-28 09:30:00.000000050,99993,100,99976,100,100014,200,99974,100,100017,100,99941,100,100031,100,99935,100,100045,100,99920,100,100067,100,99904,100,100099,100,99878,100,100105,200,99869,100,100109,100,99867,100,100115,100,99860,100
2019-06-28 09:30:00.000000052,99993,100,99976,100,100014,300,99974,100,100017,100,99941,100,100031,100,99935,100,100045,100,99920,100,100067,100,99904,100,100099,100,99878,100,100105,200,99869,100,100109,100,99867,100,100115,100,99860,100
2019-06-28 09:30:00.000000057,99993,100,99976,100,100010,100,99974,100,100014,300,99941,100,100017,100,99935,100,100031,100,99920,100,100045,100,99904,100,100067,100,99878,100,100099,100,99869,100,100105,200,99867,100,100109,100,99860,100
2019-06-28 09:30:00.000000059,99993,100,99976,100,100010,100,99974,100,100014,300,99941,100,100017,100,99935,100,100031,100,99920,100,100045,100,99904,100,100067,100,99878,100,100099,200,99869,100,100105,200,99867,100,100109,100,99860,100
2019-06-28 09:30:00.000000061,100010,100,99976,100,100014,300,99974,100,100017,100,99941,100,100031,100,99935,100,100045,100,99920,100,100067,100,99904,100,100099,200,99878,100,100105,200,99869,100,100109,100,99867,100,100115,100,99860,100
2019-06-28 09:30:00.000000063,100010,100,99974,100,100014,300,99941,100,100017,100,99935,100,100031,100,99920,100,100045,100,99904,100,100067,100,99878,100,100099,200,99869,100,100105,200,99867,100,100109,100,99860,100,100115,100,99845,100
2019-06-28 09:30:00.000000064,100010,100,99941,100,100014,300,99935,100,100017,100,99920,100,100031,100,99904,100,100045,100,99878,100,100067,100,99869,100,100099,200,99867,100,100105,200,99860,100,100109,100,99845,100,100115,100,99844,100
2019-06-28 09:30:00.000000065,100010,100,99941,100,100014,300,99935,100,100017,100,99920,100,100031,100,99917,100,100045,100,99904,100,100067,100,99878,100,100099,200,99869,100,100105,200,99867,100,100109,100,99860,100,100115,100,99845,100
2019-06-28 09:30:00.000000070,99988,100,99941,100,100010,100,99935,100,100014,300,99920,100,100017,100,99917,100,100031,100,99904,100,100045,100,99878,100,100067,100,99869,100,100099,200,99867,100,100105,200,99860,100,100109,100,99845,100
2019-06-28 09:30:00.000000072,99988,100,99941,100,100010,100,99935,100,100014,300,99920,100,100017,100,99917,100,100031,100,99904,100,100045,100,99884,100,100067,100,99878,100,100099,200,99869,100,100105,200,99867,100,100109,100,99860,100
2019-06-28 09:30:00.000000073,99988,100,99985,100,100010,100,99941,100,100014,300,99935,100,100017,100,99920,100,100031,100,99917,100,100045,100,99904,100,100067,100,99884,100,100099,200,99878,100,100105,200,99869,100,100109,100,99867,100
2019-06-28 09:30:00.000000076,99988,100,99985,100,100010,100,99941,100,100014,300,99935,100,100017,100,99920,100,100031,100,99917,100,100045,100,99904,100,100067,100,99884,100,100099,200,99878,100,100105,200,99869,100,100109,100,99867,100
2019-06-28 09:30:00.000000078,99988,100,99985,100,100010,100,99941,100,100014,300,99935,100,100017,100,99920,100,100031,100,99917,100,100045,100,99904,100,100067,100,99884,100,100099,200,99879,100,100105,200,99878,100,100109,100,99869,100
2019-06-28 09:30:00.000000081,99988,100,99985,100,100010,100,99941,100,100014,300,99935,100,100017,100,99920,100,100031,100,99917,100,100045,100,99904,100,100067,100,99884,100,100099,200,99882,100,100105,200,99879,100,100109,100,99878,100
2019-06-28 09:30:00.000000082,99988,100,99985,100,100010,100,99974,100,100014,300,99941,100,100017,100,99935,100,100031,100,99920,100,100045,100,99917,100,100067,100,99904,100,100099,200,99884,100,100105,200,99882,100,100109,100,99879,100
2019-06-28 09:30:00.000000083,99988,100,99985,100,100010,100,99974,100,100014,300,99941,100,100017,100,99935,100,100031,100,99920,100,100043,100,99917,100,100045,100,99904,100,100067,100,99884,100,100099,200,99882,100,100105,200,99879,100
2019-06-28 09:30:00.000000086,99988,100,99974,100,100010,100,99941,100,100014,300,99935,100,100017,100,99920,100,100031,100,99917,100,100043,100,99904,100,100044,100,99884,100,100045,100,99882,100,100067,100,99879,100,100099,200,99878,100
2019-06-28 09:30:00.000000087,99988,100,99974,100,100010,100,99941,100,100014,300,99935,100,100017,100,99920,100,100031,100,99917,100,100043,100,99904,100,100044,100,99884,100,100045,100,99882,100,100047,100,99879,100,100067,100,99878,100
2019-06-28 09:30:00.000000088,99988,100,99974,100,100010,100,99949,100,100014,300,99941,100,100017,100,99935,100,100031,100,99920,100,100043,100,99917,100,100044,100,99904,100,100045,100,99884,100,100047,100,99882,100,100067,100,99879,100
2019-06-28 09:30:00.000000089,99988,100,99974,100,100010,100,99949,100,100014,300,99941,100,100017,100,99935,100,100031,100,99920,100,100043,100,99917,100,100044,100,99904,100,100045,100,99884,100,100047,100,99882,100,100067,100,99879,100
2019-06-28 09:30:00.000000092,99988,100,99974,100,100010,100,99949,100,100014,300,99941,100,100017,100,99935,100,100031,100,99920,100,100043,100,99917,100,100044,100,99904,100,100045,100,99884,100,100047,100,99882,100,100056,100,99879,100
2019-06-28 09:30:00.000000094,99988,100,99974,100,100010,100,99949,100,100014,300,99941,100,100017,100,99935,100,100031,100,99920,100,100043,100,99917,100,100044,100,99904,100,100045,100,99884,100,100047,100,99882,100,100056,100,99879,100
2019-06-28 09:30:00.000000096,99988,100,99974,100,100010,100,99949,100,100014,300,99941,100,100017,100,99935,100,100031,100,99920,100,100043,100,99917,100,100044,100,99904,100,100045,100,99884,100,100047,100,99882,100,100056,100,99879,100
2019-06-28 09:30:10.000000000,99988,410,99974,410,100010,100,99949,100,100014,300,99941,100,100017,100,99935,100,100031,100,99920,100,100043,100,99917,100,100044,100,99904,100,100045,100,99884,100,100047,100,99882,100,100056,100,99879,100
2019-06-28 09:30:20.000000000,99988,255,99974,255,100010,255,99949,255,100014,300,99941,100,100017,100,99935,100,100031,100,99920,100,100043,100,99917,100,100044,100,99904,100,100045,100,99884,100,100047,100,99882,100,100056,100,99879,100
2019-06-28 09:30:30.000000000,99988,178,99974,178,100010,178,99949,178,100014,378,99941,178,100017,178,99935,178,100031,100,99920,100,100043,100,99917,100,100044,100,99904,100,100045,100,99884,100,100047,100,99882,100,100056,100,99879,100
2019-06-28 09:30:40.000000000,99988,162,99974,162,100010,162,99949,162,100014,362,99941,162,100017,162,99935,162,100031,162,99920,162,100043,100,99917,100,100044,100,99904,100,100045,100,99884,100,100047,100,99882,100,100056,100,99879,100
2019-06-28 09:30:50.000000000,99988,162,99974,162,100010,162,99949,162,100014,362,99941,162,100017,162,99935,162,100031,162,99920,162,100043,100,99917,100,100044,100,99904,100,100045,100,99884,100,100047,100,99882,100,100056,100,99879,100
2019-06-28 09:31:00.000000000,99988,255,99974,255,100010,255,99949,255,100014,300,99941,100,100017,100,99935,100,100031,100,99920,100,100043,100,99917,100,100044,100,99904,100,100045,100,99884,100,100047,100,99882,100,100056,100,99879,100
2019-06-28 09:31:10.000000000,99988,410,99974,410,100010,100,99949,100,100014,300,99941,100,100017,100,99935,100,100031,100,99920,100,100043,100,99917,100,100044,100,99904,100,100045,100,99884,100,100047,100,99882,100,100056,100,99879,100
2019-06-28 09:31:20.000000000,99988,162,99974,162,100010,162,99949,162,100014,362,99941,162,100017,162,99935,162,100031,162,99920,162,100043,100,99917,100,100044,100,99904,100,100045,100,99884,100,100047,100,99882,100,100056,100,99879,100
2019-06-28 09:31:21.115565597,99988,162,99974,162,100010,162,99949,162,100014,362,99941,162,100017,162,99935,162,100031,162,99920,162,100043,100,99917,100,100044,100,99904,100,100045,100,99884,100,100047,100,99882,100,100056,100,99879,100
2019-06-28 09:31:23.957676745,99988,162,99974,62,100010,162,99949,162,100014,362,99941,162,100017,162,99935,162,100031,162,99920,162,100043,100,99917,100,100044,100,99904,100,100045,100,99884,100,100047,100,99882,100,100056,100,99879,100
2019-06-28 09:31:30.000000000,99988,162,99949,162,100010,162,99941,162,100014,362,99935,162,100017,162,99920,162,100031,162,99917,162,100043,100,99904,100,100044,100,99884,100,100045,100,99882,100,100047,100,99879,100,100056,100,99878,100
2019-06-28 09:31:40.000000000,99988,162,99949,162,100010,162,99941,162,100014,362,99935,162,100017,162,99920,162,100031,162,99917,162,100043,100,99904,100,100044,100,99884,100,100045,100,99882,100,100047,100,99879,100,100056,100,99878,100
2019-06-28 09:31:50.000000000,99988,410,99949,410,100010,100,99941,100,100014,300,99935,100,100017,100,99920,100,100031,100,99917,100,100043,100,99904,100,100044,100,99884,100,100045,100,99882,100,100047,100,99879,100,100056,100,99878,100
2019-06-28 09:32:00.000000000,99988,255,99949,255,100010,255,99941,255,100014,300,99935,100,100017,100,99920,100,100031,100,99917,100,100043,100,99904,100,100044,100,99884,100,100045,100,99882,100,100047,100,99879,100,100056,100,99878,100
2019-06-28 09:32:03.697732335,99988,255,99949,155,100010,255,99941,255,100014,300,99935,100,100017,100,99920,100,100031,100,99917,100,100043,100,99904,100,100044,100,99884,100,100045,100,99882,100,100047,100,99879,100,100056,100,99878,100
2019-06-28 09:32:10.000000000,99988,205,99941,205,100010,202,99935,202,100014,402,99920,202,100017,100,99917,100,100031,100,99904,100,100043,100,99884,100,100044,100,99882,100,100045,100,99879,100,100047,100,99878,100,100056,100,99869,100
2019-06-28 09:32:10.651062803,99988,205,99941,105,100010,202,99935,202,100014,402,99920,202,100017,100,99917,100,100031,100,99904,100,100043,100,99884,100,100044,100,99882,100,100045,100,99879,100,100047,100,99878,100,100056,100,99869,100
2019-06-28 09:32:20.000000000,99988,255,99935,255,100010,255,99920,255,100014,300,99917,100,100017,100,99904,100,100031,100,99884,100,100043,100,99882,100,100044,100,99879,100,100045,100,99878,100,100047,100,99869,100,100056,100,99867,100
2019-06-28 09:32:30.000000000,99988,178,99935,178,100010,178,99920,178,100014,378,99917,178,100017,178,99904,178,100031,100,99884,100,100043,100,99882,100,100044,100,99879,100,100045,100,99878,100,100047,100,99869,100,100056,100,99867,100
2019-06-28 09:32:34.916410468,99949,100,99935,178,99988,178,99920,178,100010,178,99917,178,100014,378,99904,178,100017,178,99884,100,100031,100,99882,100,100043,100,99879,100,100044,100,99878,100,100045,100,99869,100,100047,100,99867,100
2019-06-28 09:32:37.772951589,99949,100,99935,78,99988,178,99920,178,100010,178,99917,178,100014,378,99904,178,100017,178,99884,100,100031,100,99882,100,100043,100,99879,100,100044,100,99878,100,100045,100,99869,100,100047,100,99867,100
2019-06-28 09:32:40.000000000,99949,255,99920,255,99988,255,99917,255,100010,100,99904,100,100014,300,99884,100,100017,100,99882,100,100031,100,99879,100,100043,100,99878,100,100044,100,99869,100,100045,100,99867,100,100047,100,99860,100
2019-06-28 09:32:50.000000000,99949,205,99920,205,99988,202,99917,202,100010,202,99904,202,100014,300,99884,100,100017,100,99882,100,100031,100,99879,100,100043,100,99878,100,100044,100,99869,100,100045,100,99867,100,100047,100,99860,100
2019-06-28 09:32:57.275485249,99941,100,99920,205,99949,205,99917,202,99988,202,99904,202,100010,202,99884,100,100014,300,99882,100,100017,100,99879,100,100031,100,99878,100,100043,100,99869,100,100044,100,99867,100,100045,100,99860,100
2019-06-28 09:33:00.000000000,99941,410,99920,410,99949,100,99917,100,99988,100,99904,100,100010,100,99884,100,100014,300,99882,100,100017,100,99879,100,100031,100,99878,100,100043,100,99869,100,100044,100,99867,100,100045,100,99860,100
2019-06-28 09:33:10.000000000,99941,255,99920,255,99949,255,99917,255,99988,100,99904,100,100010,100,99884,100,100014,300,99882,100,100017,100,99879,100,100031,100,99878,100,100043,100,99869,100,100044,100,99867,100,100045,100,99860,100
2019-06-28 09:33:19.152223818,99941,255,99920,155,99949,255,99917,255,99988,100,99904,100,100010,100,99882,100,100014,300,99879,100,100017,100,99878,100,100031,100,99869,100,100043,100,99867,100,100044,100,99860,100,100045,100,99855,100
2019-06-28 09:33:20.000000000,99941,178,99917,178,99949,178,99904,178,99988,178,99882,178,100010,178,99879,178,100014,300,99878,100,100017,100,99869,100,100031,100,99867,100,100043,100,99860,100,100044,100,99855,100,100045,100,99845,100
2019-06-28 09:33:30.000000000,99941,162,99917,162,99949,162,99904,162,99988,162,99882,162,100010,162,99879,162,100014,362,99878,162,100017,100,99869,100,100031,100,99867,100,100043,100,99860,100,100044,100,99855,100,100045,100,99845,100
2019-06-28 09:33:30.074657926,99935,100,99917,162,99941,162,99904,162,99949,162,99882,162,99988,162,99879,162,100010,162,99878,162,100014,362,99869,100,100017,100,99867,100,100031,100,99860,100,100043,100,99855,100,100044,100,99845,100
2019-06-28 09:33:39.560965770,99935,100,99917,162,99941,162,99904,162,99949,162,99882,162,99988,162,99879,162,100010,162,99878,162,100014,362,99869,100,100017,100,99867,100,100031,100,99860,100,100043,100,99855,100,100045,100,99845,100
2019-06-28 09:33:39.982578107,99935,200,99917,162,99941,162,99904,162,99949,162,99882,162,99988,162,99879,162,100010,162,99878,162,100014,362,99869,100,100017,100,99867,100,100031,100,99860,100,100043,100,99855,100,100045,100,99845,100
2019-06-28 09:33:40.000000000,99935,305,99917,205,99941,202,99904,202,99949,202,99882,202,99988,100,99879,100,100010,100,99878,100,100014,300,99869,100,100017,100,99867,100,100031,100,99860,100,100043,100,99855,100,100045,100,99845,100
2019-06-28 09:33:50.000000000,99935,355,99917,255,99941,255,99904,255,99949,100,99882,100,99988,100,99879,100,100010,100,99878,100,100014,300,99869,100,100017,100,99867,100,100031,100,99860,100,100043,100,99855,100,100045,100,99845,100
2019-06-28 09:33:57.590755077,99935,355,99917,155,99941,255,99904,255,99949,100,99882,100,99988,100,99879,100,100010,100,99878,100,100014,300,99869,100,100017,100,99867,100,100031,100,99860,100,100043,100,99855,100,100045,100,99845,100
2019-06-28 09:34:00.000000000,99935,278,99904,178,99941,178,99882,178,99949,178,99879,178,99988,178,99878,178,100010,100,99869,100,100014,300,99867,100,100017,100,99860,100,100031,100,99855,100,100043,100,99845,100,100045,100,99844,100
2019-06-28 09:34:10.000000000,99935,510,99904,410,99941,100,99882,100,99949,100,99879,100,99988,100,99878,100,100010,100,99869,100,100014,300,99867,100,100017,100,99860,100,100031,100,99855,100,100043,100,99845,100,100045,100,99844,100
2019-06-28 09:34:17.951728111,99935,410,99904,410,99941,100,99882,100,99949,100,99879,100,99988,100,99878,100,100010,100,99867,100,100014,300,99860,100,100017,100,99855,100,100031,100,99845,100,100043,100,99844,100,100045,100,99833,200
2019-06-28 09:34:20.000000000,99935,162,99904,162,99941,162,99882,162,99949,162,99879,162,99988,162,99878,162,100010,162,99867,162,100014,300,99860,100,100017,100,99855,100,100031,100,99845,100,100043,100,99844,100,100045,100,99833,200
2019-06-28 09:34:20.288495367,99935,162,99926,100,99941,162,99904,162,99949,162,99882,162,99988,162,99879,162,100010,162,99878,162,100014,300,99867,162,100017,100,99860,100,100031,100,99855,100,100043,100,99845,100,100045,100,99844,100
2019-06-28 09:34:30.000000000,99935,255,99926,255,99941,255,99904,255,99949,100,99882,100,99988,100,99879,100,100010,100,99878,100,100014,300,99867,100,100017,100,99860,100,100031,100,99855,100,100043,100,99845,100,100045,100,99844,100
2019-06-28 09:34:40.000000000,99935,410,99926,410,99941,100,99904,100,99949,100,99882,100,99988,100,99879,100,100010,100,99878,100,100014,300,99867,100,100017,100,99860,100,100031,100,99855,100,100043,100,99845,100,100045,100,99844,100
2019-06-28 09:34:50.000000000,99935,255,99926,255,99941,255,99904,255,99949,100,99882,100,99988,100,99879,100,100010,100,99878,100,100014,300,99867,100,100017,100,99860,100,100031,100,99855,100,100043,100,99845,100,100045,100,99844,100
2019-06-28 09:35:00.000000000,99935,162,99926,162,99941,162,99904,162,99949,162,99882,162,99988,162,99879,162,100010,162,99878,162,100014,300,99867,100,100017,100,99860,100,100031,100,99855,100,100043,100,99845,100,100045,100,99844,100
2019-06-28 09:35:04.234414173,99935,62,99926,162,99941,162,99904,162,99949,162,99882,162,99988,162,99879,162,100010,162,99878,162,100014,300,99867,100,100017,100,99860,100,100031,100,99855,100,100043,100,99845,100,100045,100,99844,100
2019-06-28 09:35:10.000000000,99941,410,99926,410,99949,100,99904,100,99988,100,99882,100,100010,100,99879,100,100014,300,99878,100,100017,100,99867,100,100031,100,99860,100,100043,100,99855,100,100045,100,99845,100,100056,100,99844,100
2019-06-28 09:35:20.000000000,99941,255,99926,255,99949,255,99904,255,99988,100,99882,100,100010,100,99879,100,100014,300,99878,100,100017,100,99867,100,100031,100,99860,100,100043,100,99855,100,100045,100,99845,100,100056,100,99844,100
2019-06-28 09:35:30.000000000,99941,178,99926,178,99949,178,99904,178,99988,178,99882,178,100010,178,99879,178,100014,300,99878,100,100017,100,99867,100,100031,100,99860,100,100043,100,99855,100,100045,100,99845,100,100056,100,99844,100
2019-06-28 09:35:40.000000000,99941,205,99926,205,99949,202,99904,202,99988,202,99882,202,100010,100,99879,100,100014,300,99878,100,100017,100,99867,100,100031,100,99860,100,100043,100,99855,100,100045,100,99845,100,100056,100,99844,100
2019-06-28 09:35:50.000000000,99941,410,99926,410,99949,100,99904,100,99988,100,99882,100,100010,100,99879,100,100014,300,99878,100,100017,100,99867,100,100031,100,99860,100,100043,100,99855,100,100045,100,99845,100,100056,100,99844,100
2019-06-28 09:35:55.149740106,99941,410,99926,410,99949,100,99904,100,99988,100,99882,100,100010,100,99879,100,100014,300,99878,100,100017,100,99867,100,100031,100,99860,100,100043,100,99845,100,100045,100,99844,100,100056,100,99833,200
2019-06-28 09:36:00.000000000,99941,410,99926,410,99949,100,99904,100,99988,100,99882,100,100010,100,99879,100,100014,300,99878,100,100017,100,99867,100,100031,100,99860,100,100043,100,99845,100,100045,100,99844,100,100056,100,99833,200
2019-06-28 09:36:09.348799789,99941,410,99926,410,99949,100,99904,100,99988,100,99882,100,100010,100,99879,100,100014,300,99878,100,100017,100,99867,100,100031,100,99860,100,100043,100,99845,100,100056,100,99844,100,100067,200,99833,200
2019-06-28 09:36:10.000000000,99941,410,99926,410,99949,100,99904,100,99988,100,99882,100,100010,100,99879,100,100014,300,99878,100,100017,100,99867,100,100031,100,99860,100,100043,100,99845,100,100056,100,99844,100,100067,200,99833,200
2019-06-28 09:36:19.388070287,99941,410,99935,100,99949,100,99926,410,99988,100,99904,100,100010,100,99882,100,100014,300,99879,100,100017,100,99878,100,100031,100,99867,100,100043,100,99860,100,100056,100,99845,100,100067,200,99844,100
2019-06-28 09:36:20.000000000,99941,162,99935,162,99949,162,99926,162,99988,162,99904,162,100010,162,99882,162,100014,362,99879,162,100017,100,99878,100,100031,100,99867,100,100043,100,99860,100,100056,100,99845,100,100067,200,99844,100
2019-06-28 09:36:30.000000000,99941,255,99935,255,99949,255,99926,255,99988,100,99904,100,100010,100,99882,100,100014,300,99879,100,100017,100,99878,100,100031,100,99867,100,100043,100,99860,100,100056,100,99845,100,100067,200,99844,100
2019-06-28 09:36:37.380554646,99941,255,99935,255,99949,255,99926,255,99988,100,99904,100,100010,100,99882,100,100014,300,99879,100,100017,100,99878,100,100031,100,99867,100,100043,100,99860,100,100056,100,99845,100,100067,200,99844,100
2019-06-28 09:36:40.000000000,99941,205,99935,205,99949,202,99926,202,99988,202,99904,202,100010,100,99882,100,100014,300,99879,100,100017,100,99878,100,100031,100,99867,100,100043,100,99860,100,100056,100,99845,100,100067,200,99844,100
2019-06-28 09:36:40.436226309,99941,205,99935,205,99949,202,99926,202,99988,202,99904,202,100010,100,99882,100,100014,300,99879,100,100017,100,99878,100,100031,100,99867,100,100043,100,99860,100,100056,100,99845,100,100067,200,99844,100
2019-06-28 09:36:50.000000000,99941,205,99935,205,99949,202,99926,202,99988,202,99904,202,100010,100,99882,100,100014,300,99879,100,100017,100,99878,100,100031,100,99867,100,100043,100,99860,100,100056,100,99845,100,100067,200,99844,100
2019-06-28 09:37:00.000000000,99941,410,99935,410,99949,100,99926,100,99988,100,99904,100,100010,100,99882,100,100014,300,99879,100,100017,100,99878,100,100031,100,99867,100,100043,100,99860,100,100056,100,99845,100,100067,200,99844,100
2019-06-28 09:37:10.000000000,99941,162,99935,162,99949,162,99926,162,99988,162,99904,162,100010,162,99882,162,100014,362,99879,162,100017,100,99878,100,100031,100,99867,100,100043,100,99860,100,100056,100,99845,100,100067,200,99844,100
2019-06-28 09:37:19.526845529,99941,162,99935,162,99949,162,99926,162,99988,162,99904,162,100010,162,99882,162,100014,362,99879,162,100017,100,99878,100,100031,100,99867,100,100043,100,99860,100,100056,100,99845,100,100067,200,99844,100
2019-06-28 09:37:20.000000000,99941,255,99935,255,99949,255,99926,255,99988,100,99904,100,100010,100,99882,100,100014,300,99879,100,100017,100,99878,100,100031,100,99867,100,100043,100,99860,100,100056,100,99845,100,100067,200,99844,100
2019-06-28 09:37:21.720198843,99941,255,99935,355,99949,255,99926,255,99988,100,99904,100,100010,100,99882,100,100014,200,99879,100,100017,100,99878,100,100031,100,99867,100,100043,100,99860,100,100056,100,99845,100,100067,200,99844,100
2019-06-28 09:37:22.887005101,99941,255,99935,355,99949,255,99926,255,99988,100,99904,100,100010,100,99882,100,100014,200,99879,100,100017,100,99867,100,100031,100,99860,100,100043,100,99845,100,100056,100,99844,100,100067,200,99833,100
2019-06-28 09:37:30.000000000,99941,178,99935,278,99949,178,99926,178,99988,178,99904,178,100010,178,99882,178,100014,200,99879,100,100017,100,99867,100,100031,100,99860,100,100043,100,99845,100,100056,100,99844,100,100067,200,99833,100
2019-06-28 09:37:37.030959244,99941,78,99935,278,99949,178,99926,178,99988,178,99904,178,100010,178,99882,178,100014,200,99879,100,100017,100,99867,100,100031,100,99860,100,100043,100,99845,100,100056,100,99844,100,100067,200,99833,100
2019-06-28 09:37:40.000000000,99949,178,99935,278,99988,178,99926,178,100010,178,99904,178,100014,278,99882,178,100017,100,99879,100,100031,100,99867,100,100043,100,99860,100,100056,100,99845,100,100067,200,99844,100,100099,100,99833,100
2019-06-28 09:37:50.000000000,99949,162,99935,262,99988,162,99926,162,100010,162,99904,162,100014,262,99882,162,100017,162,99879,162,100031,100,99867,100,100043,100,99860,100,100056,100,99845,100,100067,200,99844,100,100099,100,99833,100
2019-06-28 09:37:57.486812197,99949,162,99935,162,99988,162,99926,162,100010,162,99904,162,100014,262,99882,162,100017,162,99879,162,100031,100,99867,100,100043,100,99860,100,100056,100,99845,100,100067,100,99844,100,100099,100,99833,100
2019-06-28 09:37:58.132246859,99949,162,99942,100,99988,162,99935,162,100010,162,99926,162,100014,262,99904,162,100017,162,99882,162,100031,100,99879,162,100056,100,99867,100,100067,100,99860,100,100099,100,99845,100,100109,100,99844,100
2019-06-28 09:38:00.000000000,99949,205,99942,205,99988,202,99935,202,100010,202,99926,202,100014,200,99904,100,100017,100,99882,100,100031,100,99879,100,100056,100,99867,100,100067,100,99860,100,100099,100,99845,100,100109,100,99844,100
2019-06-28 09:38:10.000000000,99949,178,99942,178,99988,178,99935,178,100010,178,99926,178,100014,278,99904,178,100017,100,99882,100,100031,100,99879,100,100056,100,99867,100,100067,100,99860,100,100099,100,99845,100,100109,100,99844,100
2019-06-28 09:38:10.028332884,99949,178,99942,178,99988,178,99935,178,100010,178,99926,178,100014,278,99904,178,100017,100,99882,100,100031,100,99879,100,100056,100,99867,100,100067,100,99860,100,100099,100,99845,100,100109,100,99844,100
2019-06-28 09:38:19.764907560,99949,178,99942,178,99988,178,99935,178,100010,178,99926,178,100014,278,99904,178,100017,100,99882,100,100031,100,99879,100,100056,100,99860,100,100067,100,99845,100,100099,100,99844,100,100109,100,99833,100
2019-06-28 09:38:20.000000000,99949,162,99942,162,99988,162,99935,162,100010,162,99926,162,100014,262,99904,162,100017,162,99882,162,100031,100,99879,100,100056,100,99860,100,100067,100,99845,100,100099,100,99844,100,100109,100,99833,100
2019-06-28 09:38:23.414774564,99949,162,99942,62,99988,162,99935,162,100010,162,99926,162,100014,262,99904,162,100017,162,99882,162,100031,100,99879,100,100056,100,99860,100,100067,100,99845,100,100099,100,99844,100,100109,100,99833,100
2019-06-28 09:38:30.000000000,99949,410,99935,410,99988,100,99926,100,100010,100,99904,100,100014,200,99882,100,100017,100,99879,100,100031,100,99860,100,100056,100,99845,100,100067,100,99844,100,100099,100,99833,100,100109,100,99824,100
2019-06-28 09:38:40.000000000,99949,205,99935,205,99988,202,99926,202,100010,202,99904,202,100014,200,99882,100,100017,100,99879,100,100031,100,99860,100,100056,100,99845,100,100067,100,99844,100,100099,100,99833,100,100109,100,99824,100
2019-06-28 09:38:41.484055184,99949,205,99935,105,99988,202,99926,202,100010,202,99904,202,100014,200,99882,100,100017,100,99879,100,100031,100,99860,100,100056,100,99845,100,100067,100,99844,100,100099,100,99833,100,100109,100,99824,100
2019-06-28 09:38:50.000000000,99949,410,99926,410,99988,100,99904,100,100010,100,99882,100,100014,200,99879,100,100017,100,99860,100,100031,100,99845,100,100056,100,99844,100,100067,100,99833,100,100099,100,99824,100,100109,100,99821,100
2019-06-28 09:39:00.000000000,99949,205,99926,205,99988,202,99904,202,100010,202,99882,202,100014,200,99879,100,100017,100,99860,100,100031,100,99845,100,100056,100,99844,100,100067,100,99833,100,100099,100,99824,100,100109,100,99821,100
2019-06-28 09:39:02.191503664,99949,205,99926,205,99978,100,99904,202,99988,202,99882,202,100010,202,99879,100,100014,200,99860,100,100017,100,99845,100,100031,100,99833,100,100056,100,99824,100,100067,100,99821,100,100099,100,99816,100
2019-06-28 09:39:06.353289432,99949,205,99926,205,99978,100,99904,202,99988,202,99882,202,100010,202,99879,100,100014,200,99877,100,100017,100,99860,100,100031,100,99845,100,100056,100,99833,100,100067,100,99824,100,100099,100,99821,100
2019-06-28 09:39:10.000000000,99949,255,99926,255,99978,255,99904,255,99988,100,99882,100,100010,100,99879,100,100014,200,99877,100,100017,100,99860,100,100031,100,99845,100,100056,100,99833,100,100067,100,99824,100,100099,100,99821,100
2019-06-28 09:39:20.000000000,99949,162,99926,162,99978,162,99904,162,99988,162,99882,162,100010,162,99879,162,100014,262,99877,162,100017,100,99860,100,100031,100,99845,100,100056,100,99833,100,100067,100,99824,100,100099,100,99821,100
2019-06-28 09:39:22.386228932,99949,162,99926,162,99978,162,99904,162,99988,162,99882,162,100010,162,99879,162,100014,262,99877,162,100017,100,99860,100,100031,100,99845,100,100056,100,99833,100,100067,100,99824,100,100099,100,99821,100
2019-06-28 09:39:30.000000000,99949,178,99926,178,99978,178,99904,178,99988,178,99882,178,100010,178,99879,178,100014,200,99877,100,100017,100,99860,100,100031,100,99845,100,100056,100,99833,100,100067,100,99824,100,100099,100,99821,100
2019-06-28 09:39:40.000000000,99949,205,99926,205,99978,202,99904,202,99988,202,99882,202,100010,100,99879,100,100014,200,99877,100,100017,100,99860,100,100031,100,99845,100,100056,100,99833,100,100067,100,99824,100,100099,100,99821,100
2019-06-28 09:39:50.000000000,99949,162,99926,162,99978,162,99904,162,99988,162,99882,162,100010,162,99879,162,100014,262,99877,162,100017,100,99860,100,100031,100,99845,100,100056,100,99833,100,100067,100,99824,100,100099,100,99821,100
2019-06-28 09:40:00.000000000,99949,162,99926,162,99978,162,99904,162,99988,162,99882,162,100010,162,99879,162,100014,262,99877,162,100017,100,99860,100,100031,100,99845,100,100056,100,99833,100,100067,100,99824,100,100099,100,99821,100
2019-06-28 09:40:10.000000000,99949,205,99926,205,99978,202,99904,202,99988,202,99882,202,100010,100,99879,100,100014,200,99877,100,100017,100,99860,100,100031,100,99845,100,100056,100,99833,100,100067,100,99824,100,100099,100,99821,100
2019-06-28 09:40:13.487207970,99949,205,99943,100,99978,202,99926,205,99988,202,99904,202,100010,100,99882,202,100014,200,99879,100,100017,100,99877,100,100031,100,99860,100,100056,100,99845,100,100067,100,99833,100,100099,100,99824,100
2019-06-28 09:40:20.000000000,99949,410,99943,410,99978,100,99926,100,99988,100,99904,100,100010,100,99882,100,100014,200,99879,100,100017,100,99877,100,100031,100,99860,100,100056,100,99845,100,100067,100,99833,100,100099,100,99824,100
2019-06-28 09:40:29.172335352,99949,410,99943,510,99978,100,99926,100,99988,100,99904,100,100010,100,99882,100,100014,200,99879,100,100017,100,99877,100,100031,100,99860,100,100056,100,99845,100,100067,100,99833,100,100099,100,99824,100
2019-06-28 09:40:30.000000000,99949,255,99943,355,99978,255,99926,255,99988,100,99904,100,100010,100,99882,100,100014,200,99879,100,100017,100,99877,100,100031,100,99860,100,100056,100,99845,100,100067,100,99833,100,100099,100,99824,100
2019-06-28 09:40:40.000000000,99949,410,99943,510,99978,100,99926,100,99988,100,99904,100,100010,100,99882,100,100014,200,99879,100,100017,100,99877,100,100031,100,99860,100,100056,100,99845,100,100067,100,99833,100,100099,100,99824,100
2019-06-28 09:40:50.000000000,99949,205,99943,305,99978,202,99926,202,99988,202,99904,202,100010,100,99882,100,100014,200,99879,100,100017,100,99877,100,100031,100,99860,100,100056,100,99845,100,100067,100,99833,100,100099,100,99824,100
2019-06-28 09:40:51.112327686,99949,205,99943,405,99978,202,99926,202,99988,202,99904,202,100010,100,99882,100,100014,200,99879,100,100017,100,99877,100,100031,100,99860,100,100056,100,99845,100,100067,100,99833,100,100099,100,99824,100
2019-06-28 09:41:00.000000000,99949,255,99943,455,99978,255,99926,255,99988,100,99904,100,100010,100,99882,100,100014,200,99879,100,100017,100,99877,100,100031,100,99860,100,100056,100,99845,100,100067,100,99833,100,100099,100,99824,100
2019-06-28 09:41:10.000000000,99949,178,99943,378,99978,178,99926,178,99988,178,99904,178,100010,178,99882,178,100014,200,99879,100,100017,100,99877,100,100031,100,99860,100,100056,100,99845,100,100067,100,99833,100,100099,100,99824,100
2019-06-28 09:41:17.521793349,99949,78,99943,378,99978,178,99926,178,99988,178,99904,178,100010,178,99882,178,100014,200,99879,100,100017,100,99877,100,100031,100,99860,100,100056,100,99845,100,100099,100,99833,100,100109,100,99824,100
2019-06-28 09:41:20.000000000,99978,255,99943,455,99988,255,99926,255,100010,100,99904,100,100014,200,99882,100,100017,100,99879,100,100031,100,99877,100,100056,100,99860,100,100099,100,99845,100,100109,100,99833,100,100115,100,99824,100
2019-06-28 09:41:23.072857735,99978,255,99943,455,99988,255,99926,255,100010,100,99904,100,100014,200,99882,100,100017,100,99879,100,100031,100,99877,100,100056,100,99860,100,100099,100,99845,100,100109,100,99833,100,100115,100,99824,100
2019-06-28 09:41:26.567437747,99978,255,99944,100,99988,255,99943,455,100010,100,99926,255,100014,200,99904,100,100017,100,99882,100,100031,100,99879,100,100056,100,99877,100,100099,100,99860,100,100109,100,99845,100,100115,100,99833,100
2019-06-28 09:41:26.590666490,99978,255,99944,200,99988,255,99943,455,100010,100,99926,255,100014,200,99904,100,100017,100,99882,100,100031,100,99879,100,100056,100,99877,100,100099,100,99860,100,100109,100,99845,100,100115,100,99833,100
2019-06-28 09:41:30.000000000,99978,255,99944,355,99988,255,99943,455,100010,100,99926,100,100014,200,99904,100,100017,100,99882,100,100031,100,99879,100,100056,100,99877,100,100099,100,99860,100,100109,100,99845,100,100115,100,99833,100
2019-06-28 09:41:31.962948715,99978,255,99944,355,99988,255,99943,455,100010,100,99926,100,100014,200,99904,100,100017,100,99882,100,100031,100,99879,100,100056,100,99877,100,100076,100,99860,100,100099,100,99845,100,100109,100,99833,100
2019-06-28 09:41:32.884406518,99978,255,99944,255,99988,255,99943,455,100010,100,99926,100,100014,200,99904,100,100017,100,99882,100,100031,100,99879,100,100056,100,99877,100,100076,100,99860,100,100099,100,99845,100,100109,100,99833,100
2019-06-28 09:41:33.711752365,99978,155,99944,255,99988,255,99943,455,100010,100,99926,100,100014,200,99904,100,100017,100,99882,100,100031,100,99879,100,100056,100,99877,100,100076,100,99860,100,100099,100,99845,100,100109,100,99833,100
2019-06-28 09:41:40.000000000,99988,410,99944,410,100010,100,99943,300,100014,200,99926,100,100017,100,99904,100,100031,100,99882,100,100056,100,99879,100,100076,100,99877,100,100099,100,99860,100,100109,100,99845,100,100115,100,99833,100
2019-06-28 09:41:50.000000000,99988,410,99944,410,100010,100,99943,300,100014,200,99926,100,100017,100,99904,100,100031,100,99882,100,100056,100,99879,100,100076,100,99877,100,100099,100,99860,100,100109,100,99845,100,100115,100,99833,100
2019-06-28 09:41:58.117039059,99988,410,99944,410,100010,100,99943,300,100014,200,99926,100,100017,100,99904,100,100031,100,99882,100,100056,100,99879,100,100076,100,99877,100,100099,100,99860,100,100109,100,99845,100,100115,100,99833,100
2019-06-28 09:42:00.000000000,99988,410,99944,410,100010,100,99943,300,100014,200,99926,100,100017,100,99904,100,100031,100,99882,100,100056,100,99879,100,100076,100,99877,100,100099,100,99860,100,100109,100,99845,100,100115,100,99833,100
2019-06-28 09:42:01.155590859,99988,410,99944,310,100010,100,99943,300,100014,200,99926,100,100017,100,99904,100,100031,100,99882,100,100056,100,99879,100,100076,100,99877,100,100099,100,99860,100,100109,100,99845,100,100115,100,99833,100
2019-06-28 09:42:09.326164157,99988,310,99944,310,100010,100,99943,300,100014,200,99926,100,100017,100,99904,100,100031,100,99882,100,100076,100,99879,100,100099,100,99877,100,100109,100,99860,100,100115,100,99845,100,100142,100,99833,100
2019-06-28 09:42:10.000000000,100010,178,99943,378,100014,278,99926,178,100017,178,99904,178,100031,178,99882,178,100076,100,99879,100,100099,100,99877,100,100109,100,99860,100,100115,100,99845,100,100142,100,99833,100,100153,100,99821,100
2019-06-28 09:42:10.941123076,100010,178,99943,378,100014,278,99926,178,100017,178,99904,178,100031,178,99882,178,100040,100,99879,100,100076,100,99877,100,100099,100,99860,100,100109,100,99845,100,100115,100,99833,100,100142,100,99821,100
2019-06-28 09:42:20.000000000,100010,410,99943,610,100014,200,99926,100,100017,100,99904,100,100031,100,99882,100,100040,100,99879,100,100076,100,99877,100,100099,100,99860,100,100109,100,99845,100,100115,100,99833,100,100142,100,99821,100
2019-06-28 09:42:24.080686270,100010,410,99943,610,100014,200,99926,100,100017,100,99904,100,100031,100,99882,100,100040,100,99879,100,100076,100,99877,100,100099,100,99860,100,100109,100,99845,100,100115,100,99833,100,100142,100,99821,100
2019-06-28 09:42:30.000000000,100010,178,99943,378,100014,278,99926,178,100017,178,99904,178,100031,178,99882,178,100040,100,99879,100,100076,100,99877,100,100099,100,99860,100,100109,100,99845,100,100115,100,99833,100,100142,100,99821,100
2019-06-28 09:42:40.000000000,100010,410,99943,610,100014,200,99926,100,100017,100,99904,100,100031,100,99882,100,100040,100,99879,100,100076,100,99877,100,100099,100,99860,100,100109,100,99845,100,100115,100,99833,100,100142,100,99821,100
2019-06-28 09:42:50.000000000,100010,162,99943,362,100014,262,99926,162,100017,162,99904,162,100031,162,99882,162,100040,162,99879,162,100076,100,99877,100,100099,100,99860,100,100109,100,99845,100,100115,100,99833,100,100142,100,99821,100
2019-06-28 09:43:00.000000000,100010,410,99943,610,100014,200,99926,100,100017,100,99904,100,100031,100,99882,100,100040,100,99879,100,100076,100,99877,100,100099,100,99860,100,100109,100,99845,100,100115,100,99833,100,100142,100,99821,100
2019-06-28 09:43:09.657938833,100010,410,99943,610,100014,200,99926,100,100017,100,99904,100,100031,100,99882,100,100040,100,99879,100,100076,100,99877,100,100099,100,99860,100,100109,100,99845,100,100115,100,99833,100,100142,100,99821,100
2019-06-28 09:43:10.000000000,100010,205,99943,405,100014,302,99926,202,100017,202,99904,202,100031,100,99882,100,100040,100,99879,100,100076,100,99877,100,100099,100,99860,100,100109,100,99845,100,100115,100,99833,100,100142,100,99821,100
2019-06-28 09:43:15.671312324,100010,205,99943,305,100014,302,99926,202,100017,202,99904,202,100031,100,99882,100,100040,100,99879,100,100076,100,99877,100,100099,100,99860,100,100109,100,99845,100,100115,100,99833,100,100142,100,99821,100
2019-06-28 09:43:20.000000000,100010,178,99943,278,100014,278,99926,178,100017,178,99904,178,100031,178,99882,178,100040,100,99879,100,100076,100,99877,100,100099,100,99860,100,100109,100,99845,100,100115,100,99833,100,100142,100,99821,100
2019-06-28 09:43:29.637603174,100010,178,99943,178,100014,278,99926,178,100017,178,99904,178,100031,178,99882,178,100040,100,99879,100,100076,100,99877,100,100099,100,99860,100,100109,100,99845,100,100115,100,99833,100,100142,100,99821,100
2019-06-28 09:43:30.000000000,100010,178,99943,178,100014,278,99926,178,100017,178,99904,178,100031,178,99882,178,100040,100,99879,100,100076,100,99877,100,100099,100,99860,100,100109,100,99845,100,100115,100,99833,100,100142,100,99821,100
2019-06-28 09:43:34.748015922,100010,178,99943,78,100014,278,99926,178,100017,178,99904,178,100031,178,99882,178,100040,100,99879,100,100076,100,99877,100,100099,100,99860,100,100109,100,99845,100,100115,100,99833,100,100142,100,99821,100
2019-06-28 09:43:40.000000000,100010,410,99926,410,100014,200,99904,100,100017,100,99882,100,100031,100,99879,100,100040,100,99877,100,100076,100,99860,100,100099,100,99845,100,100109,100,99833,100,100115,100,99821,100,100142,100,99730,100
2019-06-28 09:43:50.000000000,100010,205,99926,205,100014,302,99904,202,100017,202,99882,202,100031,100,99879,100,100040,100,99877,100,100076,100,99860,100,100099,100,99845,100,100109,100,99833,100,100115,100,99821,100,100142,100,99730,100
2019-06-28 09:44:00.000000000,100010,178,99926,178,100014,278,99904,178,100017,178,99882,178,100031,178,99879,178,100040,100,99877,100,100076,100,99860,100,100099,100,99845,100,100109,100,99833,100,100115,100,99821,100,100142,100,99730,100
2019-06-28 09:44:06.695614566,99943,100,99926,178,100010,178,99904,178,100014,278,99882,178,100017,178,99879,178,100031,178,99877,100,100040,100,99860,100,100076,100,99845,100,100099,100,99833,100,100109,100,99821,100,100115,100,99730,100
2019-06-28 09:44:06.723315299,99943,200,99926,178,100010,178,99904,178,100014,278,99882,178,100017,178,99879,178,100031,178,99877,100,100040,100,99860,100,100076,100,99845,100,100099,100,99833,100,100109,100,99821,100,100115,100,99730,100
2019-06-28 09:44:10.000000000,99943,510,99926,410,100010,100,99904,100,100014,200,99882,100,100017,100,99879,100,100031,100,99877,100,100040,100,99860,100,100076,100,99845,100,100099,100,99833,100,100109,100,99821,100,100115,100,99730,100
2019-06-28 09:44:15.128121782,99943,510,99926,310,100010,100,99904,100,100014,200,99882,100,100017,100,99879,100,100031,100,99877,100,100040,100,99860,100,100076,100,99845,100,100099,100,99833,100,100109,100,99821,100,100142,100,99730,100
2019-06-28 09:44:20.000000000,99943,305,99904,205,100010,202,99882,202,100014,302,99879,202,100017,100,99877,100,100031,100,99860,100,100040,100,99845,100,100076,100,99833,100,100099,100,99821,100,100109,100,99730,100,100142,100,99655,100
2019-06-28 09:44:30.000000000,99943,278,99904,178,100010,178,99882,178,100014,278,99879,178,100017,178,99877,178,100031,100,99860,100,100040,100,99845,100,100076,100,99833,100,100099,100,99821,100,100109,100,99730,100,100142,100,99655,100
2019-06-28 09:44:40.000000000,99943,305,99904,205,100010,202,99882,202,100014,302,99879,202,100017,100,99877,100,100031,100,99860,100,100040,100,99845,100,100076,100,99833,100,100099,100,99821,100,100109,100,99730,100,100142,100,99655,100
2019-06-28 09:44:50.000000000,99943,305,99904,205,100010,202,99882,202,100014,302,99879,202,100017,100,99877,100,100031,100,99860,100,100040,100,99845,100,100076,100,99833,100,100099,100,99821,100,100109,100,99730,100,100142,100,99655,100
2019-06-28 09:44:58.885797679,99943,305,99904,205,100010,202,99882,202,100014,302,99879,202,100017,100,99877,100,100031,100,99860,100,100040,100,99845,100,100076,100,99833,100,100099,100,99821,100,100109,100,99730,100,100142,100,99569,100
2019-06-28 09:45:00.000000000,99943,305,99904,205,100010,202,99882,202,100014,302,99879,202,100017,100,99877,100,100031,100,99860,100,100040,100,99845,100,100076,100,99833,100,100099,100,99821,100,100109,100,99730,100,100142,100,99569,100
2019-06-28 09:45:04.673064341,99943,305,99904,105,100010,202,99882,202,100014,302,99879,202,100017,100,99877,100,100031,100,99860,100,100040,100,99845,100,100076,100,99833,100,100099,100,99821,100,100109,100,99730,100,100142,100,99569,100
2019-06-28 09:45:06.381217252,99926,100,99904,105,99943,305,99882,202,100010,202,99879,202,100014,302,99877,100,100017,100,99860,100,100031,100,99845,100,100040,100,99833,100,100076,100,99821,100,100099,100,99730,100,100109,100,99569,100
2019-06-28 09:45:07.045733538,99926,100,99904,105,99943,305,99882,202,100010,202,99879,202,100014,302,99877,100,100017,100,99860,100,100031,100,99845,100,100040,100,99833,100,100076,100,99821,100,100099,100,99730,100,100109,100,99569,100
2019-06-28 09:45:08.091034641,99926,100,99904,105,99943,305,99882,202,100010,202,99879,202,100014,302,99877,100,100017,100,99860,100,100031,100,99845,100,100040,100,99833,100,100076,100,99821,100,100099,100,99730,100,100109,100,99619,100
2019-06-28 09:45:10.000000000,99926,178,99882,178,99943,278,99879,178,100010,178,99877,178,100014,278,99860,178,100017,100,99845,100,100031,100,99833,100,100040,100,99821,100,100076,100,99730,100,100099,100,99619,100,100109,100,99569,100
2019-06-28 09:45:13.763393754,99926,178,99882,178,99943,278,99879,178,100010,178,99877,178,100014,278,99860,178,100017,100,99845,100,100031,100,99833,100,100040,100,99821,100,100076,100,99730,100,100099,100,99619,100,100109,100,99569,100
2019-06-28 09:45:20.000000000,99926,205,99882,205,99943,302,99879,202,100010,202,99877,202,100014,200,99860,100,100017,100,99845,100,100031,100,99833,100,100040,100,99821,100,100076,100,99730,100,100099,100,99619,100,100109,100,99569,100
2019-06-28 09:45:30.000000000,99926,178,99882,178,99943,278,99879,178,100010,178,99877,178,100014,278,99860,178,100017,100,99845,100,100031,100,99833,100,100040,100,99821,100,100076,100,99730,100,100099,100,99619,100,100109,100,99569,100
2019-06-28 09:45:32.802540813,99926,178,99882,78,99943,278,99879,178,100010,178,99877,178,100014,278,99860,178,100017,100,99845,100,100031,100,99833,100,100040,100,99821,100,100076,100,99730,100,100099,100,99619,100,100109,100,99569,100
2019-06-28 09:45:35.553787378,99882,22,99879,178,99926,178,99877,178,99943,278,99860,178,100010,178,99845,100,100014,278,99833,100,100017,100,99730,100,100031,100,99619,100,100040,100,99569,100,100076,100,99472,100,100099,100,99115,100
2019-06-28 09:45:38.254522032,99882,22,99879,178,99897,100,99877,178,99926,178,99860,178,99943,278,99845,100,100010,178,99833,100,100014,278,99730,100,100017,100,99619,100,100031,100,99569,100,100040,100,99472,100,100076,100,99115,100
2019-06-28 09:45:40.000000000,99882,177,99879,255,99897,255,99877,255,99926,100,99860,100,99943,200,99845,100,100010,100,99833,100,100014,200,99730,100,100017,100,99619,100,100031,100,99569,100,100040,100,99472,100,100076,100,99115,100
2019-06-28 09:45:42.550041544,99882,277,99879,255,99897,255,99877,255,99926,100,99860,100,99943,200,99845,100,100010,100,99833,100,100014,200,99730,100,100017,100,99619,100,100031,100,99569,100,100040,100,99472,100,100076,100,99115,100
2019-06-28 09:45:50.000000000,99882,277,99879,255,99897,255,99877,255,99926,100,99860,100,99943,200,99845,100,100010,100,99833,100,100014,200,99730,100,100017,100,99619,100,100031,100,99569,100,100040,100,99472,100,100076,100,99115,100
2019-06-28 09:46:00.000000000,99882,277,99879,255,99897,255,99877,255,99926,100,99860,100,99943,200,99845,100,100010,100,99833,100,100014,200,99730,100,100017,100,99619,100,100031,100,99569,100,100040,100,99472,100,100076,100,99115,100
2019-06-28 09:46:10.000000000,99882,432,99879,410,99897,100,99877,100,99926,100,99860,100,99943,200,99845,100,100010,100,99833,100,100014,200,99730,100,100017,100,99619,100,100031,100,99569,100,100040,100,99472,100,100076,100,99115,100
2019-06-28 09:46:20.000000000,99882,227,99879,205,99897,202,99877,202,99926,202,99860,202,99943,200,99845,100,100010,100,99833,100,100014,200,99730,100,100017,100,99619,100,100031,100,99569,100,100040,100,99472,100,100076,100,99115,100
2019-06-28 09:46:30.000000000,99882,200,99879,178,99897,178,99877,178,99926,178,99860,178,99943,278,99845,178,100010,100,99833,100,100014,200,99730,100,100017,100,99619,100,100031,100,99569,100,100040,100,99472,100,100076,100,99115,100
2019-06-28 09:46:31.870602724,99882,200,99879,78,99897,178,99877,178,99926,178,99860,178,99943,278,99845,178,100010,100,99833,100,100014,200,99730,100,100031,100,99619,100,100040,100,99569,100,100076,100,99472,100,100099,100,99115,100
2019-06-28 09:46:35.499133310,99879,22,99877,178,99882,200,99860,178,99897,178,99845,178,99926,178,99833,100,99943,278,99730,100,100010,100,99619,100,100014,200,99569,100,100031,100,99472,100,100040,100,99115,100,100076,100,,
2019-06-28 09:46:40.000000000,99879,332,99877,410,99882,122,99860,100,99897,100,99845,100,99926,100,99833,100,99943,200,99730,100,100010,100,99619,100,100014,200,99569,100,100031,100,99472,100,100040,100,99115,100,100076,100,,
2019-06-28 09:46:50.000000000,99879,177,99877,255,99882,277,99860,255,99897,100,99845,100,99926,100,99833,100,99943,200,99730,100,100010,100,99619,100,100014,200,99569,100,100031,100,99472,100,100040,100,99115,100,100076,100,,
2019-06-28 09:47:00.000000000,99879,332,99877,410,99882,122,99860,100,99897,100,99845,100,99926,100,99833,100,99943,200,99730,100,100010,100,99619,100,100014,200,99569,100,100031,100,99472,100,100040,100,99115,100,100076,100,,
2019-06-28 09:47:06.015077818,99879,332,99877,410,99882,122,99860,100,99897,100,99845,100,99926,100,99833,100,99943,200,99730,100,100010,100,99619,100,100014,200,99569,100,100031,100,99472,100,100040,100,99198,100,100076,100,99115,100
2019-06-28 09:47:10.000000000,99879,127,99877,205,99882,224,99860,202,99897,202,99845,202,99926,100,99833,100,99943,200,99730,100,100010,100,99619,100,100014,200,99569,100,100031,100,99472,100,100040,100,99198,100,100076,100,99115,100
2019-06-28 09:47:14.321828214,99879,227,99877,205,99882,224,99860,202,99897,202,99845,202,99926,100,99833,100,99943,200,99730,100,100010,100,99619,100,100014,200,99569,100,100031,100,99472,100,100040,100,99198,100,100076,100,99115,100
2019-06-28 09:47:20.000000000,99879,227,99877,205,99882,224,99860,202,99897,202,99845,202,99926,100,99833,100,99943,200,99730,100,100010,100,99619,100,100014,200,99569,100,100031,100,99472,100,100040,100,99198,100,100076,100,99115,100
2019-06-28 09:47:22.043955896,99879,227,99877,205,99882,224,99860,202,99897,202,99845,202,99926,100,99730,100,99943,200,99619,100,100010,100,99569,100,100014,200,99472,100,100031,100,99198,100,100040,100,99115,100,100076,100,98964,100
2019-06-28 09:47:30.000000000,99879,432,99877,410,99882,122,99860,100,99897,100,99845,100,99926,100,99730,100,99943,200,99619,100,100010,100,99569,100,100014,200,99472,100,100031,100,99198,100,100040,100,99115,100,100076,100,98964,100
2019-06-28 09:47:40.000000000,99879,184,99877,162,99882,184,99860,162,99897,162,99845,162,99926,162,99730,162,99943,262,99619,162,100010,100,99569,100,100014,200,99472,100,100031,100,99198,100,100040,100,99115,100,100076,100,98964,100
2019-06-28 09:47:50.000000000,99879,277,99877,255,99882,277,99860,255,99897,100,99845,100,99926,100,99730,100,99943,200,99619,100,100010,100,99569,100,100014,200,99472,100,100031,100,99198,100,100040,100,99115,100,100076,100,98964,100
2019-06-28 09:48:00.000000000,99879,184,99877,162,99882,184,99860,162,99897,162,99845,162,99926,162,99730,162,99943,262,99619,162,100010,100,99569,100,100014,200,99472,100,100031,100,99198,100,100040,100,99115,100,100076,100,98964,100
2019-06-28 09:48:03.648035376,99879,184,99877,62,99882,184,99860,162,99897,162,99845,162,99926,162,99730,162,99943,262,99619,162,100010,100,99569,100,100014,200,99472,100,100031,100,99198,100,100040,100,99115,100,100076,100,98964,100
2019-06-28 09:48:08.806473195,99879,184,99877,62,99882,184,99860,162,99897,162,99845,162,99926,162,99730,162,99943,162,99619,162,100010,100,99569,100,100014,200,99472,100,100031,100,99198,100,100040,100,99115,100,100076,100,98964,100
2019-06-28 09:48:10.000000000,99879,184,99860,162,99882,184,99845,162,99897,162,99730,162,99926,162,99619,162,99943,162,99569,162,100010,100,99472,100,100014,200,99198,100,100031,100,99115,100,100040,100,98964,100,100076,100,,
2019-06-28 09:48:20.000000000,99879,227,99860,205,99882,224,99845,202,99897,202,99730,202,99926,100,99619,100,99943,100,99569,100,100010,100,99472,100,100014,200,99198,100,100031,100,99115,100,100040,100,98964,100,100076,100,,
2019-06-28 09:48:30.000000000,99879,200,99860,178,99882,200,99845,178,99897,178,99730,178,99926,178,99619,178,99943,100,99569,100,100010,100,99472,100,100014,200,99198,100,100031,100,99115,100,100040,100,98964,100,100076,100,,
2019-06-28 09:48:40.000000000,99879,200,99860,178,99882,200,99845,178,99897,178,99730,178,99926,178,99619,178,99943,100,99569,100,100010,100,99472,100,100014,200,99198,100,100031,100,99115,100,100040,100,98964,100,100076,100,,
2019-06-28 09:48:50.000000000,99879,200,99860,178,99882,200,99845,178,99897,178,99730,178,99926,178,99619,178,99943,100,99569,100,100010,100,99472,100,100014,200,99198,100,100031,100,99115,100,100040,100,98964,100,100076,100,,
2019-06-28 09:48:59.244497723,99879,200,99860,178,99882,200,99845,178,99897,178,99730,178,99926,178,99619,178,99943,100,99569,100,100010,100,99300,100,100014,200,99198,100,100031,100,99115,100,100040,100,98964,100,100076,100,,
2019-06-28 09:49:00.000000000,99879,277,99860,255,99882,277,99845,255,99897,100,99730,100,99926,100,99619,100,99943,100,99569,100,100010,100,99300,100,100014,200,99198,100,100031,100,99115,100,100040,100,98964,100,100076,100,,
2019-06-28 09:49:04.091827477,99878,100,99860,255,99879,277,99845,255,99882,277,99730,100,99897,100,99619,100,99926,100,99569,100,99943,100,99300,100,100010,100,99198,100,100014,200,99115,100,100031,100,98964,100,100040,100,,
2019-06-28 09:49:05.416080192,99878,100,99860,255,99879,277,99845,255,99882,177,99730,100,99897,100,99619,100,99926,100,99569,100,99943,100,99300,100,100010,100,99198,100,100014,200,99115,100,100031,100,98964,100,100040,100,,
2019-06-28 09:49:10.000000000,99878,255,99860,255,99879,277,99845,255,99882,22,99730,100,99897,100,99619,100,99926,100,99569,100,99943,100,99300,100,100010,100,99198,100,100014,200,99115,100,100031,100,98964,100,100040,100,,
2019-06-28 09:49:16.082817354,99878,255,99860,255,99879,277,99845,255,99882,22,99730,100,99897,100,99619,100,99926,100,99569,100,99943,100,99300,100,100010,100,99198,100,100014,200,99115,100,100031,100,98964,100,100040,100,,
2019-06-28 09:49:20.000000000,99878,410,99860,410,99879,122,99845,100,99882,22,99730,100,99897,100,99619,100,99926,100,99569,100,99943,100,99300,100,100010,100,99198,100,100014,200,99115,100,100031,100,98964,100,100040,100,,
2019-06-28 09:49:20.835749874,99878,410,99860,310,99879,122,99845,100,99882,22,99730,100,99897,100,99619,100,99926,100,99569,100,99943,100,99300,100,100010,100,99198,100,100014,200,99115,100,100031,100,98964,100,100040,100,,
2019-06-28 09:49:24.273192014,99878,410,99860,310,99879,122,99845,100,99882,22,99730,100,99897,100,99619,100,99926,100,99569,100,99943,100,99300,100,99946,100,99198,100,100010,100,99115,100,100014,200,98964,100,100031,100,,
2019-06-28 09:49:30.000000000,99878,162,99845,162,99879,184,99730,162,99882,84,99619,162,99897,162,99569,162,99926,162,99300,162,99943,100,99198,100,99946,100,99115,100,100010,100,98964,100,100014,200,,,100031,100,,
2019-06-28 09:49:40.000000000,99878,178,99845,178,99879,200,99730,178,99882,100,99619,178,99897,178,99569,178,99926,100,99300,100,99943,100,99198,100,99946,100,99115,100,100010,100,98964,100,100014,200,,,100031,100,,
2019-06-28 09:49:47.515747608,99878,178,99845,78,99879,200,99730,178,99882,100,99619,78,99897,178,99569,178,99926,100,99300,100,99943,100,99198,100,99946,100,99115,100,100010,100,98964,100,100014,200,,,100031,100,,
2019-06-28 09:49:50.000000000,99878,162,99730,162,99879,184,99569,162,99882,84,99300,162,99897,162,99198,162,99926,162,99115,162,99943,100,98964,100,99946,100,,,100010,100,,,100014,200,,,100031,100,,
2019-06-28 09:50:00.000000000,99878,178,99730,178,99879,200,99569,178,99882,100,99300,178,99897,178,99198,178,99926,100,99115,100,99943,100,98964,100,99946,100,,,100010,100,,,100014,200,,,100031,100,,
2019-06-28 09:50:10.000000000,99878,255,99730,255,99879,277,99569,255,99882,22,99300,100,99897,100,99198,100,99926,100,99115,100,99943,100,98964,100,99946,100,,,100010,100,,,100014,200,,,100031,100,,
2019-06-28 09:50:20.000000000,99878,410,99730,410,99879,122,99569,100,99882,22,99300,100,99897,100,99198,100,99926,100,99115,100,99943,100,98964,100,99946,100,,,100010,100,,,100014,200,,,100031,100,,
2019-06-28 09:50:30.000000000,99878,162,99730,162,99879,184,99569,162,99882,84,99300,162,99897,162,99198,162,99926,162,99115,162,99943,100,98964,100,99946,100,,,100010,100,,,100014,200,,,100031,100,,
2019-06-28 09:50:40.000000000,99878,205,99730,205,99879,224,99569,202,99882,124,99300,202,99897,100,99198,100,99926,100,99115,100,99943,100,98964,100,99946,100,,,100010,100,,,100014,200,,,100031,100,,
2019-06-28 09:50:50.000000000,99878,205,99730,205,99879,224,99569,202,99882,124,99300,202,99897,100,99198,100,99926,100,99115,100,99943,100,98964,100,99946,100,,,100010,100,,,100014,200,,,100031,100,,
2019-06-28 09:50:51.840062170,99878,205,99730,205,99879,224,99569,202,99882,124,99300,202,99897,100,99295,100,99926,100,99198,100,99943,100,99115,100,99946,100,98964,100,100010,100,,,100014,200,,,100031,100,,
2019-06-28 09:50:59.376748285,99878,205,99730,105,99879,224,99569,202,99882,124,99300,202,99897,100,99295,100,99926,100,99198,100,99943,100,99115,100,99946,100,98964,100,100010,100,,,100014,200,,,100031,100,,
2019-06-28 09:51:00.000000000,99878,410,99569,410,99879,122,99300,100,99882,22,99295,100,99897,100,99198,100,99926,100,99115,100,99943,100,98964,100,99946,100,,,100010,100,,,100014,200,,,100031,100,,
2019-06-28 09:51:10.000000000,99878,410,99569,410,99879,122,99300,100,99882,22,99295,100,99897,100,99198,100,99926,100,99115,100,99943,100,98964,100,99946,100,,,100010,100,,,100014,200,,,100031,100,,
2019-06-28 09:51:20.000000000,99878,178,99569,178,99879,200,99300,178,99882,100,99295,178,99897,178,99198,178,99926,100,99115,100,99943,100,98964,100,99946,100,,,100010,100,,,100014,200,,,100031,100,,
2019-06-28 09:51:21.972157595,99878,178,99569,78,99879,200,99300,178,99882,100,99295,178,99897,178,99198,178,99926,100,99115,100,99943,100,98964,100,99946,100,,,100014,200,,,100031,100,,,100040,100,,
2019-06-28 09:51:24.300256875,99878,178,99569,78,99879,200,99300,178,99882,100,99295,178,99897,178,99198,178,99926,100,99197,100,99943,100,99115,100,99946,100,98964,100,100014,200,,,100031,100,,,100040,100,,
2019-06-28 09:51:29.929266467,99878,178,99569,78,99879,200,99364,100,99882,100,99300,178,99897,178,99295,178,99926,100,99198,178,99943,100,99197,100,99946,100,99115,100,100014,200,98964,100,100031,100,,,100040,100,,
2019-06-28 09:51:30.000000000,99878,255,99364,255,99879,277,99300,255,99882,22,99295,100,99897,100,99198,100,99926,100,99197,100,99943,100,99115,100,99946,100,98964,100,100014,200,,,100031,100,,,100040,100,,
2019-06-28 09:51:30.119573055,99878,255,99364,255,99879,277,99300,255,99882,22,99295,100,99897,100,99198,100,99926,100,99197,100,99946,100,99115,100,100014,200,98964,100,100031,100,,,100040,100,,,100060,100,,
2019-06-28 09:51:32.088320029,99878,255,99364,155,99879,277,99300,255,99882,22,99295,100,99897,100,99198,100,99926,100,99197,100,99946,100,99168,100,100014,200,99115,100,100031,100,98964,100,100040,100,,,100060,100,,
2019-06-28 09:51:37.564337402,99730,100,99364,155,99878,255,99300,255,99879,277,99295,100,99882,22,99198,100,99897,100,99197,100,99926,100,99168,100,99946,100,99115,100,100014,200,98964,100,100031,100,,,100040,100,,
2019-06-28 09:51:38.445489950,99730,100,99364,55,99878,255,99300,255,99879,277,99295,100,99882,22,99198,100,99926,100,99197,100,99946,100,99168,100,100014,200,99115,100,100031,100,98964,100,100040,100,,,100060,100,,
2019-06-28 09:51:40.000000000,99730,205,99300,205,99878,202,99295,202,99879,224,99198,202,99882,22,99197,100,99926,100,99168,100,99946,100,99115,100,100014,200,98964,100,100031,100,,,100040,100,,,100060,100,,
2019-06-28 09:51:50.000000000,99730,255,99300,255,99878,255,99295,255,99879,122,99198,100,99882,22,99197,100,99926,100,99168,100,99946,100,99115,100,100014,200,98964,100,100031,100,,,100040,100,,,100060,100,,
2019-06-28 09:52:00.000000000,99730,205,99300,205,99878,202,99295,202,99879,224,99198,202,99882,22,99197,100,99926,100,99168,100,99946,100,99115,100,100014,200,98964,100,100031,100,,,100040,100,,,100060,100,,
2019-06-28 09:52:02.036677991,99730,205,99300,205,99878,202,99295,202,99879,224,99198,202,99882,22,99197,100,99926,100,99168,100,99946,100,99115,100,100014,200,99028,100,100031,100,98964,100,100040,100,,,100060,100,,
2019-06-28 09:52:06.404278517,99569,100,99300,205,99730,205,99295,202,99878,202,99198,202,99879,224,99197,100,99882,22,99168,100,99926,100,99115,100,99946,100,99028,100,100014,100,98964,100,100031,100,,,100040,100,,
2019-06-28 09:52:10.000000000,99569,410,99300,410,99730,100,99295,100,99878,100,99198,100,99879,122,99197,100,99882,22,99168,100,99926,100,99115,100,99946,100,99028,100,100014,100,98964,100,100031,100,,,100040,100,,
2019-06-28 09:52:10.126987080,99375,100,99300,410,99569,410,99295,100,99730,100,99198,100,99878,100,99197,100,99879,122,99168,100,99882,22,99115,100,99926,100,99028,100,99946,100,98964,100,100014,100,,,100031,100,,
2019-06-28 09:52:12.977351069,99375,100,99340,100,99569,410,99300,410,99730,100,99295,100,99878,100,99198,100,99879,122,99197,100,99882,22,99168,100,99926,100,99115,100,99946,100,99028,100,100014,100,98964,100,100031,100,,
2019-06-28 09:52:20.000000000,99375,410,99340,410,99569,100,99300,100,99730,100,99295,100,99878,100,99198,100,99879,122,99197,100,99882,22,99168,100,99926,100,99115,100,99946,100,99028,100,100014,100,98964,100,100031,100,,
2019-06-28 09:52:30.000000000,99375,255,99340,255,99569,255,99300,255,99730,100,99295,100,99878,100,99198,100,99879,122,99197,100,99882,22,99168,100,99926,100,99115,100,99946,100,99028,100,100014,100,98964,100,100031,100,,
2019-06-28 09:52:40.000000000,99375,162,99340,162,99569,162,99300,162,99730,162,99295,162,99878,162,99198,162,99879,184,99197,162,99882,22,99168,100,99926,100,99115,100,99946,100,99028,100,100014,100,98964,100,100031,100,,
2019-06-28 09:52:49.442228081,99375,62,99340,162,99569,162,99300,162,99730,162,99295,162,99878,162,99198,162,99879,184,99197,162,99882,22,99168,100,99926,100,99115,100,99946,100,99028,100,100014,100,98964,100,100031,100,,
2019-06-28 09:52:50.000000000,99569,162,99340,162,99730,162,99300,162,99878,162,99295,162,99879,184,99198,162,99882,84,99197,162,99926,100,99168,100,99946,100,99115,100,100014,100,99028,100,100031,100,98964,100,100040,100,,
2019-06-28 09:52:56.039609322,99569,162,99340,162,99730,162,99300,162,99812,100,99295,162,99878,162,99198,162,99879,184,99197,162,99882,62,99168,100,99926,100,99115,100,99946,100,99028,100,100014,100,98964,100,100031,100,,
2019-06-28 09:52:57.765395480,99569,162,99559,100,99730,162,99340,162,99812,100,99300,162,99878,162,99295,162,99879,184,99198,162,99882,62,99197,162,99926,100,99168,100,99946,100,99115,100,100014,100,99028,100,100031,100,98964,100
2019-06-28 09:53:00.000000000,99569,205,99559,205,99730,202,99340,202,99812,202,99300,202,99878,100,99295,100,99879,122,99198,100,99926,100,99197,100,99946,100,99168,100,100014,100,99115,100,100031,100,99028,100,100040,100,98964,100
2019-06-28 09:53:10.000000000,99569,178,99559,178,99730,178,99340,178,99812,178,99300,178,99878,178,99295,178,99879,122,99198,100,99926,100,99197,100,99946,100,99168,100,100014,100,99115,100,100031,100,99028,100,100040,100,98964,100
2019-06-28 09:53:20.000000000,99569,178,99559,178,99730,178,99340,178,99812,178,99300,178,99878,178,99295,178,99879,122,99198,100,99926,100,99197,100,99946,100,99168,100,100014,100,99115,100,100031,100,99028,100,100040,100,98964,100
2019-06-28 09:53:22.621585196,99569,178,99559,178,99730,178,99457,100,99812,178,99340,178,99878,178,99300,178,99879,122,99295,178,99926,100,99198,100,99946,100,99197,100,100014,100,99115,100,100031,100,99028,100,100040,100,98964,100
2019-06-28 09:53:27.071028818,99569,178,99559,178,99624,100,99457,100,99730,178,99340,178,99812,178,99300,178,99878,178,99295,178,99879,122,99198,100,99926,100,99197,100,99946,100,99115,100,100014,100,99028,100,100031,100,98964,100
2019-06-28 09:53:30.000000000,99569,410,99559,410,99624,100,99457,100,99730,100,99340,100,99812,100,99300,100,99878,100,99295,100,99879,122,99198,100,99926,100,99197,100,99946,100,99115,100,100014,100,99028,100,100031,100,98964,100
2019-06-28 09:53:40.000000000,99569,162,99559,162,99624,162,99457,162,99730,162,99340,162,99812,162,99300,162,99878,162,99295,162,99879,122,99198,100,99926,100,99197,100,99946,100,99115,100,100014,100,99028,100,100031,100,98964,100
2019-06-28 09:53:41.630310984,99569,62,99559,162,99624,162,99457,162,99730,162,99340,162,99812,162,99300,162,99878,162,99295,162,99879,122,99198,100,99926,100,99197,100,99946,100,99115,100,100014,100,99028,100,100060,100,98964,100
2019-06-28 09:53:42.693860378,99624,162,99569,38,99730,162,99559,162,99812,162,99457,162,99878,162,99340,162,99879,122,99300,162,99926,100,99295,162,99946,100,99198,100,100014,100,99197,100,100060,100,99115,100,100099,100,99028,100
2019-06-28 09:53:44.193399106,99624,162,99569,38,99730,162,99559,162,99812,162,99457,162,99878,162,99340,162,99879,122,99300,162,99926,100,99295,162,99946,100,99198,100,100014,100,99197,100,100060,100,99115,100,100099,100,99028,100
2019-06-28 09:53:44.913001198,99624,162,99569,38,99730,162,99559,162,99812,162,99457,162,99878,162,99340,162,99879,122,99300,162,99926,100,99295,162,99946,100,99198,100,100014,100,99197,100,100060,100,99115,100,100099,100,98964,100
2019-06-28 09:53:48.977256052,99624,62,99569,38,99730,162,99559,162,99812,162,99457,162,99878,162,99340,162,99879,122,99300,162,99926,100,99295,162,99946,100,99198,100,100014,100,99197,100,100060,100,99115,100,100099,100,98964,100
2019-06-28 09:53:49.177304612,99730,162,99624,38,99812,162,99569,38,99878,162,99559,162,99879,122,99457,162,99926,100,99340,162,99946,100,99300,162,100014,100,99295,162,100060,100,99198,100,100099,100,99197,100,100109,100,99115,100
2019-06-28 09:53:50.000000000,99730,162,99624,100,99812,162,99569,100,99878,162,99559,162,99879,184,99457,162,99926,162,99340,162,99946,100,99300,100,100014,100,99295,100,100060,100,99198,100,100099,100,99197,100,100109,100,99115,100
2019-06-28 09:54:00.000000000,99730,162,99624,100,99812,162,99569,100,99878,162,99559,162,99879,184,99457,162,99926,162,99340,162,99946,100,99300,100,100014,100,99295,100,100060,100,99198,100,100099,100,99197,100,100109,100,99115,100
2019-06-28 09:54:10.000000000,99730,255,99624,193,99812,255,99569,193,99878,100,99559,100,99879,122,99457,100,99926,100,99340,100,99946,100,99300,100,100014,100,99295,100,100060,100,99198,100,100099,100,99197,100,100109,100,99115,100
2019-06-28 09:54:15.936051492,99730,155,99624,193,99812,255,99569,193,99878,100,99559,100,99879,122,99457,100,99926,100,99340,100,99946,100,99300,100,100014,100,99295,100,100060,100,99198,100,100099,100,99197,100,100109,100,98964,100
2019-06-28 09:54:20.000000000,99812,162,99624,100,99878,162,99569,100,99879,184,99559,162,99926,162,99457,162,99946,162,99340,162,100014,100,99300,100,100060,100,99295,100,100099,100,99198,100,100109,100,99197,100,100142,100,98964,100
2019-06-28 09:54:30.000000000,99812,205,99624,143,99878,202,99569,140,99879,224,99559,202,99926,100,99457,100,99946,100,99340,100,100014,100,99300,100,100060,100,99295,100,100099,100,99198,100,100109,100,99197,100,100142,100,98964,100
2019-06-28 09:54:31.411531224,99812,205,99624,143,99878,202,99569,140,99879,224,99559,202,99926,100,99457,100,99946,100,99340,100,100014,100,99300,100,100099,100,99295,100,100109,100,99198,100,100142,100,99197,100,100153,100,98964,100
2019-06-28 09:54:35.715489428,99812,205,99624,143,99878,202,99569,140,99879,224,99559,202,99946,100,99457,100,100014,100,99340,100,100099,100,99300,100,100109,100,99295,100,100142,100,99198,100,100153,100,99197,100,100164,100,98964,100
2019-06-28 09:54:40.000000000,99812,162,99624,100,99878,162,99569,100,99879,184,99559,162,99946,162,99457,162,100014,162,99340,162,100099,100,99300,100,100109,100,99295,100,100142,100,99198,100,100153,100,99197,100,100164,100,98964,100
2019-06-28 09:54:47.805132353,99812,162,99625,100,99878,162,99624,100,99879,184,99569,100,99946,162,99559,162,100014,162,99457,162,100099,100,99340,162,100109,100,99300,100,100142,100,99295,100,100153,100,99198,100,100164,100,99197,100
2019-06-28 09:54:50.000000000,99812,162,99625,162,99878,162,99624,100,99879,184,99569,100,99946,162,99559,162,100014,162,99457,162,100099,100,99340,100,100109,100,99300,100,100142,100,99295,100,100153,100,99198,100,100164,100,99197,100
2019-06-28 09:55:00.000000000,99812,255,99625,255,99878,255,99624,193,99879,122,99569,38,99946,100,99559,100,100014,100,99457,100,100099,100,99340,100,100109,100,99300,100,100142,100,99295,100,100153,100,99198,100,100164,100,99197,100
2019-06-28 09:55:02.435435725,99812,255,99625,255,99878,255,99624,193,99879,122,99569,38,99946,100,99559,100,100014,100,99457,100,100099,100,99340,100,100109,100,99300,100,100142,100,99295,100,100164,100,99198,100,100210,100,99197,100
2019-06-28 09:55:10.000000000,99812,205,99625,205,99878,202,99624,140,99879,224,99569,140,99946,100,99559,100,100014,100,99457,100,100099,100,99340,100,100109,100,99300,100,100142,100,99295,100,100164,100,99198,100,100210,100,99197,100
2019-06-28 09:55:18.287324819,99812,205,99625,205,99878,202,99624,140,99879,224,99569,140,99946,100,99559,100,100014,100,99457,100,100099,100,99340,100,100109,100,99300,100,100142,100,99295,100,100164,100,99198,100,100210,100,99197,100
2019-06-28 09:55:19.736381991,99812,105,99625,205,99878,202,99624,140,99879,224,99569,140,99946,100,99559,100,100014,100,99457,100,100099,100,99340,100,100109,100,99300,100,100142,100,99295,100,100164,100,99198,100,100210,100,99197,100
2019-06-28 09:55:20.000000000,99878,410,99625,410,99879,122,99624,38,99946,100,99569,38,100014,100,99559,100,100099,100,99457,100,100109,100,99340,100,100142,100,99300,100,100164,100,99295,100,100210,100,99198,100,100254,100,99197,100
2019-06-28 09:55:30.000000000,99878,162,99625,162,99879,184,99624,100,99946,162,99569,100,100014,162,99559,162,100099,162,99457,162,100109,100,99340,100,100142,100,99300,100,100164,100,99295,100,100210,100,99198,100,100254,100,99197,100
2019-06-28 09:55:36.249092999,99878,162,99625,162,99879,184,99624,100,99946,162,99569,100,100014,162,99559,162,100099,162,99457,162,100109,100,99340,100,100142,100,99300,100,100164,100,99198,100,100210,100,99197,100,100254,100,98964,100
2019-06-28 09:55:39.246380018,99878,162,99625,162,99879,162,99624,100,99946,162,99569,100,100014,162,99559,162,100099,162,99457,162,100109,100,99340,100,100142,100,99300,100,100164,100,99198,100,100210,100,99197,100,100254,100,98964,100
2019-06-28 09:55:40.000000000,99878,255,99625,255,99879,255,99624,193,99946,100,99569,38,100014,100,99559,100,100099,100,99457,100,100109,100,99340,100,100142,100,99300,100,100164,100,99198,100,100210,100,99197,100,100254,100,98964,100
2019-06-28 09:55:50.000000000,99878,255,99625,255,99879,255,99624,193,99946,100,99569,38,100014,100,99559,100,100099,100,99457,100,100109,100,99340,100,100142,100,99300,100,100164,100,99198,100,100210,100,99197,100,100254,100,98964,100
2019-06-28 09:55:50.173421980,99878,155,99625,255,99879,255,99624,193,99946,100,99569,38,100014,100,99559,100,100099,100,99457,100,100109,100,99340,100,100142,100,99300,100,100164,100,99198,100,100210,100,99197,100,100254,100,98964,100
2019-06-28 09:56:00.000000000,99879,205,99625,205,99946,202,99624,140,100014,202,99569,140,100099,100,99559,100,100109,100,99457,100,100142,100,99340,100,100164,100,99300,100,100210,100,99198,100,100254,100,99197,100,100459,100,98964,100
2019-06-28 09:56:10.000000000,99879,205,99625,205,99946,202,99624,140,100014,202,99569,140,100099,100,99559,100,100109,100,99457,100,100142,100,99340,100,100164,100,99300,100,100210,100,99198,100,100254,100,99197,100,100459,100,98964,100
2019-06-28 09:56:20.000000000,99879,255,99625,255,99946,255,99624,193,100014,100,99569,38,100099,100,99559,100,100109,100,99457,100,100142,100,99340,100,100164,100,99300,100,100210,100,99198,100,100254,100,99197,100,100459,100,98964,100
2019-06-28 09:56:25.894378819,99879,255,99625,255,99946,255,99624,193,100014,100,99569,38,100099,100,99559,100,100109,100,99457,100,100142,100,99340,100,100164,100,99300,100,100210,100,99198,100,100254,100,99197,100,100459,100,98964,100
2019-06-28 09:56:27.025187106,99879,255,99625,255,99946,255,99624,193,100014,100,99569,38,100099,100,99559,100,100109,100,99457,100,100142,100,99340,100,100164,100,99198,100,100210,100,99197,100,100254,100,98964,100,100459,100,,
2019-06-28 09:56:30.000000000,99879,178,99625,178,99946,178,99624,116,100014,178,99569,116,100099,178,99559,178,100109,100,99457,100,100142,100,99340,100,100164,100,99198,100,100210,100,99197,100,100254,100,98964,100,100459,100,,
2019-06-28 09:56:40.000000000,99879,205,99625,205,99946,202,99624,140,100014,202,99569,140,100099,100,99559,100,100109,100,99457,100,100142,100,99340,100,100164,100,99198,100,100210,100,99197,100,100254,100,98964,100,100459,100,,
2019-06-28 09:56:50.000000000,99879,205,99625,205,99946,202,99624,140,100014,202,99569,140,100099,100,99559,100,100109,100,99457,100,100142,100,99340,100,100164,100,99198,100,100210,100,99197,100,100254,100,98964,100,100459,100,,
2019-06-28 09:56:56.436732061,99879,205,99625,205,99946,202,99624,140,100014,202,99569,140,100099,100,99457,100,100109,100,99340,100,100142,100,99198,100,100164,100,99197,100,100210,100,98964,100,100254,100,,,100459,100,,
2019-06-28 09:57:00.000000000,99879,162,99625,162,99946,162,99624,100,100014,162,99569,100,100099,162,99457,162,100109,162,99340,162,100142,100,99198,100,100164,100,99197,100,100210,100,98964,100,100254,100,,,100459,100,,
2019-06-28 09:57:05.249523354,99879,62,99625,162,99946,162,99624,100,100014,162,99569,100,100099,162,99457,162,100109,162,99340,162,100142,100,99198,100,100164,100,99197,100,100210,100,98964,100,100254,100,,,100459,100,,
2019-06-28 09:57:10.000000000,99946,162,99625,162,100014,162,99624,100,100099,162,99569,100,100109,162,99457,162,100142,162,99340,162,100164,100,99198,100,100210,100,99197,100,100254,100,98964,100,100459,100,,,100476,100,,
2019-06-28 09:57:20.000000000,99946,410,99625,410,100014,100,99624,38,100099,100,99569,38,100109,100,99457,100,100142,100,99340,100,100164,100,99198,100,100210,100,99197,100,100254,100,98964,100,100459,100,,,100476,100,,
2019-06-28 09:57:30.000000000,99946,410,99625,410,100014,100,99624,38,100099,100,99569,38,100109,100,99457,100,100142,100,99340,100,100164,100,99198,100,100210,100,99197,100,100254,100,98964,100,100459,100,,,100476,100,,
2019-06-28 09:57:36.604840006,99946,410,99625,410,100014,100,99624,38,100099,100,99569,38,100109,100,99457,100,100142,100,99340,100,100164,100,99198,100,100210,100,99197,100,100254,100,98964,100,100265,100,,,100459,100,,
2019-06-28 09:57:40.000000000,99946,178,99625,178,100014,178,99624,116,100099,178,99569,116,100109,178,99457,178,100142,100,99340,100,100164,100,99198,100,100210,100,99197,100,100254,100,98964,100,100265,100,,,100459,100,,
2019-06-28 09:57:50.000000000,99946,178,99625,178,100014,178,99624,116,100099,178,99569,116,100109,178,99457,178,100142,100,99340,100,100164,100,99198,100,100210,100,99197,100,100254,100,98964,100,100265,100,,,100459,100,,
2019-06-28 09:58:00.000000000,99946,205,99625,205,100014,202,99624,140,100099,202,99569,140,100109,100,99457,100,100142,100,99340,100,100164,100,99198,100,100210,100,99197,100,100254,100,98964,100,100265,100,,,100459,100,,
2019-06-28 09:58:10.000000000,99946,255,99625,255,100014,255,99624,193,100099,100,99569,38,100109,100,99457,100,100142,100,99340,100,100164,100,99198,100,100210,100,99197,100,100254,100,98964,100,100265,100,,,100459,100,,
2019-06-28 09:58:20.000000000,99946,162,99625,162,100014,162,99624,100,100099,162,99569,100,100109,162,99457,162,100142,162,99340,162,100164,100,99198,100,100210,100,99197,100,100254,100,98964,100,100265,100,,,100459,100,,
2019-06-28 09:58:23.178371310,99946,62,99625,162,100014,162,99624,100,100099,162,99569,100,100109,162,99457,162,100142,162,99340,162,100164,100,99198,100,100210,100,99197,100,100254,100,98964,100,100265,100,,,100459,100,,
2019-06-28 09:58:28.513507399,99946,62,99625,162,100014,162,99624,100,100099,162,99569,100,100109,162,99457,162,100142,162,99340,162,100164,100,99198,100,100210,100,99197,100,100254,100,98964,100,100265,100,,,100361,100,,
2019-06-28 09:58:30.000000000,100014,178,99625,178,100099,178,99624,116,100109,178,99569,116,100142,178,99457,178,100164,100,99340,100,100210,100,99198,100,100254,100,99197,100,100265,100,98964,100,100361,100,,,100459,100,,
2019-06-28 09:58:30.947948247,100014,178,99625,178,100099,178,99624,116,100109,178,99569,116,100142,178,99457,178,100164,100,99340,100,100210,100,99198,100,100254,100,99197,100,100265,100,98964,100,100287,100,,,100361,100,,
2019-06-28 09:58:34.973031843,100014,178,99879,100,100099,178,99625,178,100109,178,99624,116,100142,178,99569,116,100164,100,99457,178,100210,100,99340,100,100254,100,99198,100,100265,100,99197,100,100287,100,98964,100,100361,100,,
2019-06-28 09:58:40.000000000,100014,410,99879,410,100099,100,99625,100,100109,100,99624,38,100142,100,99569,38,100164,100,99457,100,100210,100,99340,100,100254,100,99198,100,100265,100,99197,100,100287,100,98964,100,100361,100,,
2019-06-28 09:58:46.310276259,100014,410,99879,410,100099,100,99625,100,100109,100,99624,38,100142,100,99569,38,100164,100,99457,100,100210,100,99340,100,100254,100,99198,100,100265,100,99197,100,100287,100,98964,100,100361,100,,
2019-06-28 09:58:50.000000000,100014,255,99879,255,100099,255,99625,255,100109,100,99624,38,100142,100,99569,38,100164,100,99457,100,100210,100,99340,100,100254,100,99198,100,100265,100,99197,100,100287,100,98964,100,100361,100,,
2019-06-28 09:59:00.000000000,100014,205,99879,205,100099,202,99625,202,100109,202,99624,140,100142,100,99569,38,100164,100,99457,100,100210,100,99340,100,100254,100,99198,100,100265,100,99197,100,100287,100,98964,100,100361,100,,
2019-06-28 09:59:10.000000000,100014,178,99879,178,100099,178,99625,178,100109,178,99624,116,100142,178,99569,116,100164,100,99457,100,100210,100,99340,100,100254,100,99198,100,100265,100,99197,100,100287,100,98964,100,100361,100,,
2019-06-28 09:59:13.559955366,100014,178,99879,178,100099,178,99625,178,100109,178,99624,116,100142,178,99569,116,100164,100,99529,100,100210,100,99457,100,100254,100,99340,100,100265,100,99198,100,100287,100,99197,100,100361,100,98964,100
2019-06-28 09:59:20.000000000,100014,255,99879,255,100099,255,99625,255,100109,100,99624,38,100142,100,99569,38,100164,100,99529,100,100210,100,99457,100,100254,100,99340,100,100265,100,99198,100,100287,100,99197,100,100361,100,98964,100
2019-06-28 09:59:28.240366877,100014,255,99879,255,100099,255,99625,255,100109,100,99624,38,100142,100,99569,38,100164,100,99540,100,100210,100,99529,100,100254,100,99457,100,100265,100,99340,100,100287,100,99198,100,100361,100,99197,100
2019-06-28 09:59:30.000000000,100014,410,99879,410,100099,100,99625,100,100109,100,99624,38,100142,100,99569,38,100164,100,99540,100,100210,100,99529,100,100254,100,99457,100,100265,100,99340,100,100287,100,99198,100,100361,100,99197,100
2019-06-28 09:59:40.000000000,100014,255,99879,255,100099,255,99625,255,100109,100,99624,38,100142,100,99569,38,100164,100,99540,100,100210,100,99529,100,100254,100,99457,100,100265,100,99340,100,100287,100,99198,100,100361,100,99197,100
2019-06-28 09:59:50.000000000,100014,178,99879,178,100099,178,99625,178,100109,178,99624,116,100142,178,99569,116,100164,100,99540,100,100210,100,99529,100,100254,100,99457,100,100265,100,99340,100,100287,100,99198,100,100361,100,99197,100
2019-06-28 10:00:00.000000000,100014,410,99879,410,100099,100,99625,100,100109,100,99624,38,100142,100,99569,38,100164,100,99540,100,100210,100,99529,100,100254,100,99457,100,100265,100,99340,100,100287,100,99198,100,100361,100,99197,100
2019-06-28 10:00:07.254691879,100014,410,99879,410,100099,100,99625,100,100109,100,99569,38,100142,100,99540,100,100164,100,99529,100,100210,100,99491,100,100254,100,99457,100,100265,100,99340,100,100287,100,99198,100,100361,100,99197,100
2019-06-28 10:00:10.000000000,100014,410,99879,410,100099,100,99625,100,100109,100,99569,38,100142,100,99540,100,100164,100,99529,100,100210,100,99491,100,100254,100,99457,100,100265,100,99340,100,100287,100,99198,100,100361,100,99197,100
2019-06-28 10:00:12.069764026,100014,410,99879,310,100099,100,99625,100,100109,100,99569,38,100142,100,99540,100,100164,100,99529,100,100210,100,99491,100,100254,100,99457,100,100265,100,99340,100,100287,100,99198,100,100361,100,99197,100
2019-06-28 10:00:20.000000000,100014,178,99625,178,100099,178,99569,116,100109,178,99540,178,100142,178,99529,178,100164,100,99491,100,100210,100,99457,100,100254,100,99340,100,100265,100,99198,100,100287,100,99197,100,100361,100,98964,100
2019-06-28 10:00:30.000000000,100014,162,99625,162,100099,162,99569,100,100109,162,99540,162,100142,162,99529,162,100164,162,99491,162,100210,100,99457,100,100254,100,99340,100,100265,100,99198,100,100287,100,99197,100,100361,100,98964,100
2019-06-28 10:00:40.000000000,100014,205,99625,205,100099,202,99569,140,100109,202,99540,202,100142,100,99529,100,100164,100,99491,100,100210,100,99457,100,100254,100,99340,100,100265,100,99198,100,100287,100,99197,100,100361,100,98964,100
2019-06-28 10:00:50.000000000,100014,205,99625,205,100099,202,99569,140,100109,202,99540,202,100142,100,99529,100,100164,100,99491,100,100210,100,99457,100,100254,100,99340,100,100265,100,99198,100,100287,100,99197,100,100361,100,98964,100
2019-06-28 10:00:51.886410961,100014,205,99625,105,100099,202,99569,140,100109,202,99540,202,100142,100,99529,100,100210,100,99491,100,100254,100,99457,100,100265,100,99340,100,100287,100,99198,100,100361,100,99197,100,100436,100,98964,100
2019-06-28 10:00:58.373824806,100014,205,99625,105,100099,202,99569,140,100109,202,99540,202,100142,100,99531,100,100210,100,99529,100,100254,100,99491,100,100265,100,99457,100,100287,100,99340,100,100361,100,99198,100,100436,100,99197,100
2019-06-28 10:00:59.058436421,100014,205,99625,105,100099,202,99569,140,100109,202,99540,202,100142,100,99531,100,100210,100,99529,100,100254,100,99491,100,100265,100,99482,100,100287,100,99457,100,100361,100,99340,100,100436,100,99198,100
2019-06-28 10:01:00.000000000,100014,255,99569,193,100099,255,99540,255,100109,100,99531,100,100142,100,99529,100,100210,100,99491,100,100254,100,99482,100,100265,100,99457,100,100287,100,99340,100,100361,100,99198,100,100436,100,99197,100
2019-06-28 10:01:07.916487737,100014,255,99598,100,100099,255,99569,193,100109,100,99540,255,100142,100,99531,100,100210,100,99529,100,100254,100,99491,100,100265,100,99482,100,100287,100,99457,100,100361,100,99340,100,100436,100,99198,100
2019-06-28 10:01:10.000000000,100014,410,99598,410,100099,100,99569,38,100109,100,99540,100,100142,100,99531,100,100210,100,99529,100,100254,100,99491,100,100265,100,99482,100,100287,100,99457,100,100361,100,99340,100,100436,100,99198,100
2019-06-28 10:01:19.802850687,100014,410,99625,100,100099,100,99598,410,100109,100,99569,38,100142,100,99540,100,100210,100,99531,100,100254,100,99491,100,100265,100,99482,100,100287,100,99457,100,100361,100,99340,100,100436,100,99198,100
2019-06-28 10:01:20.000000000,100014,255,99625,255,100099,255,99598,255,100109,100,99569,38,100142,100,99540,100,100210,100,99531,100,100254,100,99491,100,100265,100,99482,100,100287,100,99457,100,100361,100,99340,100,100436,100,99198,100
2019-06-28 10:01:25.942876217,100014,255,99625,255,100099,255,99598,255,100109,100,99569,38,100142,100,99540,100,100173,100,99531,100,100210,100,99482,100,100254,100,99457,100,100265,100,99340,100,100287,100,99198,100,100361,100,99197,100
2019-06-28 10:01:30.000000000,100014,178,99625,178,100099,178,99598,178,100109,178,99569,116,100142,178,99540,178,100173,100,99531,100,100210,100,99482,100,100254,100,99457,100,100265,100,99340,100,100287,100,99198,100,100361,100,99197,100
2019-06-28 10:01:32.104809231,100014,178,99625,178,100019,100,99598,178,100099,178,99569,116,100109,178,99540,178,100142,178,99531,100,100173,100,99482,100,100210,100,99457,100,100254,100,99340,100,100265,100,99198,100,100287,100,99197,100
2019-06-28 10:01:40.000000000,100014,205,99625,205,100019,202,99598,202,100099,202,99569,140,100109,100,99540,100,100142,100,99531,100,100173,100,99482,100,100210,100,99457,100,100254,100,99340,100,100265,100,99198,100,100287,100,99197,100
2019-06-28 10:01:40.946270296,99773,100,99625,205,100014,205,99598,202,100019,202,99569,140,100099,202,99540,100,100109,100,99531,100,100142,100,99482,100,100173,100,99457,100,100210,100,99340,100,100254,100,99197,100,100265,100,98964,100
2019-06-28 10:01:48.001614295,100014,205,99625,205,100019,202,99598,202,100099,202,99569,140,100142,100,99540,100,100173,100,99531,100,100210,100,99482,100,100254,100,99457,100,100265,100,99340,100,100287,100,99197,100,100361,100,98964,100
2019-06-28 10:01:50.000000000,100014,410,99625,410,100019,100,99598,100,100099,100,99569,38,100142,100,99540,100,100173,100,99531,100,100210,100,99482,100,100254,100,99457,100,100265,100,99340,100,100287,100,99197,100,100361,100,98964,100
2019-06-28 10:02:00.000000000,100014,205,99625,205,100019,202,99598,202,100099,202,99569,140,100142,100,99540,100,100173,100,99531,100,100210,100,99482,100,100254,100,99457,100,100265,100,99340,100,100287,100,99197,100,100361,100,98964,100
2019-06-28 10:02:10.000000000,100014,410,99625,410,100019,100,99598,100,100099,100,99569,38,100142,100,99540,100,100173,100,99531,100,100210,100,99482,100,100254,100,99457,100,100265,100,99340,100,100287,100,99197,100,100361,100,98964,100
2019-06-28 10:02:20.000000000,100014,178,99625,178,100019,178,99598,178,100099,178,99569,116,100142,178,99540,178,100173,100,99531,100,100210,100,99482,100,100254,100,99457,100,100265,100,99340,100,100287,100,99197,100,100361,100,98964,100
2019-06-28 10:02:30.000000000,100014,410,99625,410,100019,100,99598,100,100099,100,99569,38,100142,100,99540,100,100173,100,99531,100,100210,100,99482,100,100254,100,99457,100,100265,100,99340,100,100287,100,99197,100,100361,100,98964,100
2019-06-28 10:02:37.123147516,100014,410,99625,310,100019,100,99598,100,100099,100,99569,38,100142,100,99540,100,100173,100,99531,100,100210,100,99482,100,100231,100,99457,100,100254,100,99340,100,100265,100,99197,100,100287,100,98964,100
2019-06-28 10:02:39.352999034,100014,310,99625,310,100019,100,99598,100,100099,100,99569,38,100142,100,99540,100,100210,100,99531,100,100231,100,99482,100,100254,100,99457,100,100265,100,99340,100,100287,100,99197,100,100361,100,98964,100
2019-06-28 10:02:40.000000000,100019,205,99598,205,100099,202,99569,140,100142,202,99540,202,100210,100,99531,100,100231,100,99482,100,100254,100,99457,100,100265,100,99340,100,100287,100,99197,100,100361,100,98964,100,100436,100,,
2019-06-28 10:02:50.000000000,100019,410,99598,410,100099,100,99569,38,100142,100,99540,100,100210,100,99531,100,100231,100,99482,100,100254,100,99457,100,100265,100,99340,100,100287,100,99197,100,100361,100,98964,100,100436,100,,
2019-06-28 10:02:53.416982058,100019,410,99773,100,100099,100,99598,410,100142,100,99569,38,100210,100,99540,100,100231,100,99531,100,100254,100,99482,100,100265,100,99457,100,100287,100,99340,100,100361,100,99197,100,100436,100,98964,100
2019-06-28 10:03:00.000000000,100019,255,99773,255,100099,255,99598,255,100142,100,99569,38,100210,100,99540,100,100231,100,99531,100,100254,100,99482,100,100265,100,99457,100,100287,100,99340,100,100361,100,99197,100,100436,100,98964,100
2019-06-28 10:03:08.705215221,100019,255,99773,355,100099,255,99598,255,100142,100,99569,38,100210,100,99540,100,100231,100,99531,100,100254,100,99482,100,100265,100,99457,100,100287,100,99340,100,100361,100,99197,100,100436,100,98964,100
2019-06-28 10:03:09.851777007,100019,255,99773,355,100099,255,99598,255,100142,100,99569,38,100210,100,99540,100,100231,100,99531,100,100254,100,99482,100,100265,100,99457,100,100287,100,99340,100,100348,100,99197,100,100361,100,98964,100
2019-06-28 10:03:10.000000000,100019,255,99773,355,100099,255,99598,255,100142,100,99569,38,100210,100,99540,100,100231,100,99531,100,100254,100,99482,100,100265,100,99457,100,100287,100,99340,100,100348,100,99197,100,100361,100,98964,100
2019-06-28 10:03:20.000000000,100019,410,99773,510,100099,100,99598,100,100142,100,99569,38,100210,100,99540,100,100231,100,99531,100,100254,100,99482,100,100265,100,99457,100,100287,100,99340,100,100348,100,99197,100,100361,100,98964,100
2019-06-28 10:03:30.000000000,100019,162,99773,262,100099,162,99598,162,100142,162,99569,100,100210,162,99540,162,100231,162,99531,162,100254,100,99482,100,100265,100,99457,100,100287,100,99340,100,100348,100,99197,100,100361,100,98964,100
2019-06-28 10:03:30.035794944,100019,162,99773,262,100099,62,99598,162,100115,100,99569,100,100142,162,99540,162,100210,162,99531,162,100231,162,99482,100,100254,100,99457,100,100265,100,99340,100,100287,100,99197,100,100348,100,98964,100
2019-06-28 10:03:34.884216515,100019,62,99773,262,100099,62,99598,162,100115,100,99569,100,100142,162,99540,162,100210,162,99531,162,100231,162,99482,100,100254,100,99457,100,100265,100,99340,100,100287,100,99197,100,100348,100,98964,100
2019-06-28 10:03:40.000000000,100115,162,99773,262,100142,162,99598,162,100210,162,99569,100,100231,162,99540,162,100254,162,99531,162,100265,100,99482,100,100287,100,99457,100,100348,100,99340,100,100361,100,99197,100,100436,100,98964,100
2019-06-28 10:03:44.986452384,99892,100,99773,262,100115,162,99598,162,100142,162,99569,100,100210,162,99540,162,100231,162,99531,162,100254,162,99482,100,100265,100,99340,100,100287,100,99197,100,100348,100,98964,100,100361,100,,
2019-06-28 10:03:50.000000000,99892,178,99773,278,100115,178,99598,178,100142,178,99569,116,100210,178,99540,178,100231,100,99531,100,100254,100,99482,100,100265,100,99340,100,100287,100,99197,100,100348,100,98964,100,100361,100,,
2019-06-28 10:03:54.476905362,99892,178,99773,178,100115,178,99598,178,100142,178,99569,78,100210,178,99540,178,100231,100,99531,100,100254,100,99482,100,100265,100,99340,100,100287,100,99197,100,100348,100,98964,100,100361,100,,
2019-06-28 10:04:00.000000000,99892,205,99773,205,100115,202,99598,202,100142,202,99540,202,100210,100,99531,100,100231,100,99482,100,100254,100,99340,100,100265,100,99197,100,100287,100,98964,100,100348,100,,,100361,100,,
2019-06-28 10:04:10.000000000,99892,178,99773,178,100115,178,99598,178,100142,178,99540,178,100210,178,99531,178,100231,100,99482,100,100254,100,99340,100,100265,100,99197,100,100287,100,98964,100,100348,100,,,100361,100,,
2019-06-28 10:04:20.000000000,99892,162,99773,162,100115,162,99598,162,100142,162,99540,162,100210,162,99531,162,100231,162,99482,162,100254,100,99340,100,100265,100,99197,100,100287,100,98964,100,100348,100,,,100361,100,,
2019-06-28 10:04:30.000000000,99892,178,99773,178,100115,178,99598,178,100142,178,99540,178,100210,178,99531,178,100231,100,99482,100,100254,100,99340,100,100265,100,99197,100,100287,100,98964,100,100348,100,,,100361,100,,
2019-06-28 10:04:40.000000000,99892,162,99773,162,100115,162,99598,162,100142,162,99540,162,100210,162,99531,162,100231,162,99482,162,100254,100,99340,100,100265,100,99197,100,100287,100,98964,100,100348,100,,,100361,100,,
2019-06-28 10:04:44.797545099,99806,100,99773,162,99892,162,99598,162,100115,162,99540,162,100142,162,99531,162,100210,162,99482,162,100231,162,99340,100,100254,100,99197,100,100265,100,98964,100,100287,100,,,100348,100,,
2019-06-28 10:04:48.153464124,99806,100,99773,162,99892,162,99610,100,100115,162,99598,162,100142,162,99540,162,100210,162,99531,162,100231,162,99482,162,100254,100,99340,100,100265,100,99197,100,100287,100,98964,100,100348,100,,
2019-06-28 10:04:50.000000000,99806,178,99773,178,99892,178,99610,178,100115,178,99598,178,100142,178,99540,178,100210,100,99531,100,100231,100,99482,100,100254,100,99340,100,100265,100,99197,100,100287,100,98964,100,100348,100,,
2019-06-28 10:05:00.000000000,99806,162,99773,162,99892,162,99610,162,100115,162,99598,162,100142,162,99540,162,100210,162,99531,162,100231,100,99482,100,100254,100,99340,100,100265,100,99197,100,100287,100,98964,100,100348,100,,
2019-06-28 10:05:10.000000000,99806,410,99773,410,99892,100,99610,100,100115,100,99598,100,100142,100,99540,100,100210,100,99531,100,100231,100,99482,100,100254,100,99340,100,100265,100,99197,100,100287,100,98964,100,100348,100,,
2019-06-28 10:05:20.000000000,99806,162,99773,162,99892,162,99610,162,100115,162,99598,162,100142,162,99540,162,100210,162,99531,162,100231,100,99482,100,100254,100,99340,100,100265,100,99197,100,100287,100,98964,100,100348,100,,
2019-06-28 10:05:30.000000000,99806,205,99773,205,99892,202,99610,202,100115,202,99598,202,100142,100,99540,100,100210,100,99531,100,100231,100,99482,100,100254,100,99340,100,100265,100,99197,100,100287,100,98964,100,100348,100,,
2019-06-28 10:05:30.149861565,99806,105,99773,205,99892,202,99610,202,100115,202,99598,202,100142,100,99540,100,100210,100,99531,100,100231,100,99482,100,100254,100,99340,100,100265,100,99197,100,100287,100,98964,100,100348,100,,
2019-06-28 10:05:40.000000000,99892,205,99773,205,100115,202,99610,202,100142,202,99598,202,100210,100,99540,100,100231,100,99531,100,100254,100,99482,100,100265,100,99340,100,100287,100,99197,100,100348,100,98964,100,100361,100,,
2019-06-28 10:05:48.456587149,99892,105,99773,205,100115,202,99610,202,100142,202,99598,202,100210,100,99540,100,100231,100,99531,100,100254,100,99482,100,100265,100,99340,100,100287,100,99197,100,100361,100,98964,100,100436,100,,
2019-06-28 10:05:50.000000000,100115,410,99773,410,100142,100,99610,100,100210,100,99598,100,100231,100,99540,100,100254,100,99531,100,100265,100,99482,100,100287,100,99340,100,100361,100,99197,100,100436,100,98964,100,100476,100,,
2019-06-28 10:05:59.841829041,100115,410,99773,410,100142,100,99610,100,100210,100,99598,100,100231,100,99540,100,100254,100,99531,100,100265,100,99482,100,100287,100,99340,100,100361,100,99197,100,100384,100,98964,100,100436,100,,
2019-06-28 10:06:00.000000000,100115,255,99773,255,100142,255,99610,255,100210,100,99598,100,100231,100,99540,100,100254,100,99531,100,100265,100,99482,100,100287,100,99340,100,100361,100,99197,100,100384,100,98964,100,100436,100,,
2019-06-28 10:06:10.000000000,100115,255,99773,255,100142,255,99610,255,100210,100,99598,100,100231,100,99540,100,100254,100,99531,100,100265,100,99482,100,100287,100,99340,100,100361,100,99197,100,100384,100,98964,100,100436,100,,
2019-06-28 10:06:20.000000000,100115,162,99773,162,100142,162,99610,162,100210,162,99598,162,100231,162,99540,162,100254,162,99531,162,100265,100,99482,100,100287,100,99340,100,100361,100,99197,100,100384,100,98964,100,100436,100,,
2019-06-28 10:06:22.878023503,100115,162,99773,162,100142,162,99610,162,100210,162,99598,162,100231,162,99540,162,100254,162,99531,162,100265,100,99482,100,100287,100,99340,100,100361,100,99197,100,100384,100,98964,100,100436,100,,
2019-06-28 10:06:29.632142250,100115,162,99773,162,100142,162,99610,162,100210,162,99598,162,100231,162,99540,162,100254,162,99531,162,100265,100,99482,100,100287,100,99340,100,100361,100,99197,100,100384,100,98964,100,100436,100,,
2019-06-28 10:06:30.000000000,100115,255,99773,255,100142,255,99610,255,100210,100,99598,100,100231,100,99540,100,100254,100,99531,100,100265,100,99482,100,100287,100,99340,100,100361,100,99197,100,100384,100,98964,100,100436,100,,
2019-06-28 10:06:40.000000000,100115,178,99773,178,100142,178,99610,178,100210,178,99598,178,100231,178,99540,178,100254,100,99531,100,100265,100,99482,100,100287,100,99340,100,100361,100,99197,100,100384,100,98964,100,100436,100,,
2019-06-28 10:06:50.000000000,100115,255,99773,255,100142,255,99610,255,100210,100,99598,100,100231,100,99540,100,100254,100,99531,100,100265,100,99482,100,100287,100,99340,100,100361,100,99197,100,100384,100,98964,100,100436,100,,
2019-06-28 10:06:52.643386730,100115,155,99773,255,100142,255,99610,255,100210,100,99540,100,100231,100,99531,100,100254,100,99482,100,100265,100,99340,100,100287,100,99197,100,100361,100,98964,100,100384,100,,,100436,100,,
2019-06-28 10:07:00.000000000,100142,205,99773,205,100210,202,99610,202,100231,202,99540,202,100254,100,99531,100,100265,100,99482,100,100287,100,99340,100,100361,100,99197,100,100384,100,98964,100,100436,100,,,100476,100,,
2019-06-28 10:07:05.598070241,100142,205,99806,100,100210,202,99773,205,100231,202,99610,202,100254,100,99540,202,100265,100,99531,100,100287,100,99482,100,100361,100,99340,100,100384,100,99197,100,100436,100,98964,100,100476,100,,
2019-06-28 10:07:06.703069967,100142,205,99806,100,100210,202,99773,205,100231,202,99610,202,100254,100,99540,202,100265,100,99531,100,100287,100,99482,100,100361,100,99197,100,100384,100,98964,100,100436,100,,,100476,100,,
2019-06-28 10:07:10.000000000,100142,410,99806,410,100210,100,99773,100,100231,100,99610,100,100254,100,99540,100,100265,100,99531,100,100287,100,99482,100,100361,100,99197,100,100384,100,98964,100,100436,100,,,100476,100,,
2019-06-28 10:07:11.804482154,100142,410,99806,410,100210,100,99773,100,100231,100,99610,100,100254,100,99540,100,100265,100,99531,100,100287,100,99482,100,100361,100,99197,100,100384,100,98964,100,100436,100,,,100476,100,,
2019-06-28 10:07:20.000000000,100142,205,99806,205,100210,202,99773,202,100231,202,99610,202,100254,100,99540,100,100265,100,99531,100,100287,100,99482,100,100361,100,99197,100,100384,100,98964,100,100436,100,,,100476,100,,
2019-06-28 10:07:25.947804667,100142,205,99806,205,100210,202,99773,202,100231,202,99610,202,100254,100,99540,100,100265,100,99531,100,100287,100,99482,100,100361,100,99197,100,100384,100,98964,100,100436,100,,,100476,100,,
