,ask_price_1,ask_size_1,bid_price_1,bid_size_1,ask_price_2,ask_size_2,bid_price_2,bid_size_2,ask_price_3,ask_size_3,bid_price_3,bid_size_3,ask_price_4,ask_size_4,bid_price_4,bid_size_4,ask_price_5,ask_size_5,bid_price_5,bid_size_5,ask_price_6,ask_size_6,bid_price_6,bid_size_6,ask_price_7,ask_size_7,bid_price_7,bid_size_7,ask_price_8,ask_size_8,bid_price_8,bid_size_8,ask_price_9,ask_size_9,bid_price_9,bid_size_9,ask_price_10,ask_size_10,bid_price_10,bid_size_10
2019-06-28 09:30:00.000000007,,,100037,100,,,,,,,,,,,,,,,,,,,,,,,,,,,,,,,,,,,,
2019-06-28 09:30:00.000000008,100097,100,100037,100,,,,,,,,,,,,,,,,,,,,,,,,,,,,,,,,,,,,
2019-06-28 09:30:00.000000010,100097,100,100037,100,,,99945,100,,,,,,,,,,,,,,,,,,,,,,,,,,,,,,,,
2019-06-28 09:30:00.000000011,100097,100,100037,100,,,99945,100,,,99942,100,,,,,,,,,,,,,,,,,,,,,,,,,,,,
2019-06-28 09:30:00.000000012,100097,100,99945,100,,,99942,100,,,,,,,,,,,,,,,,,,,,,,,,,,,,,,,,
2019-06-28 09:30:00.000000013,100013,100,99990,100,100097,100,99945,100,,,99942,100,,,99903,100,,,,,,,,,,,,,,,,,,,,,,,,
2019-06-28 09:30:00.000000015,100013,100,100002,100,100097,100,99990,100,100102,100,99945,100,,,99942,100,,,99903,100,,,,,,,,,,,,,,,,,,,,
2019-06-28 09:30:00.000000016,100013,100,100002,100,100097,100,99990,100,100102,100,99945,100,,,99942,100,,,99904,100,,,99903,100,,,99855,100,,,,,,,,,,,,
2019-06-28 09:30:00.000000018,100013,100,100002,100,100032,100,99990,100,100097,100,99945,100,100102,100,99942,100,,,99904,100,,,99903,100,,,99886,100,,,99855,100,,,,,,,,
2019-06-28 09:30:00.000000019,100013,100,100002,100,100032,100,99997,100,100097,100,99990,100,100102,100,99945,100,,,99942,100,,,99904,100,,,99903,100,,,99886,100,,,99855,100,,,,
2019-06-28 09:30:00.000000023,100013,100,100002,100,100032,100,99997,100,100097,100,99990,100,100102,100,99956,100,,,99945,100,,,99942,100,,,99904,100,,,99903,100,,,99886,100,,,99855,100
2019-06-28 09:30:00.000000026,100013,100,100002,100,100032,100,99997,100,100085,100,99990,100,100097,100,99956,100,100102,100,99945,100,,,99942,100,,,99904,100,,,99903,100,,,99886,100,,,99855,100
2019-06-28 09:30:00.000000027,100013,100,99997,100,100032,100,99990,100,100085,100,99956,100,100097,100,99945,100,100102,100,99942,100,,,99904,100,,,99903,100,,,99886,100,,,99855,100,,,,
2019-06-28 09:30:00.000000029,100013,100,99990,100,100032,100,99956,100,100085,100,99945,100,100097,100,99942,100,100102,100,99904,100,,,99903,100,,,99886,100,,,99855,100,,,,,,,,
2019-06-28 09:30:00.000000030,100013,100,99990,100,100032,100,99956,100,100085,100,99945,100,100097,100,99942,100,100102,100,99904,100,100148,100,99903,100,,,99886,100,,,99855,100,,,,,,,,
2019-06-28 09:30:00.000000032,100013,100,99990,100,100032,100,99966,100,100085,100,99956,100,100097,100,99945,100,100102,100,99942,100,100148,100,99904,100,,,99903,100,,,99886,100,,,99855,100,,,,
2019-06-28 09:30:00.000000034,100013,100,99991,100,100032,100,99990,100,100085,100,99966,100,100097,100,99956,100,100102,100,99945,100,100148,100,99942,100,,,99904,100,,,99903,100,,,99886,100,,,99855,100
2019-06-28 09:30:00.000000038,100002,100,99991,100,100013,100,99990,100,100032,100,99966,100,100085,100,99956,100,100097,100,99945,100,100102,100,99942,100,100148,100,99904,100,,,99903,100,,,99886,100,,,99855,100
2019-06-28 09:30:00.000000039,100002,100,99991,100,100013,100,99990,100,100032,100,99966,100,100085,100,99956,100,100097,100,99945,100,100102,100,99942,100,100148,100,99929,100,,,99904,100,,,99903,100,,,99886,100
2019-06-28 09:30:00.000000044,100002,100,99997,100,100013,100,99991,100,100032,100,99990,100,100085,100,99966,100,100097,100,99956,100,100102,100,99945,100,100148,100,99942,100,,,99929,100,,,99904,100,,,99903,100
2019-06-28 09:30:00.000000047,100013,100,99997,100,100032,100,99991,100,100085,100,99990,100,100097,100,99966,100,100102,100,99956,100,100148,100,99945,100,,,99942,100,,,99929,100,,,99904,100,,,99903,100
2019-06-28 09:30:00.000000048,100013,100,99997,100,100032,100,99991,100,100085,100,99990,100,100097,100,99966,100,100102,100,99956,100,100148,100,99948,100,,,99945,100,,,99942,100,,,99929,100,,,99904,100
2019-06-28 09:30:00.000000049,100013,100,99997,100,100022,100,99991,100,100032,100,99990,100,100085,100,99966,100,100097,100,99956,100,100102,100,99948,100,100148,100,99945,100,,,99942,100,,,99929,100,,,99904,100
2019-06-28 09:30:00.000000050,100013,100,99997,100,100022,100,99991,100,100032,100,99990,100,100085,100,99966,100,100097,100,99956,100,100102,100,99948,100,100148,100,99945,100,100174,100,99942,100,,,99929,100,,,99904,100
2019-06-28 09:30:00.000000052,100013,100,99997,100,100022,100,99995,100,100032,100,99991,100,100085,100,99990,100,100097,100,99966,100,100102,100,99956,100,100148,100,99948,100,100174,100,99945,100,,,99942,100,,,99929,100
2019-06-28 09:30:00.000000053,100013,100,99997,100,100022,100,99995,100,100032,100,99991,100,100076,100,99990,100,100085,100,99966,100,100097,100,99956,100,100102,100,99948,100,100148,100,99945,100,100174,100,99942,100,100191,100,99929,100
2019-06-28 09:30:00.000000054,100006,100,99995,100,100013,100,99991,100,100022,100,99990,100,100032,100,99966,100,100076,100,99956,100,100085,100,99948,100,100097,100,99945,100,100102,100,99942,100,100148,100,99929,100,100174,100,99904,100
2019-06-28 09:30:00.000000057,100006,100,99995,100,100013,100,99991,100,100022,100,99990,100,100032,100,99966,100,100076,100,99956,100,100085,100,99948,100,100097,100,99945,100,100102,100,99942,100,100148,100,99929,100,100174,100,99904,100
2019-06-28 09:30:00.000000058,100006,100,99995,100,100013,100,99991,100,100022,100,99990,100,100032,100,99966,100,100071,100,99956,100,100076,100,99948,100,100085,100,99945,100,100097,100,99942,100,100102,100,99929,100,100148,100,99904,100
2019-06-28 09:30:00.000000064,100002,100,99995,100,100006,100,99991,100,100013,100,99990,100,100022,100,99966,100,100032,100,99956,100,100071,100,99948,100,100076,100,99945,100,100085,100,99942,100,100096,100,99929,100,100097,100,99904,100
2019-06-28 09:30:00.000000066,100006,100,99995,100,100013,100,99991,100,100022,100,99990,100,100032,100,99966,100,100071,100,99956,100,100076,100,99948,100,100085,100,99945,100,100096,100,99942,100,100097,100,99929,100,100102,100,99904,100
2019-06-28 09:30:00.000000067,100006,100,99995,100,100013,100,99991,100,100022,100,99990,100,100032,100,99966,100,100071,100,99956,100,100076,100,99948,100,100085,100,99945,100,100096,100,99942,100,100097,100,99929,100,100102,100,99904,100
2019-06-28 09:30:00.000000069,100006,100,99995,100,100013,100,99991,100,100022,100,99990,100,100032,100,99966,100,100071,100,99956,100,100076,100,99948,100,100078,100,99945,100,100085,100,99942,100,100096,100,99929,100,100097,100,99904,100
2019-06-28 09:30:00.000000071,100006,100,99995,100,100011,100,99991,100,100013,100,99990,100,100022,100,99966,100,100032,100,99956,100,100071,100,99948,100,100076,100,99945,100,100078,100,99942,100,100085,100,99929,100,100096,100,99904,100
2019-06-28 09:30:00.000000073,100011,100,99995,100,100013,100,99991,100,100022,100,99990,100,100032,100,99966,100,100071,100,99956,100,100076,100,99948,100,100078,100,99945,100,100085,100,99942,100,100096,100,99929,100,100097,100,99904,100
2019-06-28 09:30:00.000000074,100011,100,99995,100,100013,100,99991,100,100022,100,99990,100,100032,100,99966,100,100071,100,99956,100,100076,100,99948,100,100077,100,99945,100,100078,100,99942,100,100085,100,99929,100,100096,100,99904,100
2019-06-28 09:30:00.000000076,100013,100,99995,100,100022,100,99991,100,100032,100,99990,100,100071,100,99966,100,100076,100,99956,100,100077,100,99948,100,100078,100,99945,100,100085,100,99942,100,100096,100,99929,100,100097,100,99904,100
2019-06-28 09:30:00.000000077,100013,100,99995,100,100022,100,99991,100,100032,100,99990,100,100071,100,99966,100,100076,100,99956,100,100077,100,99948,100,100078,100,99945,100,100085,100,99942,100,100096,100,99929,100,100097,100,99904,100
2019-06-28 09:30:00.000000078,100013,100,99995,100,100022,100,99991,100,100032,100,99990,100,100071,100,99966,100,100076,100,99956,100,100077,100,99948,100,100078,100,99945,100,100085,100,99942,100,100096,100,99929,100,100097,100,99904,100
2019-06-28 09:30:00.000000081,100013,100,99995,100,100022,100,99991,100,100032,100,99990,100,100071,100,99966,100,100076,100,99956,100,100077,100,99948,100,100078,100,99945,100,100083,100,99942,100,100085,100,99929,100,100096,100,99904,100
2019-06-28 09:30:00.000000082,100013,100,100006,100,100022,100,99995,100,100032,100,99991,100,100071,100,99990,100,100076,100,99966,100,100077,100,99956,100,100078,100,99948,100,100083,100,99945,100,100085,100,99942,100,100096,100,99929,100
2019-06-28 09:30:00.000000083,100013,100,100006,100,100022,100,99995,100,100032,100,99991,100,100071,100,99990,100,100076,100,99966,100,100077,100,99956,100,100078,100,99948,100,100083,100,99945,100,100084,100,99942,100,100085,100,99929,100
2019-06-28 09:30:00.000000084,100013,100,100006,100,100022,100,99995,100,100032,100,99991,100,100071,100,99990,100,100076,100,99966,100,100077,100,99956,100,100078,100,99948,100,100083,100,99945,100,100084,100,99942,100,100085,100,99929,100
2019-06-28 09:30:00.000000087,100013,100,100006,100,100022,100,99995,100,100032,100,99991,100,100071,100,99990,100,100076,100,99966,100,100077,100,99956,100,100078,100,99948,100,100083,100,99945,100,100084,100,99942,100,100085,100,99929,100
2019-06-28 09:30:00.000000090,100013,100,100006,100,100022,100,99995,100,100032,100,99991,100,100071,100,99990,100,100076,100,99966,100,100077,100,99956,100,100078,100,99950,100,100083,100,99948,100,100084,100,99945,100,100085,100,99942,100
2019-06-28 09:30:00.000000092,100013,100,100006,100,100022,100,99995,100,100027,100,99991,100,100032,100,99990,100,100071,100,99966,100,100076,100,99956,100,100077,100,99950,100,100078,100,99948,100,100083,100,99945,100,100084,100,99942,100
2019-06-28 09:30:00.000000095,100013,100,100006,100,100022,100,99995,100,100027,100,99991,100,100032,100,99990,100,100071,100,99988,100,100076,100,99966,100,100077,100,99956,100,100078,100,99950,100,100083,100,99948,100,100084,100,99945,100
2019-06-28 09:30:00.000000096,100013,100,100006,100,100022,100,99995,100,100027,100,99991,100,100032,100,99990,100,100071,100,99988,100,100075,100,99966,100,100076,100,99956,100,100077,100,99950,100,100078,100,99948,100,100083,100,99945,100
2019-06-28 09:30:00.000000097,100013,100,100006,100,100022,100,99995,100,100027,100,99991,100,100032,100,99990,100,100071,100,99988,100,100075,100,99966,100,100076,100,99956,100,100077,100,99950,100,100078,100,99948,200,100083,100,99945,100
2019-06-28 09:30:00.000000099,100011,100,100006,100,100013,100,99995,100,100022,100,99991,100,100027,100,99990,100,100032,100,99988,100,100071,100,99966,100,100075,100,99956,100,100076,100,99950,100,100077,100,99948,200,100078,100,99945,100
2019-06-28 09:30:10.000000000,100011,576,100006,576,100013,100,99995,100,100022,100,99991,100,100027,100,99990,100,100032,100,99988,100,100071,100,99966,100,100075,100,99956,100,100076,100,99950,100,100077,100,99948,200,100078,100,99945,100
2019-06-28 09:30:17.719916261,100011,576,100006,576,100013,100,99995,100,100022,100,99990,100,100027,100,99988,100,100032,100,99966,100,100071,100,99956,100,100075,100,99950,100,100076,100,99948,200,100077,100,99945,100,100078,100,99942,100
2019-06-28 09:30:20.000000000,100011,338,100006,338,100013,338,99995,338,100022,100,99990,100,100027,100,99988,100,100032,100,99966,100,100071,100,99956,100,100075,100,99950,100,100076,100,99948,200,100077,100,99945,100,100078,100,99942,100
2019-06-28 09:30:23.367707414,100011,338,100006,338,100013,338,99995,338,100022,100,99990,100,100027,100,99988,100,100032,100,99966,100,100071,100,99956,100,100075,100,99948,200,100076,100,99945,100,100077,100,99942,100,100078,100,99929,100
2019-06-28 09:30:24.360102472,100011,338,100006,438,100013,338,99995,338,100022,100,99990,100,100027,100,99988,100,100032,100,99966,100,100071,100,99956,100,100075,100,99948,200,100076,100,99945,100,100077,100,99942,100,100078,100,99929,100
2019-06-28 09:30:30.000000000,100011,262,100006,362,100013,257,99995,257,100022,257,99990,257,100027,100,99988,100,100032,100,99966,100,100071,100,99956,100,100075,100,99948,200,100076,100,99945,100,100077,100,99942,100,100078,100,99929,100
2019-06-28 09:30:40.000000000,100011,195,100006,295,100013,195,99995,195,100022,195,99990,195,100027,195,99988,195,100032,195,99966,195,100071,100,99956,100,100075,100,99948,200,100076,100,99945,100,100077,100,99942,100,100078,100,99929,100
2019-06-28 09:30:44.411606150,100011,195,100006,295,100013,195,99995,195,100022,195,99990,195,100027,195,99988,195,100032,195,99966,195,100071,100,99956,100,100075,100,99948,200,100076,100,99945,100,100077,100,99942,100,100078,100,99929,100
2019-06-28 09:30:50.000000000,100011,195,100006,295,100013,195,99995,195,100022,195,99990,195,100027,195,99988,195,100032,195,99966,195,100071,100,99956,100,100075,100,99948,200,100076,100,99945,100,100077,100,99942,100,100078,100,99929,100
2019-06-28 09:30:55.826065405,100011,195,100006,295,100013,195,99995,195,100022,195,99990,195,100027,195,99988,195,100032,195,99966,195,100071,100,99956,100,100075,100,99948,200,100076,100,99945,100,100077,100,99942,100,100078,100,99929,100
2019-06-28 09:31:00.000000000,100011,262,100006,362,100013,257,99995,257,100022,257,99990,257,100027,100,99988,100,100032,100,99966,100,100071,100,99956,100,100075,100,99948,200,100076,100,99945,100,100077,100,99942,100,100078,100,99929,100
2019-06-28 09:31:10.000000000,100011,338,100006,438,100013,338,99995,338,100022,100,99990,100,100027,100,99988,100,100032,100,99966,100,100071,100,99956,100,100075,100,99948,200,100076,100,99945,100,100077,100,99942,100,100078,100,99929,100
2019-06-28 09:31:20.000000000,100011,262,100006,362,100013,257,99995,257,100022,257,99990,257,100027,100,99988,100,100032,100,99966,100,100071,100,99956,100,100075,100,99948,200,100076,100,99945,100,100077,100,99942,100,100078,100,99929,100
2019-06-28 09:31:30.000000000,100011,576,100006,676,100013,100,99995,100,100022,100,99990,100,100027,100,99988,100,100032,100,99966,100,100071,100,99956,100,100075,100,99948,200,100076,100,99945,100,100077,100,99942,100,100078,100,99929,100
2019-06-28 09:31:40.000000000,100011,576,100006,676,100013,100,99995,100,100022,100,99990,100,100027,100,99988,100,100032,100,99966,100,100071,100,99956,100,100075,100,99948,200,100076,100,99945,100,100077,100,99942,100,100078,100,99929,100
2019-06-28 09:31:47.016662033,100011,576,100006,776,100013,100,99995,100,100022,100,99990,100,100027,100,99988,100,100032,100,99966,100,100071,100,99956,100,100075,100,99948,200,100076,100,99945,100,100077,100,99942,100,100078,100,99929,100
2019-06-28 09:31:50.000000000,100011,195,100006,395,100013,195,99995,195,100022,195,99990,195,100027,195,99988,195,100032,195,99966,195,100071,100,99956,100,100075,100,99948,200,100076,100,99945,100,100077,100,99942,100,100078,100,99929,100
2019-06-28 09:31:54.023770154,100011,95,100006,395,100013,195,99995,195,100022,195,99990,195,100027,195,99988,195,100032,195,99966,195,100071,100,99956,100,100075,100,99948,200,100076,100,99945,100,100077,100,99942,100,100078,100,99929,100
2019-06-28 09:32:00.000000000,100013,576,100006,776,100022,100,99995,100,100027,100,99990,100,100032,100,99988,100,100071,100,99966,100,100075,100,99956,100,100076,100,99948,200,100077,100,99945,100,100078,100,99942,100,100083,100,99929,100
2019-06-28 09:32:03.011799927,100013,576,100011,100,100022,100,100006,776,100027,100,99995,100,100071,100,99990,100,100075,100,99988,100,100076,100,99966,100,100077,100,99956,100,100078,100,99948,200,100083,100,99945,100,100084,100,99942,100
2019-06-28 09:32:07.793666867,100013,576,100011,100,100022,100,100006,776,100027,100,99995,100,100071,100,99990,100,100075,100,99988,100,100076,100,99966,100,100077,100,99956,100,100078,100,99948,200,100083,100,99945,100,100084,100,99942,100
2019-06-28 09:32:10.000000000,100013,219,100011,219,100022,219,100006,419,100027,219,99995,219,100071,219,99990,219,100075,100,99988,100,100076,100,99966,100,100077,100,99956,100,100078,100,99948,200,100083,100,99945,100,100084,100,99942,100
2019-06-28 09:32:20.000000000,100013,576,100011,576,100022,100,100006,300,100027,100,99995,100,100071,100,99990,100,100075,100,99988,100,100076,100,99966,100,100077,100,99956,100,100078,100,99948,200,100083,100,99945,100,100084,100,99942,100
2019-06-28 09:32:30.000000000,100013,576,100011,576,100022,100,100006,300,100027,100,99995,100,100071,100,99990,100,100075,100,99988,100,100076,100,99966,100,100077,100,99956,100,100078,100,99948,200,100083,100,99945,100,100084,100,99942,100
2019-06-28 09:32:40.000000000,100013,219,100011,219,100022,219,100006,419,100027,219,99995,219,100071,219,99990,219,100075,100,99988,100,100076,100,99966,100,100077,100,99956,100,100078,100,99948,200,100083,100,99945,100,100084,100,99942,100
2019-06-28 09:32:44.789742947,100013,219,100011,219,100022,219,100006,419,100027,219,99995,219,100071,219,99990,219,100075,100,99988,100,100077,100,99966,100,100078,100,99956,100,100083,100,99948,200,100084,100,99945,100,100085,100,99942,100
2019-06-28 09:32:50.000000000,100013,195,100011,195,100022,195,100006,395,100027,195,99995,195,100071,195,99990,195,100075,195,99988,195,100077,100,99966,100,100078,100,99956,100,100083,100,99948,200,100084,100,99945,100,100085,100,99942,100
2019-06-28 09:32:50.736216475,100013,95,100011,195,100022,195,100006,395,100027,195,99995,195,100071,195,99990,195,100075,195,99988,195,100077,100,99966,100,100078,100,99956,100,100083,100,99948,200,100084,100,99945,100,100085,100,99942,100
2019-06-28 09:32:58.748407122,100022,195,100013,5,100027,195,100011,195,100071,195,100006,395,100075,195,99995,195,100077,100,99990,195,100078,100,99988,195,100083,100,99966,100,100084,100,99948,200,100085,100,99945,100,100096,100,99942,100
2019-06-28 09:33:00.000000000,100022,338,100013,243,100027,338,100011,338,100071,100,100006,300,100075,100,99995,100,100077,100,99990,100,100078,100,99988,100,100083,100,99966,100,100084,100,99948,200,100085,100,99945,100,100096,100,99942,100
2019-06-28 09:33:10.000000000,100022,195,100013,100,100027,195,100011,195,100071,195,100006,395,100075,195,99995,195,100077,195,99990,195,100078,100,99988,100,100083,100,99966,100,100084,100,99948,200,100085,100,99945,100,100096,100,99942,100
2019-06-28 09:33:20.000000000,100022,338,100013,243,100027,338,100011,338,100071,100,100006,300,100075,100,99995,100,100077,100,99990,100,100078,100,99988,100,100083,100,99966,100,100084,100,99948,200,100085,100,99945,100,100096,100,99942,100
2019-06-28 09:33:24.591527020,100022,338,100013,343,100027,338,100011,338,100071,100,100006,300,100075,100,99995,100,100077,100,99990,100,100078,100,99988,100,100083,100,99966,100,100084,100,99948,200,100085,100,99945,100,100096,100,99942,100
2019-06-28 09:33:24.644074460,100022,238,100013,343,100027,338,100011,338,100071,100,100006,300,100075,100,99995,100,100077,100,99990,100,100078,100,99988,100,100083,100,99966,100,100084,100,99948,200,100085,100,99945,100,100096,100,99942,100
2019-06-28 09:33:30.000000000,100027,195,100013,200,100071,195,100011,195,100075,195,100006,395,100077,195,99995,195,100078,195,99990,195,100083,100,99988,100,100084,100,99966,100,100085,100,99948,200,100096,100,99945,100,100097,100,99942,100
2019-06-28 09:33:30.576778953,100027,95,100013,200,100071,195,100011,195,100075,195,100006,395,100077,195,99995,195,100078,195,99990,195,100083,100,99988,100,100084,100,99966,100,100085,100,99948,200,100096,100,99945,100,100097,100,99942,100
2019-06-28 09:33:40.000000000,100071,195,100013,200,100075,195,100011,195,100077,195,100006,395,100078,195,99995,195,100083,195,99990,195,100084,100,99988,100,100085,100,99966,100,100096,100,99948,200,100097,100,99945,100,100102,100,99942,100
2019-06-28 09:33:50.000000000,100071,338,100013,343,100075,338,100011,338,100077,100,100006,300,100078,100,99995,100,100083,100,99990,100,100084,100,99988,100,100085,100,99966,100,100096,100,99948,200,100097,100,99945,100,100102,100,99942,100
2019-06-28 09:33:53.390016942,100071,338,100013,338,100075,338,100011,338,100077,100,100006,300,100078,100,99995,100,100083,100,99990,100,100084,100,99988,100,100085,100,99966,100,100096,100,99948,200,100097,100,99945,100,100102,100,99942,100
2019-06-28 09:34:00.000000000,100071,576,100013,576,100075,100,100011,100,100077,100,100006,300,100078,100,99995,100,100083,100,99990,100,100084,100,99988,100,100085,100,99966,100,100096,100,99948,200,100097,100,99945,100,100102,100,99942,100
2019-06-28 09:34:10.000000000,100071,219,100013,219,100075,219,100011,219,100077,219,100006,419,100078,219,99995,219,100083,100,99990,100,100084,100,99988,100,100085,100,99966,100,100096,100,99948,200,100097,100,99945,100,100102,100,99942,100
2019-06-28 09:34:11.439880839,100071,119,100013,219,100075,219,100011,219,100077,219,100006,419,100078,219,99995,219,100083,100,99990,100,100084,100,99988,100,100085,100,99966,100,100096,100,99948,200,100097,100,99945,100,100102,100,99942,100
2019-06-28 09:34:20.000000000,100075,338,100013,338,100077,338,100011,338,100078,100,100006,300,100083,100,99995,100,100084,100,99990,100,100085,100,99988,100,100096,100,99966,100,100097,100,99948,200,100102,100,99945,100,100112,100,99942,100
2019-06-28 09:34:23.310462248,100075,338,100013,338,100077,338,100011,338,100078,100,100006,300,100083,100,99995,100,100084,100,99990,100,100085,100,99988,100,100096,100,99966,100,100097,100,99948,200,100102,100,99945,100,100112,100,99942,100
2019-06-28 09:34:30.000000000,100075,576,100013,576,100077,100,100011,100,100078,100,100006,300,100083,100,99995,100,100084,100,99990,100,100085,100,99988,100,100096,100,99966,100,100097,100,99948,200,100102,100,99945,100,100112,100,99942,100
2019-06-28 09:34:31.415233889,100075,476,100013,576,100077,100,100011,100,100078,100,100006,300,100083,100,99995,100,100084,100,99990,100,100085,100,99988,100,100096,100,99966,100,100097,100,99948,200,100102,100,99945,100,100112,100,99942,100
2019-06-28 09:34:40.000000000,100077,219,100013,219,100078,219,100011,219,100083,219,100006,419,100084,219,99995,219,100085,100,99990,100,100096,100,99988,100,100097,100,99966,100,100102,100,99948,200,100112,100,99945,100,100148,100,99942,100
2019-06-28 09:34:50.000000000,100077,262,100013,262,100078,257,100011,257,100083,257,100006,457,100084,100,99995,100,100085,100,99990,100,100096,100,99988,100,100097,100,99966,100,100102,100,99948,200,100112,100,99945,100,100148,100,99942,100
2019-06-28 09:34:50.263119807,100077,262,100013,262,100078,257,100011,257,100083,257,100006,457,100084,100,99995,100,100085,100,99990,100,100096,100,99988,100,100097,100,99966,100,100102,100,99948,200,100112,100,99945,100,100148,100,99942,100
2019-06-28 09:34:51.268221587,100077,262,100013,262,100078,257,100011,257,100083,257,100006,457,100084,100,99995,100,100085,100,99990,100,100096,100,99988,100,100097,100,99966,100,100102,100,99948,200,100148,100,99945,100,100149,100,99942,100
2019-06-28 09:34:55.471288561,100077,262,100013,262,100078,257,100011,257,100083,257,100006,457,100084,100,99995,100,100085,100,99990,100,100096,100,99988,100,100097,100,99966,100,100102,100,99948,200,100148,100,99945,100,100149,100,99942,100
2019-06-28 09:35:00.000000000,100077,338,100013,338,100078,338,100011,338,100083,100,100006,300,100084,100,99995,100,100085,100,99990,100,100096,100,99988,100,100097,100,99966,100,100102,100,99948,200,100148,100,99945,100,100149,100,99942,100
2019-06-28 09:35:09.156965082,100077,338,100013,338,100078,338,100011,338,100083,100,100006,300,100084,100,99995,100,100085,100,99990,100,100096,100,99988,100,100097,100,99966,100,100102,100,99948,200,100148,100,99945,100,100149,100,99942,100
2019-06-28 09:35:10.000000000,100077,576,100013,576,100078,100,100011,100,100083,100,100006,300,100084,100,99995,100,100085,100,99990,100,100096,100,99988,100,100097,100,99966,100,100102,100,99948,200,100148,100,99945,100,100149,100,99942,100
2019-06-28 09:35:20.000000000,100077,262,100013,262,100078,257,100011,257,100083,257,100006,457,100084,100,99995,100,100085,100,99990,100,100096,100,99988,100,100097,100,99966,100,100102,100,99948,200,100148,100,99945,100,100149,100,99942,100
2019-06-28 09:35:30.000000000,100077,262,100013,262,100078,257,100011,257,100083,257,100006,457,100084,100,99995,100,100085,100,99990,100,100096,100,99988,100,100097,100,99966,100,100102,100,99948,200,100148,100,99945,100,100149,100,99942,100
2019-06-28 09:35:35.514957370,100077,262,100013,262,100078,257,100011,257,100083,257,100006,457,100084,100,99995,100,100085,100,99990,100,100096,100,99988,100,100097,100,99966,100,100102,100,99948,200,100148,100,99945,100,100149,100,99942,100
2019-06-28 09:35:40.000000000,100077,219,100013,219,100078,219,100011,219,100083,219,100006,419,100084,219,99995,219,100085,100,99990,100,100096,100,99988,100,100097,100,99966,100,100102,100,99948,200,100148,100,99945,100,100149,100,99942,100
2019-06-28 09:35:47.481975414,100077,219,100071,100,100078,219,100013,219,100083,219,100011,219,100084,219,100006,419,100085,100,99995,219,100096,100,99990,100,100097,100,99988,100,100102,100,99966,100,100148,100,99948,200,100149,100,99945,100
2019-06-28 09:35:48.869884497,100077,219,100071,200,100078,219,100013,219,100083,219,100011,219,100084,219,100006,419,100085,100,99995,219,100096,100,99990,100,100097,100,99988,100,100102,100,99966,100,100148,100,99948,200,100149,100,99945,100
2019-06-28 09:35:50.000000000,100077,195,100071,295,100078,195,100013,195,100083,195,100011,195,100084,195,100006,395,100085,195,99995,195,100096,100,99990,100,100097,100,99988,100,100102,100,99966,100,100148,100,99948,200,100149,100,99945,100
2019-06-28 09:35:51.247587180,100077,195,100071,295,100078,195,100013,195,100083,195,100011,195,100084,195,100006,395,100085,195,99995,195,100096,100,99990,100,100097,100,99988,100,100102,100,99966,100,100148,100,99948,200,100149,100,99945,100
2019-06-28 09:35:56.292051291,100077,195,100071,295,100078,195,100013,195,100083,195,100011,195,100084,195,100006,395,100085,195,99995,195,100096,100,99990,100,100097,100,99988,100,100102,100,99966,100,100148,100,99948,200,100149,100,99945,100
2019-06-28 09:35:56.391441930,100077,95,100071,295,100078,195,100013,195,100083,195,100011,195,100084,195,100006,395,100085,195,99995,195,100096,100,99990,100,100097,100,99988,100,100102,100,99966,100,100148,100,99948,200,100149,100,99945,100
2019-06-28 09:36:00.000000000,100078,338,100071,438,100083,338,100013,338,100084,100,100011,100,100085,100,100006,300,100096,100,99995,100,100097,100,99990,100,100102,100,99988,100,100148,100,99966,100,100149,100,99948,200,100174,100,99945,100
2019-06-28 09:36:10.000000000,100078,195,100071,295,100083,195,100013,195,100084,195,100011,195,100085,195,100006,395,100096,195,99995,195,100097,100,99990,100,100102,100,99988,100,100148,100,99966,100,100149,100,99948,200,100174,100,99945,100
2019-06-28 09:36:11.444791230,100078,195,100071,295,100083,195,100013,195,100084,195,100011,195,100085,195,100006,395,100096,195,99995,195,100097,100,99990,100,100102,100,99988,100,100148,100,99966,100,100149,100,99948,200,100174,100,99945,100
2019-06-28 09:36:20.000000000,100078,219,100071,319,100083,219,100013,219,100084,219,100011,219,100085,219,100006,419,100096,100,99995,100,100097,100,99990,100,100102,100,99988,100,100148,100,99966,100,100149,100,99948,200,100174,100,99945,100
2019-06-28 09:36:26.607110579,100078,219,100071,319,100083,219,100013,219,100084,219,100011,219,100085,219,100006,419,100096,100,99995,100,100097,100,99990,100,100102,100,99988,100,100148,100,99966,100,100149,100,99948,200,100174,100,99945,100
2019-06-28 09:36:30.000000000,100078,338,100071,438,100083,338,100013,338,100084,100,100011,100,100085,100,100006,300,100096,100,99995,100,100097,100,99990,100,100102,100,99988,100,100148,100,99966,100,100149,100,99948,200,100174,100,99945,100
2019-06-28 09:36:40.000000000,100078,219,100071,319,100083,219,100013,219,100084,219,100011,219,100085,219,100006,419,100096,100,99995,100,100097,100,99990,100,100102,100,99988,100,100148,100,99966,100,100149,100,99948,200,100174,100,99945,100
2019-06-28 09:36:50.000000000,100078,219,100071,319,100083,219,100013,219,100084,219,100011,219,100085,219,100006,419,100096,100,99995,100,100097,100,99990,100,100102,100,99988,100,100148,100,99966,100,100149,100,99948,200,100174,100,99945,100
2019-06-28 09:37:00.000000000,100078,262,100071,362,100083,257,100013,257,100084,257,100011,257,100085,100,100006,300,100096,100,99995,100,100097,100,99990,100,100102,100,99988,100,100148,100,99966,100,100149,100,99948,200,100174,100,99945,100
2019-06-28 09:37:01.641047079,100078,262,100075,100,100083,257,100071,362,100084,257,100013,257,100096,100,100011,257,100097,100,100006,300,100102,100,99995,100,100148,100,99990,100,100149,100,99988,100,100174,100,99966,100,100184,100,99948,200
2019-06-28 09:37:05.063140608,100078,262,100075,200,100083,257,100071,362,100084,257,100013,257,100096,100,100011,257,100097,100,100006,200,100102,100,99995,100,100148,100,99990,100,100149,100,99988,100,100174,100,99966,100,100184,100,99948,200
2019-06-28 09:37:10.000000000,100078,219,100075,319,100083,219,100071,319,100084,219,100013,219,100096,219,100011,219,100097,100,100006,200,100102,100,99995,100,100148,100,99990,100,100149,100,99988,100,100174,100,99966,100,100184,100,99948,200
2019-06-28 09:37:20.000000000,100078,195,100075,295,100083,195,100071,295,100084,195,100013,195,100096,195,100011,195,100097,195,100006,295,100102,100,99995,100,100148,100,99990,100,100149,100,99988,100,100174,100,99966,100,100184,100,99948,200
2019-06-28 09:37:23.140252649,100078,195,100075,295,100083,195,100071,295,100084,195,100013,195,100096,195,100011,195,100097,195,100006,295,100102,100,99995,100,100149,100,99990,100,100174,100,99988,100,100184,100,99966,100,100191,100,99948,200
2019-06-28 09:37:29.200384949,100078,195,100075,295,100083,195,100071,295,100084,195,100013,195,100096,195,100011,195,100097,195,100006,295,100102,100,99995,100,100149,100,99990,100,100174,100,99988,100,100184,100,99966,100,100299,100,99948,200
2019-06-28 09:37:30.000000000,100078,195,100075,295,100083,195,100071,295,100084,195,100013,195,100096,195,100011,195,100097,195,100006,295,100102,100,99995,100,100149,100,99990,100,100174,100,99988,100,100184,100,99966,100,100299,100,99948,200
2019-06-28 09:37:40.000000000,100078,262,100075,362,100083,257,100071,357,100084,257,100013,257,100096,100,100011,100,100097,100,100006,200,100102,100,99995,100,100149,100,99990,100,100174,100,99988,100,100184,100,99966,100,100299,100,99948,200
2019-06-28 09:37:50.000000000,100078,338,100075,438,100083,338,100071,438,100084,100,100013,100,100096,100,100011,100,100097,100,100006,200,100102,100,99995,100,100149,100,99990,100,100174,100,99988,100,100184,100,99966,100,100299,100,99948,200
2019-06-28 09:37:51.917793496,100078,338,100075,538,100083,338,100071,438,100096,100,100013,100,100097,100,100011,100,100102,100,100006,200,100149,100,99995,100,100174,100,99990,100,100184,100,99988,100,100299,100,99966,100,100322,100,99948,200
2019-06-28 09:37:53.359506142,100078,338,100075,538,100083,338,100071,438,100096,100,100013,100,100097,100,100011,100,100102,100,100006,100,100149,100,99995,100,100174,100,99990,100,100184,100,99988,100,100299,100,99966,100,100322,100,99948,200
2019-06-28 09:38:00.000000000,100078,338,100075,538,100083,338,100071,438,100096,100,100013,100,100097,100,100011,100,100102,100,100006,100,100149,100,99995,100,100174,100,99990,100,100184,100,99988,100,100299,100,99966,100,100322,100,99948,200
2019-06-28 09:38:10.000000000,100078,262,100075,462,100083,257,100071,357,100096,257,100013,257,100097,100,100011,100,100102,100,100006,100,100149,100,99995,100,100174,100,99990,100,100184,100,99988,100,100299,100,99966,100,100322,100,99948,200
2019-06-28 09:38:20.000000000,100078,219,100075,419,100083,219,100071,319,100096,219,100013,219,100097,219,100011,219,100102,100,100006,100,100149,100,99995,100,100174,100,99990,100,100184,100,99988,100,100299,100,99966,100,100322,100,99948,200
2019-06-28 09:38:22.916364326,100078,119,100075,419,100083,219,100071,319,100096,219,100013,219,100097,219,100011,219,100102,100,100006,100,100149,100,99995,100,100174,100,99990,100,100184,100,99988,100,100299,100,99966,100,100322,100,99948,200
2019-06-28 09:38:30.000000000,100083,195,100075,395,100096,195,100071,295,100097,195,100013,195,100102,195,100011,195,100149,195,100006,195,100174,100,99995,100,100184,100,99990,100,100299,100,99988,100,100322,100,99966,100,100379,100,99948,200
2019-06-28 09:38:39.174970228,100083,195,100075,395,100096,195,100071,295,100097,195,100013,195,100102,195,100011,195,100149,195,100006,195,100174,100,99995,100,100184,100,99990,100,100299,100,99988,100,100322,100,99966,100,100379,100,99948,200
2019-06-28 09:38:40.000000000,100083,262,100075,462,100096,257,100071,357,100097,257,100013,257,100102,100,100011,100,100149,100,100006,100,100174,100,99995,100,100184,100,99990,100,100299,100,99988,100,100322,100,99966,100,100379,100,99948,200
2019-06-28 09:38:50.000000000,100083,195,100075,395,100096,195,100071,295,100097,195,100013,195,100102,195,100011,195,100149,195,100006,195,100174,100,99995,100,100184,100,99990,100,100299,100,99988,100,100322,100,99966,100,100379,100,99948,200
2019-06-28 09:39:00.000000000,100083,195,100075,395,100096,195,100071,295,100097,195,100013,195,100102,195,100011,195,100149,195,100006,195,100174,100,99995,100,100184,100,99990,100,100299,100,99988,100,100322,100,99966,100,100379,100,99948,200
2019-06-28 09:39:02.451288148,100083,195,100075,395,100096,195,100071,295,100097,195,100013,195,100102,195,100011,195,100149,195,100006,195,100174,100,99995,100,100184,100,99990,100,100299,100,99988,100,100322,100,99966,100,100379,100,99948,200
2019-06-28 09:39:05.541624465,100083,95,100075,395,100096,195,100071,295,100097,195,100013,195,100102,195,100011,195,100149,195,100006,195,100174,100,99995,100,100184,100,99990,100,100299,100,99988,100,100322,100,99966,100,100513,100,99948,200
2019-06-28 09:39:10.000000000,100096,219,100075,419,100097,219,100071,319,100102,219,100013,219,100149,219,100011,219,100174,100,100006,100,100184,100,99995,100,100299,100,99990,100,100322,100,99988,100,100513,100,99966,100,100676,100,99948,200
2019-06-28 09:39:11.033745100,100096,119,100075,419,100097,219,100071,319,100102,219,100013,219,100149,219,100011,219,100174,100,100006,100,100184,100,99995,100,100299,100,99990,100,100322,100,99988,100,100513,100,99966,100,100676,100,99948,200
2019-06-28 09:39:20.000000000,100097,262,100075,462,100102,257,100071,357,100149,257,100013,257,100174,100,100011,100,100184,100,100006,100,100299,100,99995,100,100322,100,99990,100,100513,100,99988,100,100676,100,99966,100,100679,100,99948,200
2019-06-28 09:39:30.000000000,100097,219,100075,419,100102,219,100071,319,100149,219,100013,219,100174,219,100011,219,100184,100,100006,100,100299,100,99995,100,100322,100,99990,100,100513,100,99988,100,100676,100,99966,100,100679,100,99948,200
2019-06-28 09:39:40.000000000,100097,219,100075,419,100102,219,100071,319,100149,219,100013,219,100174,219,100011,219,100184,100,100006,100,100299,100,99995,100,100322,100,99990,100,100513,100,99988,100,100676,100,99966,100,100679,100,99948,200
2019-06-28 09:39:48.538784887,100097,119,100075,419,100102,219,100071,319,100149,219,100013,219,100174,219,100011,219,100184,100,100006,100,100299,100,99995,100,100322,100,99990,100,100513,100,99988,100,100676,100,99966,100,100679,100,99948,200
2019-06-28 09:39:49.632963133,100097,119,100075,419,100102,219,100071,319,100149,219,100013,219,100174,219,100011,219,100184,100,100006,100,100299,100,99995,100,100322,100,99990,100,100450,100,99988,100,100513,100,99966,100,100676,100,99948,200
2019-06-28 09:39:50.000000000,100102,576,100075,776,100149,100,100071,200,100174,100,100013,100,100184,100,100011,100,100299,100,100006,100,100322,100,99995,100,100450,100,99990,100,100513,100,99988,100,100676,100,99966,100,100679,100,99948,200
2019-06-28 09:40:00.000000000,100102,338,100075,538,100149,338,100071,438,100174,100,100013,100,100184,100,100011,100,100299,100,100006,100,100322,100,99995,100,100450,100,99990,100,100513,100,99988,100,100676,100,99966,100,100679,100,99948,200
2019-06-28 09:40:10.000000000,100102,219,100075,419,100149,219,100071,319,100174,219,100013,219,100184,219,100011,219,100299,100,100006,100,100322,100,99995,100,100450,100,99990,100,100513,100,99988,100,100676,100,99966,100,100679,100,99948,200
2019-06-28 09:40:15.597804220,100102,119,100075,419,100149,219,100071,319,100174,219,100013,219,100184,219,100011,219,100299,100,100006,100,100322,100,99995,100,100450,100,99990,100,100513,100,99988,100,100676,100,99966,100,100679,100,99948,100
2019-06-28 09:40:20.000000000,100149,576,100075,776,100174,100,100071,200,100184,100,100013,100,100299,100,100011,100,100322,100,100006,100,100450,100,99995,100,100513,100,99990,100,100676,100,99988,100,100679,100,99966,100,100726,100,99948,100
2019-06-28 09:40:22.629776709,100149,476,100075,776,100174,100,100071,200,100184,100,100013,100,100299,100,100011,100,100322,100,100006,100,100450,100,99995,100,100513,100,99990,100,100676,100,99988,100,100679,100,99966,100,100726,100,99948,100
2019-06-28 09:40:30.000000000,100174,219,100075,419,100184,219,100071,319,100299,219,100013,219,100322,219,100011,219,100450,100,100006,100,100513,100,99995,100,100676,100,99990,100,100679,100,99988,100,100726,100,99966,100,100733,100,99948,100
2019-06-28 09:40:30.405580389,100174,219,100102,100,100184,219,100075,319,100299,219,100071,319,100322,219,100013,219,100450,100,100011,219,100513,100,100006,100,100676,100,99995,100,100679,100,99990,100,100726,100,99988,100,100733,100,99966,100
2019-06-28 09:40:35.823205855,100174,219,100102,100,100184,219,100075,319,100299,219,100071,319,100322,219,100016,100,100450,100,100013,219,100513,100,100011,219,100676,100,100006,100,100679,100,99995,100,100726,100,99990,100,100733,100,99988,100
2019-06-28 09:40:36.335266313,100174,219,100102,200,100184,219,100075,319,100299,219,100071,319,100322,219,100016,100,100450,100,100013,219,100513,100,100011,219,100676,100,100006,100,100679,100,99995,100,100726,100,99990,100,100733,100,99988,100
2019-06-28 09:40:40.000000000,100174,576,100102,676,100184,100,100075,200,100299,100,100071,200,100322,100,100016,100,100450,100,100013,100,100513,100,100011,100,100676,100,100006,100,100679,100,99995,100,100726,100,99990,100,100733,100,99988,100
2019-06-28 09:40:46.250066879,100174,576,100102,676,100184,100,100075,200,100299,100,100071,200,100322,100,100016,100,100450,100,100011,100,100513,100,100006,100,100676,100,99995,100,100679,100,99990,100,100726,100,99988,100,100733,100,99966,100
2019-06-28 09:40:50.000000000,100174,219,100102,319,100184,219,100075,319,100299,219,100071,319,100322,219,100016,219,100450,100,100011,100,100513,100,100006,100,100676,100,99995,100,100679,100,99990,100,100726,100,99988,100,100733,100,99966,100
2019-06-28 09:40:54.257488459,100174,119,100102,319,100184,219,100075,319,100299,219,100071,319,100322,219,100016,219,100450,100,100011,100,100513,100,100006,100,100676,100,99995,100,100679,100,99990,100,100726,100,99988,100,100733,100,99966,100
2019-06-28 09:40:55.956962790,100174,119,100149,100,100184,219,100102,319,100299,219,100075,319,100322,219,100071,319,100450,100,100016,219,100513,100,100006,100,100676,100,99995,100,100679,100,99990,100,100726,100,99988,100,100733,100,99966,100
2019-06-28 09:41:00.000000000,100184,219,100149,219,100299,219,100102,319,100322,219,100075,319,100450,219,100071,319,100513,100,100016,100,100676,100,100006,100,100679,100,99995,100,100726,100,99990,100,100733,100,99988,100,100779,100,99966,100
2019-06-28 09:41:10.000000000,100184,195,100149,195,100299,195,100102,295,100322,195,100075,295,100450,195,100071,295,100513,195,100016,195,100676,100,100006,100,100679,100,99995,100,100726,100,99990,100,100733,100,99988,100,100779,100,99966,100
2019-06-28 09:41:20.000000000,100184,262,100149,262,100299,257,100102,357,100322,257,100075,357,100450,100,100071,200,100513,100,100016,100,100676,100,100006,100,100679,100,99995,100,100726,100,99990,100,100733,100,99988,100,100779,100,99966,100
2019-06-28 09:41:25.324943350,100184,262,100149,362,100299,257,100102,357,100322,257,100075,357,100450,100,100071,200,100513,100,100016,100,100676,100,100006,100,100679,100,99995,100,100726,100,99990,100,100733,100,99988,100,100779,100,99966,100
2019-06-28 09:41:25.690649895,100184,262,100149,462,100299,257,100102,357,100322,257,100075,357,100450,100,100071,200,100513,100,100016,100,100676,100,100006,100,100679,100,99995,100,100726,100,99990,100,100733,100,99988,100,100779,100,99966,100
2019-06-28 09:41:27.228081943,100184,262,100149,462,100299,257,100102,357,100322,257,100075,357,100347,100,100071,200,100513,100,100016,100,100676,100,100006,100,100679,100,99995,100,100726,100,99990,100,100733,100,99988,100,100779,100,99966,100
2019-06-28 09:41:30.000000000,100184,262,100149,462,100299,257,100102,357,100322,257,100075,357,100347,100,100071,200,100513,100,100016,100,100676,100,100006,100,100679,100,99995,100,100726,100,99990,100,100733,100,99988,100,100779,100,99966,100
2019-06-28 09:41:40.000000000,100184,219,100149,419,100299,219,100102,319,100322,219,100075,319,100347,219,100071,319,100513,100,100016,100,100676,100,100006,100,100679,100,99995,100,100726,100,99990,100,100733,100,99988,100,100779,100,99966,100
2019-06-28 09:41:48.554234469,100184,219,100149,419,100299,219,100102,319,100322,219,100075,319,100347,219,100071,319,100513,100,100016,100,100676,100,100006,100,100679,100,99995,100,100726,100,99990,100,100733,100,99988,100,100762,100,99966,100
2019-06-28 09:41:50.000000000,100184,195,100149,395,100299,195,100102,295,100322,195,100075,295,100347,195,100071,295,100513,195,100016,195,100676,100,100006,100,100679,100,99995,100,100726,100,99990,100,100733,100,99988,100,100762,100,99966,100
2019-06-28 09:42:00.000000000,100184,262,100149,462,100299,257,100102,357,100322,257,100075,357,100347,100,100071,200,100513,100,100016,100,100676,100,100006,100,100679,100,99995,100,100726,100,99990,100,100733,100,99988,100,100762,100,99966,100
2019-06-28 09:42:07.632863749,100184,262,100149,462,100299,257,100102,357,100322,257,100075,357,100347,100,100071,200,100513,100,100016,100,100676,100,100006,100,100679,100,99995,100,100726,100,99990,100,100733,100,99988,100,100762,100,99966,100
2019-06-28 09:42:10.000000000,100184,338,100149,538,100299,338,100102,438,100322,100,100075,200,100347,100,100071,200,100513,100,100016,100,100676,100,100006,100,100679,100,99995,100,100726,100,99990,100,100733,100,99988,100,100762,100,99966,100
2019-06-28 09:42:10.676776097,100184,238,100149,538,100299,338,100102,438,100322,100,100075,200,100347,100,100071,200,100513,100,100016,100,100676,100,100006,100,100679,100,99995,100,100726,100,99990,100,100733,100,99988,100,100762,100,99966,100
2019-06-28 09:42:20.000000000,100299,219,100149,419,100322,219,100102,319,100347,219,100075,319,100513,219,100071,319,100676,100,100016,100,100679,100,100006,100,100726,100,99995,100,100733,100,99990,100,100762,100,99988,100,100808,100,99966,100
2019-06-28 09:42:29.382218080,100299,119,100149,419,100322,219,100102,319,100347,219,100075,319,100513,219,100071,319,100676,100,100016,100,100679,100,100006,100,100726,100,99995,100,100733,100,99990,100,100762,100,99988,100,100808,100,99966,100
2019-06-28 09:42:30.000000000,100322,576,100149,776,100347,100,100102,200,100513,100,100075,200,100676,100,100071,200,100679,100,100016,100,100726,100,100006,100,100733,100,99995,100,100762,100,99990,100,100808,100,99988,100,100906,100,99966,100
2019-06-28 09:42:40.000000000,100322,195,100149,395,100347,195,100102,295,100513,195,100075,295,100676,195,100071,295,100679,195,100016,195,100726,100,100006,100,100733,100,99995,100,100762,100,99990,100,100808,100,99988,100,100906,100,99966,100
2019-06-28 09:42:40.326958860,100322,195,100149,395,100347,195,100102,295,100513,195,100075,295,100676,195,100071,295,100679,195,100016,195,100722,100,100006,100,100726,100,99995,100,100733,100,99990,100,100762,100,99988,100,100808,100,99966,100
2019-06-28 09:42:50.000000000,100322,195,100149,395,100347,195,100102,295,100513,195,100075,295,100676,195,100071,295,100679,195,100016,195,100722,100,100006,100,100726,100,99995,100,100733,100,99990,100,100762,100,99988,100,100808,100,99966,100
2019-06-28 09:42:54.474075959,100322,195,100184,100,100347,195,100149,395,100513,195,100102,295,100676,195,100075,295,100679,195,100071,295,100722,100,100016,195,100726,100,100006,100,100733,100,99995,100,100762,100,99990,100,100808,100,99988,100
2019-06-28 09:43:00.000000000,100322,262,100184,262,100347,257,100149,457,100513,257,100102,357,100676,100,100075,200,100679,100,100071,200,100722,100,100016,100,100726,100,100006,100,100733,100,99995,100,100762,100,99990,100,100808,100,99988,100
2019-06-28 09:43:04.995671775,100322,262,100184,262,100347,257,100149,457,100513,257,100102,357,100676,100,100075,200,100679,100,100071,200,100722,100,100016,100,100726,100,100006,100,100733,100,99995,100,100762,100,99990,100,100772,100,99988,100
2019-06-28 09:43:10.000000000,100322,338,100184,338,100347,338,100149,538,100513,100,100102,200,100676,100,100075,200,100679,100,100071,200,100722,100,100016,100,100726,100,100006,100,100733,100,99995,100,100762,100,99990,100,100772,100,99988,100
2019-06-28 09:43:20.000000000,100322,576,100184,576,100347,100,100149,300,100513,100,100102,200,100676,100,100075,200,100679,100,100071,200,100722,100,100016,100,100726,100,100006,100,100733,100,99995,100,100762,100,99990,100,100772,100,99988,100
2019-06-28 09:43:27.623622231,100322,476,100184,576,100347,100,100149,300,100513,100,100102,200,100679,100,100075,200,100722,100,100071,200,100726,100,100016,100,100733,100,100006,100,100762,100,99995,100,100772,100,99990,100,100808,100,99988,100
2019-06-28 09:43:30.000000000,100347,262,100184,262,100513,257,100149,457,100679,257,100102,357,100722,100,100075,200,100726,100,100071,200,100733,100,100016,100,100762,100,100006,100,100772,100,99995,100,100808,100,99990,100,100973,100,99988,100
2019-06-28 09:43:40.000000000,100347,219,100184,219,100513,219,100149,419,100679,219,100102,319,100722,219,100075,319,100726,100,100071,200,100733,100,100016,100,100762,100,100006,100,100772,100,99995,100,100808,100,99990,100,100973,100,99988,100
2019-06-28 09:43:50.000000000,100347,262,100184,262,100513,257,100149,457,100679,257,100102,357,100722,100,100075,200,100726,100,100071,200,100733,100,100016,100,100762,100,100006,100,100772,100,99995,100,100808,100,99990,100,100973,100,99988,100
2019-06-28 09:44:00.000000000,100347,195,100184,195,100513,195,100149,395,100679,195,100102,295,100722,195,100075,295,100726,195,100071,295,100733,100,100016,100,100762,100,100006,100,100772,100,99995,100,100808,100,99990,100,100973,100,99988,100
2019-06-28 09:44:10.000000000,100347,262,100184,262,100513,257,100149,457,100679,257,100102,357,100722,100,100075,200,100726,100,100071,200,100733,100,100016,100,100762,100,100006,100,100772,100,99995,100,100808,100,99990,100,100973,100,99988,100
2019-06-28 09:44:14.763897018,100347,262,100184,262,100513,257,100149,457,100577,100,100102,357,100679,257,100075,200,100722,100,100071,200,100726,100,100016,100,100733,100,100006,100,100762,100,99995,100,100772,100,99990,100,100808,100,99988,100
2019-06-28 09:44:20.000000000,100347,195,100184,195,100513,195,100149,395,100577,195,100102,295,100679,195,100075,295,100722,195,100071,295,100726,100,100016,100,100733,100,100006,100,100762,100,99995,100,100772,100,99990,100,100808,100,99988,100
2019-06-28 09:44:28.944607909,100347,195,100184,195,100513,195,100149,395,100577,195,100102,295,100679,195,100075,295,100722,195,100071,295,100726,100,100016,100,100733,100,99995,100,100762,100,99990,100,100772,100,99988,100,100808,100,99966,100
2019-06-28 09:44:30.000000000,100347,219,100184,219,100513,219,100149,419,100577,219,100102,319,100679,219,100075,319,100722,100,100071,200,100726,100,100016,100,100733,100,99995,100,100762,100,99990,100,100772,100,99988,100,100808,100,99966,100
2019-06-28 09:44:40.000000000,100347,219,100184,219,100513,219,100149,419,100577,219,100102,319,100679,219,100075,319,100722,100,100071,200,100726,100,100016,100,100733,100,99995,100,100762,100,99990,100,100772,100,99988,100,100808,100,99966,100
2019-06-28 09:44:49.333705346,100347,219,100184,219,100450,100,100149,419,100513,219,100102,319,100577,219,100075,319,100679,219,100071,200,100722,100,100016,100,100726,100,99995,100,100733,100,99990,100,100762,100,99988,100,100772,100,99966,100
2019-06-28 09:44:50.000000000,100347,338,100184,338,100450,338,100149,538,100513,100,100102,200,100577,100,100075,200,100679,100,100071,200,100722,100,100016,100,100726,100,99995,100,100733,100,99990,100,100762,100,99988,100,100772,100,99966,100
2019-06-28 09:45:00.000000000,100347,338,100184,338,100450,338,100149,538,100513,100,100102,200,100577,100,100075,200,100679,100,100071,200,100722,100,100016,100,100726,100,99995,100,100733,100,99990,100,100762,100,99988,100,100772,100,99966,100
2019-06-28 09:45:10.000000000,100347,338,100184,338,100450,338,100149,538,100513,100,100102,200,100577,100,100075,200,100679,100,100071,200,100722,100,100016,100,100726,100,99995,100,100733,100,99990,100,100762,100,99988,100,100772,100,99966,100
2019-06-28 09:45:16.968590466,100347,238,100184,338,100450,338,100149,538,100513,100,100102,200,100577,100,100075,200,100679,100,100071,200,100722,100,100016,100,100726,100,99995,100,100733,100,99990,100,100762,100,99988,100,100772,100,99966,100
2019-06-28 09:45:20.000000000,100450,262,100184,262,100513,257,100149,457,100577,257,100102,357,100679,100,100075,200,100722,100,100071,200,100726,100,100016,100,100733,100,99995,100,100762,100,99990,100,100772,100,99988,100,100808,100,99966,100
2019-06-28 09:45:30.000000000,100450,576,100184,576,100513,100,100149,300,100577,100,100102,200,100679,100,100075,200,100722,100,100071,200,100726,100,100016,100,100733,100,99995,100,100762,100,99990,100,100772,100,99988,100,100808,100,99966,100
2019-06-28 09:45:40.000000000,100450,338,100184,338,100513,338,100149,538,100577,100,100102,200,100679,100,100075,200,100722,100,100071,200,100726,100,100016,100,100733,100,99995,100,100762,100,99990,100,100772,100,99988,100,100808,100,99966,100
2019-06-28 09:45:49.464321241,100450,238,100184,338,100513,338,100149,538,100577,100,100102,200,100679,100,100075,200,100722,100,100071,200,100726,100,100016,100,100733,100,99995,100,100772,100,99990,100,100808,100,99988,100,100973,100,99966,100
2019-06-28 09:45:50.000000000,100513,195,100184,195,100577,195,100149,395,100679,195,100102,295,100722,195,100075,295,100726,195,100071,295,100733,100,100016,100,100772,100,99995,100,100808,100,99990,100,100973,100,99988,100,,,99966,100
2019-06-28 09:45:51.827120182,100513,195,100184,195,100577,195,100149,295,100679,195,100102,295,100722,195,100075,295,100726,195,100071,295,100733,100,100016,100,100772,100,99995,100,100808,100,99990,100,100973,100,99988,100,,,99966,100
2019-06-28 09:45:55.787991622,100513,195,100347,100,100577,195,100184,195,100679,195,100149,295,100722,195,100102,295,100726,195,100075,295,100733,100,100071,295,100772,100,100016,100,100808,100,99995,100,100973,100,99990,100,,,99988,100
2019-06-28 09:45:59.965928900,100513,195,100347,100,100577,195,100184,195,100679,195,100149,295,100722,195,100102,295,100726,195,100075,295,100730,100,100071,295,100733,100,100016,100,100772,100,99995,100,100808,100,99990,100,100973,100,99988,100
2019-06-28 09:46:00.000000000,100513,262,100347,262,100577,257,100184,257,100679,257,100149,357,100722,100,100102,200,100726,100,100075,200,100730,100,100071,200,100733,100,100016,100,100772,100,99995,100,100808,100,99990,100,100973,100,99988,100
2019-06-28 09:46:10.000000000,100513,195,100347,195,100577,195,100184,195,100679,195,100149,295,100722,195,100102,295,100726,195,100075,295,100730,100,100071,200,100733,100,100016,100,100772,100,99995,100,100808,100,99990,100,100973,100,99988,100
2019-06-28 09:46:20.000000000,100513,195,100347,195,100577,195,100184,195,100679,195,100149,295,100722,195,100102,295,100726,195,100075,295,100730,100,100071,200,100733,100,100016,100,100772,100,99995,100,100808,100,99990,100,100973,100,99988,100
2019-06-28 09:46:30.000000000,100513,219,100347,219,100577,219,100184,219,100679,219,100149,319,100722,219,100102,319,100726,100,100075,200,100730,100,100071,200,100733,100,100016,100,100772,100,99995,100,100808,100,99990,100,100973,100,99988,100
2019-06-28 09:46:37.838090301,100513,119,100347,219,100577,219,100184,219,100679,219,100149,319,100722,219,100102,319,100726,100,100075,200,100730,100,100071,200,100733,100,100016,100,100772,100,99995,100,100808,100,99990,100,100973,100,99988,100
2019-06-28 09:46:40.000000000,100577,338,100347,338,100679,338,100184,338,100722,100,100149,200,100726,100,100102,200,100730,100,100075,200,100733,100,100071,200,100772,100,100016,100,100808,100,99995,100,100973,100,99990,100,,,99988,100
2019-06-28 09:46:50.000000000,100577,338,100347,338,100679,338,100184,338,100722,100,100149,200,100726,100,100102,200,100730,100,100075,200,100733,100,100071,200,100772,100,100016,100,100808,100,99995,100,100973,100,99990,100,,,99988,100
2019-06-28 09:47:00.000000000,100577,338,100347,338,100679,338,100184,338,100722,100,100149,200,100726,100,100102,200,100730,100,100075,200,100733,100,100071,200,100772,100,100016,100,100808,100,99995,100,100973,100,99990,100,,,99988,100
2019-06-28 09:47:10.000000000,100577,195,100347,195,100679,195,100184,195,100722,195,100149,295,100726,195,100102,295,100730,195,100075,295,100733,100,100071,200,100772,100,100016,100,100808,100,99995,100,100973,100,99990,100,,,99988,100
2019-06-28 09:47:10.629449377,100577,95,100347,195,100679,195,100184,195,100722,195,100149,295,100726,195,100102,295,100730,195,100075,295,100733,100,100071,200,100772,100,100016,100,100808,100,99995,100,100973,100,99990,100,,,99988,100
2019-06-28 09:47:11.374189886,100577,95,100513,100,100679,195,100347,195,100722,195,100184,195,100726,195,100149,295,100730,195,100102,295,100733,100,100075,295,100772,100,100071,100,100808,100,100016,100,100973,100,99995,100,,,99990,100
2019-06-28 09:47:20.000000000,100679,262,100513,262,100722,257,100347,257,100726,257,100184,257,100730,100,100149,200,100733,100,100102,200,100772,100,100075,200,100808,100,100071,100,100973,100,100016,100,,,99995,100,,,99990,100
2019-06-28 09:47:30.000000000,100679,262,100513,262,100722,257,100347,257,100726,257,100184,257,100730,100,100149,200,100733,100,100102,200,100772,100,100075,200,100808,100,100071,100,100973,100,100016,100,,,99995,100,,,99990,100
2019-06-28 09:47:39.256296810,100679,262,100513,262,100722,257,100369,100,100726,257,100347,257,100730,100,100184,257,100733,100,100149,200,100772,100,100102,200,100808,100,100075,200,100973,100,100071,100,,,99995,100,,,99990,100
2019-06-28 09:47:39.598402765,100679,262,100513,262,100722,257,100369,200,100726,257,100347,257,100730,100,100184,257,100733,100,100149,200,100772,100,100102,200,100808,100,100075,200,100973,100,100071,100,,,99995,100,,,99990,100
2019-06-28 09:47:40.000000000,100679,576,100513,576,100722,100,100369,200,100726,100,100347,100,100730,100,100184,100,100733,100,100149,200,100772,100,100102,200,100808,100,100075,200,100973,100,100071,100,,,99995,100,,,99990,100
2019-06-28 09:47:41.035233586,100532,100,100513,576,100679,576,100369,200,100722,100,100347,100,100726,100,100184,100,100730,100,100149,200,100733,100,100102,200,100772,100,100075,200,100808,100,100071,100,100973,100,99995,100,,,99990,100
2019-06-28 09:47:50.000000000,100532,195,100513,195,100679,195,100369,295,100722,195,100347,195,100726,195,100184,195,100730,195,100149,295,100733,100,100102,200,100772,100,100075,200,100808,100,100071,100,100973,100,99995,100,,,99990,100
2019-06-28 09:48:00.000000000,100532,576,100513,576,100679,100,100369,200,100722,100,100347,100,100726,100,100184,100,100730,100,100149,200,100733,100,100102,200,100772,100,100075,200,100808,100,100071,100,100973,100,99995,100,,,99990,100
2019-06-28 09:48:03.817241978,100532,576,100513,576,100679,100,100369,200,100722,100,100347,100,100726,100,100326,100,100730,100,100184,100,100733,100,100149,200,100808,100,100102,200,100973,100,100075,200,,,100071,100,,,99995,100
2019-06-28 09:48:09.880490207,100532,576,100513,476,100679,100,100369,200,100722,100,100347,100,100726,100,100326,100,100730,100,100184,100,100733,100,100149,200,100808,100,100102,200,100973,100,100075,200,,,100071,100,,,99995,100
2019-06-28 09:48:10.000000000,100532,338,100369,438,100679,338,100347,338,100722,100,100326,100,100726,100,100184,100,100730,100,100149,200,100733,100,100102,200,100808,100,100075,200,100973,100,100071,100,,,99995,100,,,99990,100
2019-06-28 09:48:19.440952907,100531,100,100369,438,100532,338,100347,338,100679,338,100326,100,100722,100,100184,100,100726,100,100149,200,100730,100,100102,200,100733,100,100075,200,100808,100,100071,100,100973,100,99995,100,,,99990,100
2019-06-28 09:48:20.000000000,100531,219,100369,319,100532,219,100347,219,100679,219,100326,219,100722,219,100184,219,100726,100,100149,200,100730,100,100102,200,100733,100,100075,200,100808,100,100071,100,100973,100,99995,100,,,99990,100
2019-06-28 09:48:29.717484280,100531,219,100369,219,100532,219,100347,219,100679,219,100326,219,100722,219,100184,219,100726,100,100149,200,100730,100,100102,200,100733,100,100075,200,100808,100,100071,100,100973,100,99995,100,,,99990,100
2019-06-28 09:48:29.927188567,100531,219,100369,219,100532,219,100347,219,100679,219,100326,219,100722,219,100184,219,100726,100,100149,100,100730,100,100102,200,100733,100,100075,200,100808,100,100071,100,100973,100,99995,100,,,99990,100
2019-06-28 09:48:30.000000000,100531,338,100369,338,100532,338,100347,338,100679,100,100326,100,100722,100,100184,100,100726,100,100149,100,100730,100,100102,200,100733,100,100075,200,100808,100,100071,100,100973,100,99995,100,,,99990,100
2019-06-28 09:48:40.000000000,100531,338,100369,338,100532,338,100347,338,100679,100,100326,100,100722,100,100184,100,100726,100,100149,100,100730,100,100102,200,100733,100,100075,200,100808,100,100071,100,100973,100,99995,100,,,99990,100
2019-06-28 09:48:45.980293769,100531,338,100370,100,100532,338,100369,338,100679,100,100347,338,100722,100,100326,100,100726,100,100149,100,100730,100,100102,200,100733,100,100075,200,100808,100,100071,100,100973,100,99995,100,,,99990,100
2019-06-28 09:48:50.000000000,100531,262,100370,262,100532,257,100369,257,100679,257,100347,257,100722,100,100326,100,100726,100,100149,100,100730,100,100102,200,100733,100,100075,200,100808,100,100071,100,100973,100,99995,100,,,99990,100
2019-06-28 09:49:00.000000000,100531,338,100370,338,100532,338,100369,338,100679,100,100347,100,100722,100,100326,100,100726,100,100149,100,100730,100,100102,200,100733,100,100075,200,100808,100,100071,100,100973,100,99995,100,,,99990,100
2019-06-28 09:49:10.000000000,100531,338,100370,338,100532,338,100369,338,100679,100,100347,100,100722,100,100326,100,100726,100,100149,100,100730,100,100102,200,100733,100,100075,200,100808,100,100071,100,100973,100,99995,100,,,99990,100
2019-06-28 09:49:20.000000000,100531,219,100370,219,100532,219,100369,219,100679,219,100347,219,100722,219,100326,219,100726,100,100149,100,100730,100,100102,200,100733,100,100075,200,100808,100,100071,100,100973,100,99995,100,,,99990,100
2019-06-28 09:49:30.000000000,100531,576,100370,576,100532,100,100369,100,100679,100,100347,100,100722,100,100326,100,100726,100,100149,100,100730,100,100102,200,100733,100,100075,200,100808,100,100071,100,100973,100,99995,100,,,99990,100
2019-06-28 09:49:40.000000000,100531,219,100370,219,100532,219,100369,219,100679,219,100347,219,100722,219,100326,219,100726,100,100149,100,100730,100,100102,200,100733,100,100075,200,100808,100,100071,100,100973,100,99995,100,,,99990,100
2019-06-28 09:49:47.831372620,100531,219,100370,119,100532,219,100369,219,100679,219,100347,219,100722,219,100326,219,100726,100,100149,100,100730,100,100102,200,100733,100,100075,200,100973,100,100071,100,,,99995,100,,,99990,100
2019-06-28 09:49:50.000000000,100531,195,100369,195,100532,195,100347,195,100679,195,100326,195,100722,195,100149,195,100726,195,100102,295,100730,100,100075,200,100733,100,100071,100,100973,100,99995,100,,,99990,100,,,99988,100
2019-06-28 09:49:59.444714997,100370,100,100369,195,100531,195,100347,195,100532,195,100326,195,100679,195,100149,195,100722,195,100102,295,100726,195,100075,200,100730,100,100071,100,100733,100,99995,100,100973,100,99990,100,,,99988,100
2019-06-28 09:50:00.000000000,100370,338,100369,338,100531,338,100347,338,100532,100,100326,100,100679,100,100149,100,100722,100,100102,200,100726,100,100075,200,100730,100,100071,100,100733,100,99995,100,100973,100,99990,100,,,99988,100
2019-06-28 09:50:10.000000000,100370,219,100369,219,100531,219,100347,219,100532,219,100326,219,100679,219,100149,219,100722,100,100102,200,100726,100,100075,200,100730,100,100071,100,100733,100,99995,100,100973,100,99990,100,,,99988,100
2019-06-28 09:50:20.000000000,100370,576,100369,576,100531,100,100347,100,100532,100,100326,100,100679,100,100149,100,100722,100,100102,200,100726,100,100075,200,100730,100,100071,100,100733,100,99995,100,100973,100,99990,100,,,99988,100
2019-06-28 09:50:30.000000000,100370,195,100369,195,100531,195,100347,195,100532,195,100326,195,100679,195,100149,195,100722,195,100102,295,100726,100,100075,200,100730,100,100071,100,100733,100,99995,100,100973,100,99990,100,,,99988,100
2019-06-28 09:50:40.000000000,100370,195,100369,195,100531,195,100347,195,100532,195,100326,195,100679,195,100149,195,100722,195,100102,295,100726,100,100075,200,100730,100,100071,100,100733,100,99995,100,100973,100,99990,100,,,99988,100
2019-06-28 09:50:47.581439671,100370,195,100369,95,100531,195,100347,195,100532,195,100326,195,100679,195,100149,195,100722,195,100102,295,100726,100,100075,200,100730,100,100071,100,100733,100,99995,100,100973,100,99990,100,,,99988,100
2019-06-28 09:50:50.000000000,100370,262,100347,262,100531,257,100326,257,100532,257,100149,257,100679,100,100102,200,100722,100,100075,200,100726,100,100071,100,100730,100,99995,100,100733,100,99990,100,100973,100,99988,100,,,99966,100
2019-06-28 09:51:00.000000000,100370,576,100347,576,100531,100,100326,100,100532,100,100149,100,100679,100,100102,200,100722,100,100075,200,100726,100,100071,100,100730,100,99995,100,100733,100,99990,100,100973,100,99988,100,,,99966,100
2019-06-28 09:51:10.000000000,100370,219,100347,219,100531,219,100326,219,100532,219,100149,219,100679,219,100102,319,100722,100,100075,200,100726,100,100071,100,100730,100,99995,100,100733,100,99990,100,100973,100,99988,100,,,99966,100
2019-06-28 09:51:14.059226208,100370,219,100347,219,100531,219,100326,219,100532,219,100149,219,100679,219,100102,319,100722,100,100075,200,100726,100,100071,100,100730,100,99995,100,100733,100,99990,100,100973,100,99988,100,,,99966,100
2019-06-28 09:51:19.221795130,100370,219,100347,119,100531,219,100326,219,100532,219,100149,219,100679,219,100102,319,100722,100,100075,200,100726,100,100071,100,100730,100,99995,100,100733,100,99990,100,100973,100,99988,100,,,99966,100
2019-06-28 09:51:20.000000000,100370,219,100326,219,100531,219,100149,219,100532,219,100102,319,100679,219,100075,319,100722,100,100071,100,100726,100,99995,100,100730,100,99990,100,100733,100,99988,100,100973,100,99966,100,,,99948,100
2019-06-28 09:51:30.000000000,100370,195,100326,195,100531,195,100149,195,100532,195,100102,295,100679,195,100075,295,100722,195,100071,195,100726,100,99995,100,100730,100,99990,100,100733,100,99988,100,100973,100,99966,100,,,99948,100
2019-06-28 09:51:40.000000000,100370,262,100326,262,100531,257,100149,257,100532,257,100102,357,100679,100,100075,200,100722,100,100071,100,100726,100,99995,100,100730,100,99990,100,100733,100,99988,100,100973,100,99966,100,,,99948,100
2019-06-28 09:51:50.000000000,100370,576,100326,576,100531,100,100149,100,100532,100,100102,200,100679,100,100075,200,100722,100,100071,100,100726,100,99995,100,100730,100,99990,100,100733,100,99988,100,100973,100,99966,100,,,99948,100
2019-06-28 09:52:00.000000000,100370,195,100326,195,100531,195,100149,195,100532,195,100102,295,100679,195,100075,295,100722,195,100071,195,100726,100,99995,100,100730,100,99990,100,100733,100,99988,100,100973,100,99966,100,,,99948,100
2019-06-28 09:52:01.365661134,100369,100,100326,195,100370,195,100149,195,100531,195,100102,295,100532,195,100075,295,100679,195,100071,195,100722,195,99995,100,100726,100,99990,100,100730,100,99988,100,100733,100,99966,100,100973,100,99948,100
2019-06-28 09:52:10.000000000,100369,338,100326,338,100370,338,100149,338,100531,100,100102,200,100532,100,100075,200,100679,100,100071,100,100722,100,99995,100,100726,100,99990,100,100730,100,99988,100,100733,100,99966,100,100973,100,99948,100
2019-06-28 09:52:20.000000000,100369,576,100326,576,100370,100,100149,100,100531,100,100102,200,100532,100,100075,200,100679,100,100071,100,100722,100,99995,100,100726,100,99990,100,100730,100,99988,100,100733,100,99966,100,100973,100,99948,100
2019-06-28 09:52:21.252064526,100369,576,100326,576,100370,100,100149,100,100531,100,100102,200,100532,100,100075,200,100679,100,100071,100,100722,100,99990,100,100726,100,99988,100,100730,100,99966,100,100733,100,99948,100,100973,100,99942,100
2019-06-28 09:52:30.000000000,100369,338,100326,338,100370,338,100149,338,100531,100,100102,200,100532,100,100075,200,100679,100,100071,100,100722,100,99990,100,100726,100,99988,100,100730,100,99966,100,100733,100,99948,100,100973,100,99942,100
2019-06-28 09:52:40.000000000,100369,338,100326,338,100370,338,100149,338,100531,100,100102,200,100532,100,100075,200,100679,100,100071,100,100722,100,99990,100,100726,100,99988,100,100730,100,99966,100,100733,100,99948,100,100973,100,99942,100
2019-06-28 09:52:46.723934830,100369,438,100326,338,100370,338,100149,338,100531,100,100102,200,100532,100,100075,200,100679,100,100071,100,100722,100,99990,100,100726,100,99988,100,100730,100,99966,100,100733,100,99948,100,100973,100,99942,100
2019-06-28 09:52:50.000000000,100369,438,100326,338,100370,338,100149,338,100531,100,100102,200,100532,100,100075,200,100679,100,100071,100,100722,100,99990,100,100726,100,99988,100,100730,100,99966,100,100733,100,99948,100,100973,100,99942,100
2019-06-28 09:52:53.983071166,100369,438,100326,338,100370,338,100149,338,100531,100,100102,200,100532,100,100075,200,100679,100,100071,100,100722,100,99990,100,100726,100,99988,100,100730,100,99966,100,100733,100,99948,100,100973,100,99942,100
2019-06-28 09:52:55.866419596,100369,438,100326,338,100370,338,100149,338,100531,100,100102,200,100532,100,100075,200,100679,100,100071,100,100722,100,100041,100,100726,100,99990,100,100730,100,99988,100,100733,100,99966,100,100973,100,99948,100
2019-06-28 09:53:00.000000000,100369,295,100326,195,100370,195,100149,195,100531,195,100102,295,100532,195,100075,295,100679,195,100071,195,100722,100,100041,100,100726,100,99990,100,100730,100,99988,100,100733,100,99966,100,100973,100,99948,100
2019-06-28 09:53:04.187305050,100369,395,100326,195,100370,195,100149,195,100531,195,100102,195,100532,195,100075,295,100679,195,100071,195,100722,100,100041,100,100726,100,99990,100,100730,100,99988,100,100733,100,99966,100,100973,100,99948,100
2019-06-28 09:53:10.000000000,100369,776,100326,576,100370,100,100149,100,100531,100,100102,100,100532,100,100075,200,100679,100,100071,100,100722,100,100041,100,100726,100,99990,100,100730,100,99988,100,100733,100,99966,100,100973,100,99948,100
2019-06-28 09:53:20.000000000,100369,462,100326,262,100370,257,100149,257,100531,257,100102,257,100532,100,100075,200,100679,100,100071,100,100722,100,100041,100,100726,100,99990,100,100730,100,99988,100,100733,100,99966,100,100973,100,99948,100
2019-06-28 09:53:28.098745081,100369,462,100326,262,100370,257,100149,257,100531,257,100102,257,100532,100,100075,200,100679,100,100071,100,100722,100,100041,100,100726,100,99990,100,100730,100,99988,100,100733,100,99966,100,100973,100,99948,100
2019-06-28 09:53:30.000000000,100369,776,100326,576,100370,100,100149,100,100531,100,100102,100,100532,100,100075,200,100679,100,100071,100,100722,100,100041,100,100726,100,99990,100,100730,100,99988,100,100733,100,99966,100,100973,100,99948,100
2019-06-28 09:53:40.000000000,100369,538,100326,338,100370,338,100149,338,100531,100,100102,100,100532,100,100075,200,100679,100,100071,100,100722,100,100041,100,100726,100,99990,100,100730,100,99988,100,100733,100,99966,100,100973,100,99948,100
2019-06-28 09:53:50.000000000,100369,419,100326,219,100370,219,100149,219,100531,219,100102,219,100532,219,100075,319,100679,100,100071,100,100722,100,100041,100,100726,100,99990,100,100730,100,99988,100,100733,100,99966,100,100973,100,99948,100
2019-06-28 09:53:52.714585837,100369,419,100326,219,100370,219,100149,219,100531,219,100102,219,100532,219,100075,319,100679,100,100071,100,100722,100,100041,100,100726,100,99990,100,100730,100,99988,100,100733,100,99966,100,100973,100,99948,100
2019-06-28 09:54:00.000000000,100369,776,100326,576,100370,100,100149,100,100531,100,100102,100,100532,100,100075,200,100679,100,100071,100,100722,100,100041,100,100726,100,99990,100,100730,100,99988,100,100733,100,99966,100,100973,100,99948,100
2019-06-28 09:54:01.044444873,100369,776,100326,576,100370,100,100149,100,100531,100,100102,100,100532,100,100075,200,100679,100,100071,100,100722,100,100041,100,100730,100,99990,100,100733,100,99988,100,100973,100,99966,100,,,99948,100
2019-06-28 09:54:10.000000000,100369,395,100326,195,100370,195,100149,195,100531,195,100102,195,100532,195,100075,295,100679,195,100071,195,100722,100,100041,100,100730,100,99990,100,100733,100,99988,100,100973,100,99966,100,,,99948,100
2019-06-28 09:54:17.420370231,100369,395,100326,95,100370,195,100149,195,100531,195,100102,195,100532,195,100075,295,100679,195,100071,195,100722,100,100041,100,100730,100,99990,100,100733,100,99988,100,,,99966,100,,,99948,100
2019-06-28 09:54:20.000000000,100369,419,100149,219,100370,219,100102,219,100531,219,100075,319,100532,219,100071,219,100679,100,100041,100,100722,100,99990,100,100730,100,99988,100,100733,100,99966,100,,,99948,100,,,99942,100
2019-06-28 09:54:30.000000000,100369,419,100149,219,100370,219,100102,219,100531,219,100075,319,100532,219,100071,219,100679,100,100041,100,100722,100,99990,100,100730,100,99988,100,100733,100,99966,100,,,99948,100,,,99942,100
2019-06-28 09:54:40.000000000,100369,538,100149,338,100370,338,100102,338,100531,100,100075,200,100532,100,100071,100,100679,100,100041,100,100722,100,99990,100,100730,100,99988,100,100733,100,99966,100,,,99948,100,,,99942,100
2019-06-28 09:54:41.758835214,100369,538,100149,338,100370,338,100102,338,100531,100,100075,200,100532,100,100071,100,100679,100,100041,100,100722,100,99990,100,100730,100,99966,100,100733,100,99948,100,,,99942,100,,,99929,100
2019-06-28 09:54:50.000000000,100369,538,100149,338,100370,338,100102,338,100531,100,100075,200,100532,100,100071,100,100679,100,100041,100,100722,100,99990,100,100730,100,99966,100,100733,100,99948,100,,,99942,100,,,99929,100
2019-06-28 09:54:54.188768039,100347,100,100149,338,100369,538,100102,338,100370,338,100075,200,100531,100,100071,100,100532,100,100041,100,100679,100,99990,100,100722,100,99966,100,100730,100,99948,100,100733,100,99942,100,,,99929,100
2019-06-28 09:54:54.477841663,100347,100,100149,338,100369,438,100102,338,100370,338,100075,200,100531,100,100071,100,100532,100,100041,100,100679,100,99990,100,100722,100,99966,100,100730,100,99948,100,100733,100,99942,100,,,99929,100
2019-06-28 09:55:00.000000000,100347,195,100149,195,100369,295,100102,195,100370,195,100075,295,100531,195,100071,195,100532,195,100041,195,100679,100,99990,100,100722,100,99966,100,100730,100,99948,100,100733,100,99942,100,,,99929,100
2019-06-28 09:55:02.282231699,100347,195,100149,195,100369,295,100116,100,100370,195,100102,195,100531,195,100075,295,100532,195,100071,195,100679,100,100041,195,100722,100,99990,100,100730,100,99966,100,100733,100,99948,100,,,99942,100
2019-06-28 09:55:10.000000000,100347,338,100149,338,100369,438,100116,338,100370,100,100102,100,100531,100,100075,200,100532,100,100071,100,100679,100,100041,100,100722,100,99990,100,100730,100,99966,100,100733,100,99948,100,,,99942,100
2019-06-28 09:55:20.000000000,100347,219,100149,219,100369,319,100116,219,100370,219,100102,219,100531,219,100075,319,100532,100,100071,100,100679,100,100041,100,100722,100,99990,100,100730,100,99966,100,100733,100,99948,100,,,99942,100
2019-06-28 09:55:30.000000000,100347,338,100149,338,100369,438,100116,338,100370,100,100102,100,100531,100,100075,200,100532,100,100071,100,100679,100,100041,100,100722,100,99990,100,100730,100,99966,100,100733,100,99948,100,,,99942,100
2019-06-28 09:55:30.091717840,100347,338,100149,338,100369,438,100116,338,100370,100,100102,100,100531,100,100075,200,100532,100,100071,100,100679,100,100067,100,100722,100,100041,100,100730,100,99990,100,100733,100,99966,100,,,99948,100
2019-06-28 09:55:40.000000000,100347,219,100149,219,100369,319,100116,219,100370,219,100102,219,100531,219,100075,319,100532,100,100071,100,100679,100,100067,100,100722,100,100041,100,100730,100,99990,100,100733,100,99966,100,,,99948,100
2019-06-28 09:55:50.000000000,100347,195,100149,195,100369,295,100116,195,100370,195,100102,195,100531,195,100075,295,100532,195,100071,195,100679,100,100067,100,100722,100,100041,100,100730,100,99990,100,100733,100,99966,100,,,99948,100
2019-06-28 09:56:00.000000000,100347,576,100149,576,100369,200,100116,100,100370,100,100102,100,100531,100,100075,200,100532,100,100071,100,100679,100,100067,100,100722,100,100041,100,100730,100,99990,100,100733,100,99966,100,,,99948,100
2019-06-28 09:56:10.000000000,100347,338,100149,338,100369,438,100116,338,100370,100,100102,100,100531,100,100075,200,100532,100,100071,100,100679,100,100067,100,100722,100,100041,100,100730,100,99990,100,100733,100,99966,100,,,99948,100
2019-06-28 09:56:16.632653348,100347,338,100149,338,100369,438,100116,338,100370,100,100102,100,100531,100,100075,200,100532,100,100071,100,100548,100,100067,100,100679,100,100041,100,100722,100,99990,100,100730,100,99966,100,100733,100,99948,100
2019-06-28 09:56:20.000000000,100347,338,100149,338,100369,438,100116,338,100370,100,100102,100,100531,100,100075,200,100532,100,100071,100,100548,100,100067,100,100679,100,100041,100,100722,100,99990,100,100730,100,99966,100,100733,100,99948,100
2019-06-28 09:56:30.000000000,100347,262,100149,262,100369,357,100116,257,100370,257,100102,257,100531,100,100075,200,100532,100,100071,100,100548,100,100067,100,100679,100,100041,100,100722,100,99990,100,100730,100,99966,100,100733,100,99948,100
2019-06-28 09:56:40.000000000,100347,576,100149,576,100369,200,100116,100,100370,100,100102,100,100531,100,100075,200,100532,100,100071,100,100548,100,100067,100,100679,100,100041,100,100722,100,99990,100,100730,100,99966,100,100733,100,99948,100
2019-06-28 09:56:42.780388450,100347,576,100149,576,100369,200,100116,100,100370,100,100102,100,100531,100,100075,200,100532,100,100071,100,100548,100,100067,100,100679,100,100041,100,100722,100,99990,100,100730,100,99966,100,100733,100,99948,100
2019-06-28 09:56:49.518589480,100347,576,100149,476,100369,200,100116,100,100370,100,100102,100,100531,100,100075,200,100532,100,100071,100,100548,100,100067,100,100679,100,100041,100,100722,100,99990,100,100730,100,99966,100,100733,100,99948,100
2019-06-28 09:56:50.000000000,100347,262,100116,262,100369,357,100102,257,100370,257,100075,357,100531,100,100071,100,100532,100,100067,100,100548,100,100041,100,100679,100,99990,100,100722,100,99966,100,100730,100,99948,100,100733,100,99942,100
2019-06-28 09:57:00.000000000,100347,262,100116,262,100369,357,100102,257,100370,257,100075,357,100531,100,100071,100,100532,100,100067,100,100548,100,100041,100,100679,100,99990,100,100722,100,99966,100,100730,100,99948,100,100733,100,99942,100
2019-06-28 09:57:10.000000000,100347,576,100116,576,100369,200,100102,100,100370,100,100075,200,100531,100,100071,100,100532,100,100067,100,100548,100,100041,100,100679,100,99990,100,100722,100,99966,100,100730,100,99948,100,100733,100,99942,100
2019-06-28 09:57:20.000000000,100347,219,100116,219,100369,319,100102,219,100370,219,100075,319,100531,219,100071,219,100532,100,100067,100,100548,100,100041,100,100679,100,99990,100,100722,100,99966,100,100730,100,99948,100,100733,100,99942,100
2019-06-28 09:57:22.540185545,100347,119,100116,219,100369,319,100102,219,100370,219,100075,319,100531,219,100071,219,100532,100,100067,100,100548,100,100041,100,100679,100,99990,100,100722,100,99966,100,100730,100,99948,100,100733,100,99942,100
2019-06-28 09:57:30.000000000,100369,319,100116,219,100370,219,100102,219,100531,219,100075,319,100532,219,100071,219,100548,100,100067,100,100679,100,100041,100,100722,100,99990,100,100730,100,99966,100,100733,100,99948,100,,,99942,100
2019-06-28 09:57:32.898785989,100203,100,100116,219,100369,319,100102,219,100370,219,100075,319,100531,219,100071,219,100532,219,100067,100,100548,100,100041,100,100679,100,99990,100,100722,100,99966,100,100730,100,99948,100,100733,100,99942,100
2019-06-28 09:57:35.587827801,100203,100,100116,219,100346,100,100102,219,100369,319,100075,319,100370,219,100071,219,100531,219,100067,100,100532,219,100041,100,100548,100,99990,100,100679,100,99966,100,100722,100,99948,100,100730,100,99942,100
2019-06-28 09:57:40.000000000,100203,338,100116,338,100346,338,100102,338,100369,200,100075,200,100370,100,100071,100,100531,100,100067,100,100532,100,100041,100,100548,100,99990,100,100679,100,99966,100,100722,100,99948,100,100730,100,99942,100
2019-06-28 09:57:50.000000000,100203,338,100116,338,100346,338,100102,338,100369,200,100075,200,100370,100,100071,100,100531,100,100067,100,100532,100,100041,100,100548,100,99990,100,100679,100,99966,100,100722,100,99948,100,100730,100,99942,100
2019-06-28 09:58:00.000000000,100203,219,100116,219,100346,219,100102,219,100369,319,100075,319,100370,219,100071,219,100531,100,100067,100,100532,100,100041,100,100548,100,99990,100,100679,100,99966,100,100722,100,99948,100,100730,100,99942,100
2019-06-28 09:58:10.000000000,100203,262,100116,262,100346,257,100102,257,100369,357,100075,357,100370,100,100071,100,100531,100,100067,100,100532,100,100041,100,100548,100,99990,100,100679,100,99966,100,100722,100,99948,100,100730,100,99942,100
2019-06-28 09:58:19.295900115,100203,262,100116,262,100346,257,100102,257,100369,357,100075,357,100370,100,100071,100,100531,100,100067,100,100548,100,100041,100,100679,100,99990,100,100722,100,99966,100,100730,100,99948,100,100733,100,99942,100
2019-06-28 09:58:20.000000000,100203,262,100116,262,100346,257,100102,257,100369,357,100075,357,100370,100,100071,100,100531,100,100067,100,100548,100,100041,100,100679,100,99990,100,100722,100,99966,100,100730,100,99948,100,100733,100,99942,100
2019-06-28 09:58:25.772232659,100203,162,100116,262,100346,257,100102,257,100369,357,100075,357,100370,100,100071,100,100531,100,100067,100,100548,100,100041,100,100679,100,99990,100,100722,100,99966,100,100730,100,99948,100,100733,100,99942,100
2019-06-28 09:58:30.000000000,100346,195,100116,195,100369,295,100102,195,100370,195,100075,295,100531,195,100071,195,100548,195,100067,195,100679,100,100041,100,100722,100,99990,100,100730,100,99966,100,100733,100,99948,100,100956,100,99942,100
2019-06-28 09:58:35.296276623,100346,195,100116,195,100369,295,100102,195,100370,195,100075,295,100531,195,100071,195,100548,195,100067,195,100665,100,100041,100,100679,100,99990,100,100722,100,99966,100,100730,100,99948,100,100733,100,99942,100
2019-06-28 09:58:39.368042329,100346,195,100203,100,100369,295,100116,195,100370,195,100102,195,100531,95,100075,295,100548,195,100071,195,100665,100,100067,195,100679,100,100041,100,100722,100,99990,100,100730,100,99966,100,100733,100,99948,100
2019-06-28 09:58:40.000000000,100346,576,100203,576,100369,200,100116,100,100370,100,100102,100,100548,100,100075,200,100665,100,100071,100,100679,100,100067,100,100722,100,100041,100,100730,100,99990,100,100733,100,99966,100,100956,100,99948,100
2019-06-28 09:58:42.693771006,100346,576,100203,676,100369,200,100116,100,100370,100,100102,100,100548,100,100075,200,100665,100,100071,100,100679,100,100067,100,100722,100,100041,100,100730,100,99990,100,100733,100,99966,100,100956,100,99948,100
2019-06-28 09:58:50.000000000,100346,195,100203,295,100369,295,100116,195,100370,195,100102,195,100548,195,100075,295,100665,195,100071,195,100679,100,100067,100,100722,100,100041,100,100730,100,99990,100,100733,100,99966,100,100956,100,99948,100
2019-06-28 09:59:00.000000000,100346,576,100203,676,100369,200,100116,100,100370,100,100102,100,100548,100,100075,200,100665,100,100071,100,100679,100,100067,100,100722,100,100041,100,100730,100,99990,100,100733,100,99966,100,100956,100,99948,100
2019-06-28 09:59:10.000000000,100346,576,100203,676,100369,200,100116,100,100370,100,100102,100,100548,100,100075,200,100665,100,100071,100,100679,100,100067,100,100722,100,100041,100,100730,100,99990,100,100733,100,99966,100,100956,100,99948,100
2019-06-28 09:59:20.000000000,100346,338,100203,438,100369,438,100116,338,100370,100,100102,100,100548,100,100075,200,100665,100,100071,100,100679,100,100067,100,100722,100,100041,100,100730,100,99990,100,100733,100,99966,100,100956,100,99948,100
2019-06-28 09:59:25.295975058,100346,238,100203,438,100369,438,100116,338,100370,100,100102,100,100548,100,100075,200,100665,100,100071,100,100679,100,100067,100,100722,100,100041,100,100730,100,99990,100,100733,100,99966,100,100956,100,99948,100
2019-06-28 09:59:30.000000000,100369,676,100203,676,100370,100,100116,100,100548,100,100102,100,100665,100,100075,200,100679,100,100071,100,100722,100,100067,100,100730,100,100041,100,100733,100,99990,100,100956,100,99966,100,,,99948,100
2019-06-28 09:59:30.225838345,100369,676,100203,676,100370,100,100177,100,100548,100,100116,100,100665,100,100102,100,100679,100,100075,200,100722,100,100071,100,100730,100,100067,100,100733,100,100041,100,100956,100,99990,100,,,99966,100
2019-06-28 09:59:35.305005606,100369,676,100203,676,100370,100,100177,100,100533,100,100116,100,100548,100,100102,100,100665,100,100075,100,100679,100,100071,100,100722,100,100067,100,100730,100,100041,100,100733,100,99990,100,100956,100,99966,100
2019-06-28 09:59:40.000000000,100369,295,100203,295,100370,195,100177,195,100533,195,100116,195,100548,195,100102,195,100665,195,100075,195,100679,100,100071,100,100722,100,100067,100,100730,100,100041,100,100733,100,99990,100,100956,100,99966,100
2019-06-28 09:59:50.000000000,100369,676,100203,676,100370,100,100177,100,100533,100,100116,100,100548,100,100102,100,100665,100,100075,100,100679,100,100071,100,100722,100,100067,100,100730,100,100041,100,100733,100,99990,100,100956,100,99966,100
2019-06-28 09:59:54.246160967,100369,676,100203,676,100370,100,100177,100,100533,100,100160,100,100548,100,100116,100,100665,100,100102,100,100679,100,100075,100,100722,100,100071,100,100730,100,100067,100,100733,100,100041,100,100956,100,99990,100
2019-06-28 10:00:00.000000000,100369,438,100203,438,100370,338,100177,338,100533,100,100160,100,100548,100,100116,100,100665,100,100102,100,100679,100,100075,100,100722,100,100071,100,100730,100,100067,100,100733,100,100041,100,100956,100,99990,100
2019-06-28 10:00:10.000000000,100369,295,100203,295,100370,195,100177,195,100533,195,100160,195,100548,195,100116,195,100665,195,100102,195,100679,100,100075,100,100722,100,100071,100,100730,100,100067,100,100733,100,100041,100,100956,100,99990,100
2019-06-28 10:00:20.000000000,100369,676,100203,676,100370,100,100177,100,100533,100,100160,100,100548,100,100116,100,100665,100,100102,100,100679,100,100075,100,100722,100,100071,100,100730,100,100067,100,100733,100,100041,100,100956,100,99990,100
2019-06-28 10:00:30.000000000,100369,362,100203,362,100370,257,100177,257,100533,257,100160,257,100548,100,100116,100,100665,100,100102,100,100679,100,100075,100,100722,100,100071,100,100730,100,100067,100,100733,100,100041,100,100956,100,99990,100
2019-06-28 10:00:31.691918076,100369,362,100203,362,100370,257,100177,257,100533,257,100160,257,100548,100,100116,100,100665,100,100102,100,100679,100,100075,100,100722,100,100071,100,100730,200,100067,100,100733,100,100041,100,100956,100,99990,100
2019-06-28 10:00:36.134966645,100369,362,100203,362,100370,257,100177,257,100533,257,100160,257,100548,100,100116,100,100665,100,100102,100,100679,100,100075,100,100685,100,100071,100,100722,100,100067,100,100730,200,100041,100,100733,100,99990,100
2019-06-28 10:00:40.000000000,100369,319,100203,319,100370,219,100177,219,100533,219,100160,219,100548,219,100116,219,100665,100,100102,100,100679,100,100075,100,100685,100,100071,100,100722,100,100067,100,100730,200,100041,100,100733,100,99990,100
2019-06-28 10:00:50.000000000,100369,676,100203,676,100370,100,100177,100,100533,100,100160,100,100548,100,100116,100,100665,100,100102,100,100679,100,100075,100,100685,100,100071,100,100722,100,100067,100,100730,200,100041,100,100733,100,99990,100
2019-06-28 10:00:55.802732086,100369,676,100203,676,100370,100,100177,100,100533,100,100160,100,100548,100,100116,100,100665,100,100102,100,100679,100,100075,100,100685,100,100067,100,100722,100,100041,100,100730,200,99990,100,100733,100,99966,100
2019-06-28 10:01:00.000000000,100369,362,100203,362,100370,257,100177,257,100533,257,100160,257,100548,100,100116,100,100665,100,100102,100,100679,100,100075,100,100685,100,100067,100,100722,100,100041,100,100730,200,99990,100,100733,100,99966,100
2019-06-28 10:01:10.000000000,100369,319,100203,319,100370,219,100177,219,100533,219,100160,219,100548,219,100116,219,100665,100,100102,100,100679,100,100075,100,100685,100,100067,100,100722,100,100041,100,100730,200,99990,100,100733,100,99966,100
2019-06-28 10:01:20.000000000,100369,362,100203,362,100370,257,100177,257,100533,257,100160,257,100548,100,100116,100,100665,100,100102,100,100679,100,100075,100,100685,100,100067,100,100722,100,100041,100,100730,200,99990,100,100733,100,99966,100
2019-06-28 10:01:28.674489453,100369,362,100204,100,100370,257,100203,262,100533,257,100177,257,100548,100,100160,257,100665,100,100116,100,100679,100,100102,100,100685,100,100075,100,100722,100,100067,100,100730,200,100041,100,100733,100,99990,100
2019-06-28 10:01:30.000000000,100369,362,100204,262,100370,257,100203,257,100533,257,100177,257,100548,100,100160,100,100665,100,100116,100,100679,100,100102,100,100685,100,100075,100,100722,100,100067,100,100730,200,100041,100,100733,100,99990,100
2019-06-28 10:01:40.000000000,100369,295,100204,195,100370,195,100203,195,100533,195,100177,195,100548,195,100160,195,100665,195,100116,195,100679,100,100102,100,100685,100,100075,100,100722,100,100067,100,100730,200,100041,100,100733,100,99990,100
2019-06-28 10:01:50.000000000,100369,319,100204,219,100370,219,100203,219,100533,219,100177,219,100548,219,100160,219,100665,100,100116,100,100679,100,100102,100,100685,100,100075,100,100722,100,100067,100,100730,200,100041,100,100733,100,99990,100
2019-06-28 10:01:58.154352835,100369,319,100204,219,100370,219,100203,219,100533,219,100177,219,100548,219,100160,219,100665,100,100116,100,100679,100,100102,100,100685,100,100075,100,100722,100,100067,100,100730,200,100041,100,100733,100,99990,100
2019-06-28 10:02:00.000000000,100369,362,100204,262,100370,257,100203,257,100533,257,100177,257,100548,100,100160,100,100665,100,100116,100,100679,100,100102,100,100685,100,100075,100,100722,100,100067,100,100730,200,100041,100,100733,100,99990,100
2019-06-28 10:02:07.155003230,100369,262,100204,262,100370,257,100203,257,100533,257,100177,257,100548,100,100160,100,100665,100,100116,100,100679,100,100102,100,100685,100,100075,100,100722,100,100067,100,100730,200,100041,100,100733,100,99990,100
2019-06-28 10:02:10.000000000,100369,576,100204,576,100370,100,100203,100,100533,100,100177,100,100548,100,100160,100,100665,100,100116,100,100679,100,100102,100,100685,100,100075,100,100722,100,100067,100,100730,200,100041,100,100733,100,99990,100
2019-06-28 10:02:20.000000000,100369,576,100204,576,100370,100,100203,100,100533,100,100177,100,100548,100,100160,100,100665,100,100116,100,100679,100,100102,100,100685,100,100075,100,100722,100,100067,100,100730,200,100041,100,100733,100,99990,100
2019-06-28 10:02:30.000000000,100369,195,100204,195,100370,195,100203,195,100533,195,100177,195,100548,195,100160,195,100665,195,100116,195,100679,100,100102,100,100685,100,100075,100,100722,100,100067,100,100730,200,100041,100,100733,100,99990,100
2019-06-28 10:02:40.000000000,100369,195,100204,195,100370,195,100203,195,100533,195,100177,195,100548,195,100160,195,100665,195,100116,195,100679,100,100102,100,100685,100,100075,100,100722,100,100067,100,100730,200,100041,100,100733,100,99990,100
2019-06-28 10:02:41.372735381,100369,95,100204,195,100370,195,100203,195,100533,195,100177,195,100548,195,100160,195,100665,195,100116,195,100679,100,100102,100,100685,100,100075,100,100722,100,100067,100,100730,200,100041,100,100733,100,99990,100
2019-06-28 10:02:43.164583615,100370,195,100369,5,100533,195,100204,195,100548,195,100203,195,100665,195,100177,195,100679,100,100160,195,100685,100,100116,195,100722,100,100102,100,100730,200,100075,100,100733,100,100067,100,,,100041,100
2019-06-28 10:02:46.452473007,100370,95,100369,5,100533,195,100204,195,100548,195,100203,195,100665,195,100177,195,100679,100,100160,195,100685,100,100116,195,100722,100,100102,100,100730,200,100075,100,100733,100,100067,100,,,100041,100
2019-06-28 10:02:50.000000000,100533,195,100369,100,100548,195,100204,195,100665,195,100203,195,100679,195,100177,195,100685,195,100160,195,100722,100,100116,100,100730,200,100102,100,100733,100,100075,100,,,100067,100,,,100041,100
2019-06-28 10:03:00.000000000,100533,338,100369,243,100548,338,100204,338,100665,100,100203,100,100679,100,100177,100,100685,100,100160,100,100722,100,100116,100,100730,200,100102,100,100733,100,100075,100,,,100067,100,,,100041,100
2019-06-28 10:03:10.000000000,100533,195,100369,100,100548,195,100204,195,100665,195,100203,195,100679,195,100177,195,100685,195,100160,195,100722,100,100116,100,100730,200,100102,100,100733,100,100075,100,,,100067,100,,,100041,100
2019-06-28 10:03:20.000000000,100533,195,100369,100,100548,195,100204,195,100665,195,100203,195,100679,195,100177,195,100685,195,100160,195,100722,100,100116,100,100730,200,100102,100,100733,100,100075,100,,,100067,100,,,100041,100
2019-06-28 10:03:23.894477954,100533,195,100369,100,100548,195,100204,195,100665,195,100203,195,100679,195,100177,195,100685,195,100160,195,100722,100,100116,100,100730,200,100102,100,100733,100,100075,100,101620,100,100067,100,,,100041,100
2019-06-28 10:03:29.464549120,100533,95,100369,100,100548,195,100204,195,100665,195,100203,195,100679,195,100177,195,100685,195,100160,195,100722,100,100116,100,100730,200,100102,100,100733,100,100075,100,101620,100,100067,100,,,100041,100
2019-06-28 10:03:30.000000000,100548,262,100369,167,100665,257,100204,257,100679,257,100203,257,100685,100,100177,100,100722,100,100160,100,100730,200,100116,100,100733,100,100102,100,101620,100,100075,100,,,100067,100,,,100041,100
2019-06-28 10:03:40.000000000,100548,338,100369,243,100665,338,100204,338,100679,100,100203,100,100685,100,100177,100,100722,100,100160,100,100730,200,100116,100,100733,100,100102,100,101620,100,100075,100,,,100067,100,,,100041,100
2019-06-28 10:03:47.441564765,100548,238,100369,243,100665,338,100204,338,100679,100,100203,100,100685,100,100177,100,100722,100,100160,100,100730,200,100116,100,100733,100,100102,100,101620,100,100075,100,,,100067,100,,,100041,100
2019-06-28 10:03:50.000000000,100665,219,100369,124,100679,219,100204,219,100685,219,100203,219,100722,219,100177,219,100730,200,100160,100,100733,100,100116,100,101620,100,100102,100,,,100075,100,,,100067,100,,,100041,100
2019-06-28 10:03:53.153300700,100665,119,100369,124,100679,219,100204,219,100685,219,100203,219,100722,219,100177,219,100730,200,100160,100,100733,100,100116,100,101620,100,100102,100,,,100075,100,,,100067,100,,,100041,100
2019-06-28 10:04:00.000000000,100679,262,100369,167,100685,257,100204,257,100722,257,100203,257,100730,200,100177,100,100733,100,100160,100,101620,100,100116,100,,,100102,100,,,100075,100,,,100067,100,,,100041,100
2019-06-28 10:04:07.432231974,100679,262,100369,167,100685,257,100204,257,100722,257,100203,257,100730,200,100177,100,100733,100,100160,100,101501,100,100116,100,,,100102,100,,,100075,100,,,100067,100,,,100041,100
2019-06-28 10:04:07.543006604,100679,262,100369,167,100685,257,100204,257,100722,257,100203,257,100730,200,100177,100,100733,100,100160,100,101501,100,100116,100,,,100102,100,,,100067,100,,,100041,100,,,99990,100
2019-06-28 10:04:10.000000000,100679,219,100369,124,100685,219,100204,219,100722,219,100203,219,100730,319,100177,219,100733,100,100160,100,101501,100,100116,100,,,100102,100,,,100067,100,,,100041,100,,,99990,100
2019-06-28 10:04:14.481900962,100679,219,100548,100,100685,219,100369,124,100722,219,100204,219,100730,319,100203,219,100733,100,100177,219,101501,100,100160,100,,,100116,100,,,100102,100,,,100067,100,,,100041,100
2019-06-28 10:04:20.000000000,100679,219,100548,219,100685,219,100369,124,100722,219,100204,219,100730,319,100203,219,100733,100,100177,100,101501,100,100160,100,,,100116,100,,,100102,100,,,100067,100,,,100041,100
2019-06-28 10:04:27.721234228,100679,219,100548,219,100685,219,100369,124,100722,219,100204,219,100730,319,100203,219,100733,100,100177,100,101501,100,100160,100,101738,100,100116,100,,,100102,100,,,100067,100,,,100041,100
2019-06-28 10:04:30.000000000,100679,219,100548,219,100685,219,100369,124,100722,219,100204,219,100730,319,100203,219,100733,100,100177,100,101501,100,100160,100,101738,100,100116,100,,,100102,100,,,100067,100,,,100041,100
2019-06-28 10:04:32.833530518,100679,219,100548,219,100685,219,100369,124,100722,219,100204,219,100730,319,100203,219,100733,100,100177,100,101501,100,100160,100,101578,100,100116,100,101738,100,100102,100,,,100067,100,,,100041,100
2019-06-28 10:04:37.272499488,100679,219,100548,319,100685,219,100369,124,100722,219,100204,219,100730,319,100203,219,100733,100,100177,100,101501,100,100160,100,101578,100,100116,100,101738,100,100102,100,,,100067,100,,,100041,100
2019-06-28 10:04:40.000000000,100679,262,100548,362,100685,257,100369,162,100722,257,100204,257,100730,200,100203,100,100733,100,100177,100,101501,100,100160,100,101578,100,100116,100,101738,100,100102,100,,,100067,100,,,100041,100
2019-06-28 10:04:50.000000000,100679,576,100548,676,100685,100,100369,5,100722,100,100204,100,100730,200,100203,100,100733,100,100177,100,101501,100,100160,100,101578,100,100116,100,101738,100,100102,100,,,100067,100,,,100041,100
2019-06-28 10:05:00.000000000,100679,338,100548,438,100685,338,100369,243,100722,100,100204,100,100730,200,100203,100,100733,100,100177,100,101501,100,100160,100,101578,100,100116,100,101738,100,100102,100,,,100067,100,,,100041,100
2019-06-28 10:05:10.000000000,100679,219,100548,319,100685,219,100369,124,100722,219,100204,219,100730,319,100203,219,100733,100,100177,100,101501,100,100160,100,101578,100,100116,100,101738,100,100102,100,,,100067,100,,,100041,100
2019-06-28 10:05:20.000000000,100679,195,100548,295,100685,195,100369,100,100722,195,100204,195,100730,295,100203,195,100733,195,100177,195,101501,100,100160,100,101578,100,100116,100,101738,100,100102,100,,,100067,100,,,100041,100
2019-06-28 10:05:30.000000000,100679,195,100548,295,100685,195,100369,100,100722,195,100204,195,100730,295,100203,195,100733,195,100177,195,101501,100,100160,100,101578,100,100116,100,101738,100,100102,100,,,100067,100,,,100041,100
2019-06-28 10:05:40.000000000,100679,219,100548,319,100685,219,100369,124,100722,219,100204,219,100730,319,100203,219,100733,100,100177,100,101501,100,100160,100,101578,100,100116,100,101738,100,100102,100,,,100067,100,,,100041,100
2019-06-28 10:05:45.916581111,100679,119,100548,319,100685,219,100369,124,100722,219,100204,219,100730,319,100203,219,100733,100,100177,100,101501,100,100160,100,101578,100,100116,100,101738,100,100102,100,,,100067,100,,,100041,100
2019-06-28 10:05:50.000000000,100685,219,100548,319,100722,219,100369,124,100730,319,100204,219,100733,219,100203,219,101501,100,100177,100,101578,100,100160,100,101738,100,100116,100,,,100102,100,,,100067,100,,,100041,100
2019-06-28 10:05:51.161596363,100685,219,100548,319,100722,219,100369,124,100730,319,100204,219,100733,219,100203,219,101202,100,100177,100,101501,100,100160,100,101578,100,100116,100,101738,100,100102,100,,,100041,100,,,99948,100
2019-06-28 10:06:00.000000000,100685,338,100548,438,100722,338,100369,243,100730,200,100204,100,100733,100,100203,100,101202,100,100177,100,101501,100,100160,100,101578,100,100116,100,101738,100,100102,100,,,100041,100,,,99948,100
2019-06-28 10:06:10.000000000,100685,338,100548,438,100722,338,100369,243,100730,200,100204,100,100733,100,100203,100,101202,100,100177,100,101501,100,100160,100,101578,100,100116,100,101738,100,100102,100,,,100041,100,,,99948,100
2019-06-28 10:06:20.000000000,100685,338,100548,438,100722,338,100369,243,100730,200,100204,100,100733,100,100203,100,101202,100,100177,100,101501,100,100160,100,101578,100,100116,100,101738,100,100102,100,,,100041,100,,,99948,100
2019-06-28 10:06:30.000000000,100685,262,100548,362,100722,257,100369,162,100730,357,100204,257,100733,100,100203,100,101202,100,100177,100,101501,100,100160,100,101578,100,100116,100,101738,100,100102,100,,,100041,100,,,99948,100
2019-06-28 10:06:34.518488440,100685,262,100548,362,100722,257,100369,162,100730,357,100204,257,100733,100,100203,100,101202,100,100177,100,101501,100,100160,100,101578,100,100116,100,101738,100,100102,100,101813,100,100041,100,,,99948,100
2019-06-28 10:06:40.000000000,100685,262,100548,362,100722,257,100369,162,100730,357,100204,257,100733,100,100203,100,101202,100,100177,100,101501,100,100160,100,101578,100,100116,100,101738,100,100102,100,101813,100,100041,100,,,99948,100
2019-06-28 10:06:50.000000000,100685,338,100548,438,100722,338,100369,243,100730,200,100204,100,100733,100,100203,100,101202,100,100177,100,101501,100,100160,100,101578,100,100116,100,101738,100,100102,100,101813,100,100041,100,,,99948,100
2019-06-28 10:06:57.739122852,100685,238,100548,438,100722,338,100369,243,100730,200,100204,100,100733,100,100203,100,101202,100,100177,100,101501,100,100160,100,101578,100,100116,100,101738,100,100102,100,101813,100,100041,100,,,99948,100
2019-06-28 10:07:00.000000000,100722,576,100548,676,100730,200,100369,5,100733,100,100204,100,101202,100,100203,100,101501,100,100177,100,101578,100,100160,100,101738,100,100116,100,101813,100,100102,100,,,100041,100,,,99948,100
2019-06-28 10:07:10.000000000,100722,262,100548,362,100730,357,100369,162,100733,257,100204,257,101202,100,100203,100,101501,100,100177,100,101578,100,100160,100,101738,100,100116,100,101813,100,100102,100,,,100041,100,,,99948,100
2019-06-28 10:07:20.000000000,100722,262,100548,362,100730,357,100369,162,100733,257,100204,257,101202,100,100203,100,101501,100,100177,100,101578,100,100160,100,101738,100,100116,100,101813,100,100102,100,,,100041,100,,,99948,100
2019-06-28 10:07:23.088587692,100722,162,100548,362,100730,357,100369,162,100733,257,100204,257,101202,100,100203,100,101501,100,100177,100,101578,100,100160,100,101738,100,100116,100,101813,100,100102,100,,,99948,100,,,99942,100
2019-06-28 10:07:30.000000000,100730,438,100548,438,100733,338,100369,243,101202,100,100204,100,101501,100,100203,100,101578,100,100177,100,101738,100,100160,100,101813,100,100116,100,,,100102,100,,,99948,100,,,99942,100
2019-06-28 10:07:37.955574744,100730,338,100548,438,100733,338,100369,243,101202,100,100204,100,101501,100,100203,100,101578,100,100177,100,101738,100,100160,100,101813,100,100116,100,,,100102,100,,,99948,100,,,99942,100
2019-06-28 10:07:40.000000000,100730,219,100548,319,100733,219,100369,124,101202,219,100204,219,101501,219,100203,219,101578,100,100177,100,101738,100,100160,100,101813,100,100116,100,,,100102,100,,,99948,100,,,99942,100
2019-06-28 10:07:50.000000000,100730,195,100548,295,100733,195,100369,100,101202,195,100204,195,101501,195,100203,195,101578,195,100177,195,101738,100,100160,100,101813,100,100116,100,,,100102,100,,,99948,100,,,99942,100
