,ask_price_1,ask_size_1,bid_price_1,bid_size_1,ask_price_2,ask_size_2,bid_price_2,bid_size_2,ask_price_3,ask_size_3,bid_price_3,bid_size_3,ask_price_4,ask_size_4,bid_price_4,bid_size_4,ask_price_5,ask_size_5,bid_price_5,bid_size_5,ask_price_6,ask_size_6,bid_price_6,bid_size_6,ask_price_7,ask_size_7,bid_price_7,bid_size_7,ask_price_8,ask_size_8,bid_price_8,bid_size_8,ask_price_9,ask_size_9,bid_price_9,bid_size_9,ask_price_10,ask_size_10,bid_price_10,bid_size_10
2019-06-28 09:30:00.000000000,100157,100,,,,,,,,,,,,,,,,,,,,,,,,,,,,,,,,,,,,,,
2019-06-28 09:30:00.000000001,99989,100,,,100157,100,,,,,,,,,,,,,,,,,,,,,,,,,,,,,,,,,,
2019-06-28 09:30:00.000000004,99989,100,,,100157,100,,,100201,100,,,,,,,,,,,,,,,,,,,,,,,,,,,,,,
2019-06-28 09:30:00.000000008,99989,100,,,100053,100,,,100157,100,,,100201,100,,,,,,,,,,,,,,,,,,,,,,,,,,
2019-06-28 09:30:00.000000012,99989,100,99982,100,100053,100,,,100157,100,,,100201,100,,,,,,,,,,,,,,,,,,,,,,,,,,
2019-06-28 09:30:00.000000013,99989,100,99982,100,100053,100,,,100062,100,,,100157,100,,,100201,100,,,,,,,,,,,,,,,,,,,,,,
2019-06-28 09:30:00.000000014,99989,100,99982,100,100053,100,,,100062,100,,,100089,100,,,100157,100,,,100201,100,,,,,,,,,,,,,,,,,,
2019-06-28 09:30:00.000000016,100053,100,99982,100,100062,100,,,100089,100,,,100157,100,,,100201,100,,,,,,,,,,,,,,,,,,,,,,
2019-06-28 09:30:00.000000019,100053,100,99982,100,100062,100,,,100089,100,,,100111,100,,,100157,100,,,100201,100,,,,,,,,,,,,,,,,,,
2019-06-28 09:30:00.000000022,100053,100,99982,100,100062,100,,,100089,100,,,100111,100,,,100125,100,,,100147,100,,,100157,100,,,100201,100,,,,,,,,,,
2019-06-28 09:30:00.000000023,100043,100,99982,100,100053,100,99955,100,100062,100,,,100089,100,,,100111,100,,,100125,100,,,100147,100,,,100157,100,,,100201,100,,,,,,
2019-06-28 09:30:00.000000024,100043,100,99982,100,100053,100,99955,100,100062,100,99942,100,100089,100,99826,100,100111,100,,,100125,100,,,100147,100,,,100157,100,,,100201,100,,,,,,
2019-06-28 09:30:00.000000025,100043,100,99982,100,100053,100,99955,100,100062,100,99942,100,100089,100,99914,100,100111,100,99826,100,100125,100,,,100147,100,,,100157,100,,,100201,100,,,,,,
2019-06-28 09:30:00.000000027,100043,100,99996,100,100053,100,99982,100,100062,100,99955,100,100089,100,99948,100,100111,100,99942,100,100125,100,99914,100,100134,100,99826,100,100147,100,,,100157,100,,,100201,100,,
2019-06-28 09:30:00.000000031,100043,100,100005,100,100053,100,99996,100,100062,100,99982,100,100089,100,99955,100,100111,100,99948,100,100125,100,99942,200,100134,100,99914,100,100147,100,99826,100,100157,100,,,100201,100,,
2019-06-28 09:30:00.000000032,100043,100,100002,100,100053,100,99996,100,100062,100,99982,100,100089,100,99955,100,100111,100,99948,100,100125,100,99942,200,100134,100,99914,100,100147,100,99826,100,100157,100,,,100201,100,,
2019-06-28 09:30:00.000000033,100043,100,100002,100,100053,100,99996,100,100062,100,99982,100,100072,100,99955,100,100089,100,99948,100,100111,100,99942,200,100125,100,99914,100,100134,100,99826,100,100147,100,,,100157,100,,
2019-06-28 09:30:00.000000034,100043,100,100002,100,100053,100,99996,100,100062,100,99982,100,100072,100,99973,100,100089,100,99955,100,100111,100,99948,100,100125,100,99942,300,100134,100,99914,100,100147,100,99826,100,100157,100,,
2019-06-28 09:30:00.000000038,100043,100,100002,100,100053,100,99996,100,100062,100,99982,100,100072,100,99973,100,100089,100,99955,100,100104,100,99948,100,100111,100,99942,300,100125,100,99914,100,100134,100,99826,100,100147,100,,
2019-06-28 09:30:00.000000039,100043,100,100002,100,100053,100,99996,100,100062,100,99982,100,100072,100,99973,100,100089,100,99971,100,100104,100,99955,100,100111,100,99948,100,100125,100,99942,300,100130,100,99914,100,100134,100,99826,100
2019-06-28 09:30:00.000000040,100043,100,100002,100,100053,100,99996,100,100062,100,99982,100,100072,100,99973,100,100089,100,99971,100,100096,100,99955,100,100104,100,99948,100,100111,100,99942,300,100125,100,99914,100,100130,100,99826,100
2019-06-28 09:30:00.000000041,100043,100,100002,100,100053,100,99996,100,100062,100,99982,100,100072,100,99973,100,100089,100,99971,100,100096,100,99962,100,100104,100,99955,100,100111,100,99948,100,100125,100,99942,300,100130,100,99914,100
2019-06-28 09:30:00.000000047,100043,100,100003,100,100053,100,100002,100,100062,100,99996,100,100072,100,99982,100,100089,100,99973,100,100096,100,99971,100,100104,100,99962,100,100111,100,99955,100,100125,100,99948,100,100130,100,99942,300
2019-06-28 09:30:00.000000048,100005,100,100003,100,100043,100,100002,100,100053,100,99996,100,100062,100,99982,100,100072,100,99973,100,100089,100,99971,100,100096,100,99962,100,100104,100,99955,100,100111,100,99948,100,100123,100,99942,300
2019-06-28 09:30:00.000000049,100043,100,100003,100,100053,100,100002,100,100062,100,99996,100,100072,100,99982,100,100089,100,99973,100,100096,100,99971,100,100104,100,99962,100,100111,100,99955,100,100123,100,99948,100,100125,100,99942,300
2019-06-28 09:30:00.000000050,100053,100,100003,100,100062,100,100002,100,100072,100,99996,100,100089,100,99982,100,100096,100,99973,100,100104,100,99971,100,100111,100,99962,100,100123,100,99955,100,100125,100,99948,100,100130,100,99942,300
2019-06-28 09:30:00.000000054,100053,100,100003,100,100062,100,100002,100,100072,100,99996,100,100089,100,99982,100,100096,100,99973,100,100104,100,99971,100,100111,100,99962,100,100123,100,99955,100,100125,100,99948,100,100130,100,99942,300
2019-06-28 09:30:00.000000056,100053,100,100003,100,100062,100,100002,100,100065,100,99996,100,100072,100,99982,100,100089,100,99973,100,100096,100,99971,100,100104,100,99962,100,100111,100,99955,100,100123,100,99948,100,100125,100,99942,300
2019-06-28 09:30:00.000000061,100043,100,100003,100,100053,100,100002,100,100062,100,99996,100,100065,100,99982,100,100072,100,99973,100,100089,100,99971,100,100096,100,99962,100,100104,100,99955,100,100111,100,99948,100,100123,100,99942,300
2019-06-28 09:30:00.000000062,100043,100,100002,100,100053,100,99996,100,100062,100,99982,100,100065,100,99973,100,100072,100,99971,100,100089,100,99962,100,100096,100,99955,100,100104,100,99948,100,100111,100,99942,300,100123,100,99914,100
2019-06-28 09:30:00.000000063,100042,100,100002,100,100043,100,99996,100,100053,100,99982,100,100062,100,99973,100,100065,100,99971,100,100072,100,99962,100,100089,100,99955,100,100096,100,99948,100,100104,100,99942,300,100105,100,99914,100
2019-06-28 09:30:00.000000064,100042,200,100002,100,100043,100,99996,100,100053,100,99982,100,100062,100,99973,100,100065,100,99971,100,100072,100,99962,100,100089,100,99955,100,100096,100,99948,100,100104,100,99942,300,100105,100,99914,100
2019-06-28 09:30:00.000000069,100042,300,100002,100,100043,100,99996,100,100053,100,99982,100,100062,100,99973,100,100065,100,99971,100,100072,100,99962,100,100089,100,99955,100,100096,100,99948,100,100104,100,99942,300,100105,100,99914,100
2019-06-28 09:30:00.000000072,100042,200,100002,100,100043,100,99996,100,100053,100,99982,100,100062,100,99973,100,100065,100,99971,100,100072,100,99962,100,100089,100,99955,100,100096,100,99948,100,100104,100,99942,300,100105,100,99914,100
2019-06-28 09:30:00.000000074,100042,200,100015,100,100043,100,100002,100,100053,100,99996,100,100062,100,99982,100,100065,100,99973,100,100072,100,99971,100,100089,100,99962,100,100096,100,99955,100,100104,100,99948,100,100105,100,99942,300
2019-06-28 09:30:00.000000076,100042,200,100015,100,100043,100,100002,100,100051,100,99996,100,100053,100,99982,100,100062,100,99973,100,100065,100,99971,100,100066,100,99962,100,100072,100,99955,100,100089,100,99948,100,100096,100,99942,300
2019-06-28 09:30:00.000000077,100042,200,100015,100,100043,100,100002,100,100051,100,99996,100,100053,100,99982,100,100062,100,99973,100,100065,100,99971,100,100066,100,99962,100,100072,100,99955,100,100089,100,99948,100,100091,100,99942,300
2019-06-28 09:30:00.000000078,100042,200,100015,100,100043,100,100002,100,100051,100,99996,100,100053,100,99982,100,100062,100,99973,100,100065,100,99971,100,100066,100,99962,100,100072,100,99955,100,100089,100,99948,100,100091,100,99942,300
2019-06-28 09:30:00.000000080,100042,200,100015,100,100043,100,100002,100,100051,100,99996,100,100053,100,99982,100,100062,100,99973,100,100065,100,99971,100,100066,100,99962,100,100072,100,99955,100,100089,100,99948,100,100091,100,99942,300
2019-06-28 09:30:00.000000081,100041,100,100015,100,100042,200,100002,100,100043,100,99996,100,100051,100,99982,100,100053,100,99973,100,100062,100,99971,100,100065,100,99962,100,100066,100,99955,100,100072,100,99948,100,100089,100,99942,300
2019-06-28 09:30:00.000000082,100041,100,100015,100,100042,200,100002,100,100043,100,99996,100,100051,100,99982,100,100053,100,99973,100,100062,100,99971,100,100065,100,99962,100,100066,100,99955,100,100072,100,99948,100,100089,100,99942,300
2019-06-28 09:30:00.000000084,100042,200,100015,100,100043,100,100002,100,100051,100,99996,100,100053,100,99982,100,100062,100,99973,100,100065,100,99971,100,100066,100,99962,100,100072,100,99955,100,100089,100,99948,100,100091,100,99942,300
2019-06-28 09:30:00.000000085,100042,300,100015,100,100043,100,100002,100,100051,100,99996,100,100053,100,99982,100,100062,100,99973,100,100065,100,99971,100,100066,100,99962,100,100072,100,99955,100,100089,100,99948,100,100091,100,99942,300
2019-06-28 09:30:00.000000086,100042,300,100015,100,100043,100,100002,100,100051,100,99996,100,100053,100,99982,100,100062,100,99973,100,100065,100,99971,100,100066,100,99962,100,100072,100,99955,100,100089,100,99948,100,100091,100,99942,300
2019-06-28 09:30:00.000000089,100042,300,100002,100,100043,100,99996,100,100051,100,99982,100,100053,100,99973,100,100062,100,99971,100,100065,100,99962,100,100066,100,99955,100,100072,100,99948,100,100089,100,99942,300,100091,100,99937,100
2019-06-28 09:30:00.000000091,100042,300,99996,100,100043,100,99982,100,100051,100,99973,100,100053,100,99971,100,100062,100,99962,100,100065,100,99955,100,100066,100,99948,100,100072,100,99942,300,100089,100,99937,100,100091,100,99931,100
2019-06-28 09:30:00.000000093,100042,300,100002,100,100043,100,99996,100,100051,100,99982,100,100053,100,99973,100,100062,100,99971,100,100065,100,99962,100,100066,200,99955,100,100072,100,99948,100,100089,100,99942,300,100091,100,99937,100
2019-06-28 09:30:00.000000095,100042,300,100002,100,100043,100,99996,100,100051,100,99982,100,100053,100,99973,100,100062,100,99971,100,100065,100,99962,100,100066,200,99955,100,100072,100,99948,100,100089,200,99942,300,100091,100,99937,100
2019-06-28 09:30:00.000000096,100042,200,100002,100,100043,100,99996,100,100051,100,99982,100,100053,100,99973,100,100062,100,99971,100,100065,100,99962,100,100066,200,99955,100,100072,100,99948,100,100089,200,99942,300,100091,100,99937,100
2019-06-28 09:30:00.000000099,100042,200,100002,100,100043,100,99996,100,100051,100,99982,100,100053,100,99973,100,100062,100,99971,100,100065,100,99962,100,100066,200,99955,100,100072,100,99948,100,100089,200,99942,300,100091,100,99937,100
2019-06-28 09:30:10.000000000,100042,415,100002,315,100043,315,99996,315,100051,100,99982,100,100053,100,99973,100,100062,100,99971,100,100065,100,99962,100,100066,200,99955,100,100072,100,99948,100,100089,200,99942,300,100091,100,99937,100
2019-06-28 09:30:20.000000000,100042,308,100002,208,100043,208,99996,208,100051,208,99982,208,100053,208,99973,208,100062,100,99971,100,100065,100,99962,100,100066,200,99955,100,100072,100,99948,100,100089,200,99942,300,100091,100,99937,100
2019-06-28 09:30:29.526520656,100042,308,100002,208,100043,208,99996,208,100051,208,99982,208,100053,208,99973,208,100062,100,99971,100,100065,100,99962,100,100066,200,99955,100,100072,100,99948,100,100089,200,99942,300,100091,100,99937,100
2019-06-28 09:30:30.000000000,100042,308,100002,208,100043,208,99996,208,100051,208,99982,208,100053,208,99973,208,100062,100,99971,100,100065,100,99962,100,100066,200,99955,100,100072,100,99948,100,100089,200,99942,300,100091,100,99937,100
2019-06-28 09:30:39.094824528,100042,308,100002,108,100043,208,99996,208,100051,208,99982,208,100053,208,99973,208,100062,100,99971,100,100065,100,99962,100,100066,100,99955,100,100072,100,99948,100,100089,200,99942,300,100091,100,99937,100
2019-06-28 09:30:40.000000000,100042,630,99996,530,100043,100,99982,100,100051,100,99973,100,100053,100,99971,100,100062,100,99962,100,100065,100,99955,100,100066,100,99948,100,100072,100,99942,300,100089,200,99937,100,100091,100,99931,100
2019-06-28 09:30:50.000000000,100042,630,99996,530,100043,100,99982,100,100051,100,99973,100,100053,100,99971,100,100062,100,99962,100,100065,100,99955,100,100066,100,99948,100,100072,100,99942,300,100089,200,99937,100,100091,100,99931,100
2019-06-28 09:31:00.000000000,100042,630,99996,530,100043,100,99982,100,100051,100,99973,100,100053,100,99971,100,100062,100,99962,100,100065,100,99955,100,100066,100,99948,100,100072,100,99942,300,100089,200,99937,100,100091,100,99931,100
2019-06-28 09:31:10.000000000,100042,415,99996,315,100043,315,99982,315,100051,100,99973,100,100053,100,99971,100,100062,100,99962,100,100065,100,99955,100,100066,100,99948,100,100072,100,99942,300,100089,200,99937,100,100091,100,99931,100
2019-06-28 09:31:15.553232161,100042,415,99996,315,100043,315,99982,315,100051,100,99973,100,100053,100,99971,100,100062,100,99962,100,100065,100,99955,100,100066,100,99948,100,100072,100,99942,300,100089,200,99937,100,100091,100,99931,100
2019-06-28 09:31:20.000000000,100042,286,99996,186,100043,186,99982,186,100051,186,99973,186,100053,186,99971,186,100062,186,99962,186,100065,100,99955,100,100066,100,99948,100,100072,100,99942,300,100089,200,99937,100,100091,100,99931,100
2019-06-28 09:31:30.000000000,100042,415,99996,315,100043,315,99982,315,100051,100,99973,100,100053,100,99971,100,100062,100,99962,100,100065,100,99955,100,100066,100,99948,100,100072,100,99942,300,100089,200,99937,100,100091,100,99931,100
2019-06-28 09:31:37.750232469,100042,315,99996,215,100043,315,99982,315,100051,100,99973,100,100053,100,99971,100,100062,100,99962,100,100065,100,99955,100,100066,100,99948,100,100072,100,99942,300,100089,200,99937,100,100091,100,99931,100
2019-06-28 09:31:38.093434898,100042,315,99996,215,100043,315,99982,315,100051,100,99973,100,100053,100,99971,100,100062,100,99962,100,100065,100,99955,100,100066,100,99948,100,100072,100,99942,300,100089,200,99937,100,100091,100,99931,100
2019-06-28 09:31:40.000000000,100042,246,99982,246,100043,242,99973,242,100051,242,99971,242,100053,100,99962,100,100062,100,99955,100,100065,100,99948,100,100066,100,99942,300,100072,100,99937,100,100089,200,99931,100,100091,100,99914,100
2019-06-28 09:31:46.698894687,100042,246,99982,146,100043,242,99973,242,100051,242,99971,242,100053,100,99955,100,100062,100,99948,100,100065,100,99942,300,100066,100,99937,100,100072,100,99931,100,100089,200,99914,100,100091,100,99909,100
2019-06-28 09:31:47.450953712,100042,246,99982,46,100043,242,99973,242,100051,242,99971,242,100053,100,99955,100,100062,100,99948,100,100065,100,99942,300,100066,100,99937,100,100072,100,99931,100,100089,200,99914,100,100091,100,99909,100
2019-06-28 09:31:50.000000000,100042,246,99973,246,100043,242,99971,242,100051,242,99955,242,100053,100,99948,100,100062,100,99942,300,100065,100,99937,100,100066,100,99931,100,100072,100,99914,100,100089,200,99909,100,100091,100,99908,100
2019-06-28 09:32:00.000000000,100042,315,99973,315,100043,315,99971,315,100051,100,99955,100,100053,100,99948,100,100062,100,99942,300,100065,100,99937,100,100066,100,99931,100,100072,100,99914,100,100089,200,99909,100,100091,100,99908,100
2019-06-28 09:32:10.000000000,100042,530,99973,530,100043,100,99971,100,100051,100,99955,100,100053,100,99948,100,100062,100,99942,300,100065,100,99937,100,100066,100,99931,100,100072,100,99914,100,100089,200,99909,100,100091,100,99908,100
2019-06-28 09:32:20.000000000,100042,246,99973,246,100043,242,99971,242,100051,242,99955,242,100053,100,99948,100,100062,100,99942,300,100065,100,99937,100,100066,100,99931,100,100072,100,99914,100,100089,200,99909,100,100091,100,99908,100
2019-06-28 09:32:22.244106903,100042,246,99973,146,100043,242,99971,242,100051,242,99955,242,100053,100,99948,100,100062,100,99942,300,100065,100,99937,100,100066,100,99931,100,100072,100,99914,100,100089,200,99909,100,100091,100,99908,100
2019-06-28 09:32:30.000000000,100042,530,99971,530,100043,100,99955,100,100051,100,99948,100,100053,100,99942,300,100062,100,99937,100,100065,100,99931,100,100066,100,99914,100,100072,100,99909,100,100089,200,99908,100,100091,100,99906,100
2019-06-28 09:32:39.479536246,100042,530,99971,430,100043,100,99955,100,100051,100,99948,100,100053,100,99942,300,100062,100,99937,100,100065,100,99931,100,100066,100,99914,100,100072,100,99908,100,100089,200,99906,100,100091,100,99826,100
2019-06-28 09:32:40.000000000,100042,208,99955,208,100043,208,99948,208,100051,208,99942,408,100053,208,99937,208,100062,100,99931,100,100065,100,99914,100,100066,100,99908,100,100072,100,99906,100,100089,200,99826,100,100091,100,99569,100
2019-06-28 09:32:41.148110754,99973,100,99955,108,100042,208,99948,208,100043,208,99942,408,100051,208,99937,208,100053,208,99931,100,100062,100,99914,100,100065,100,99908,100,100066,100,99906,100,100072,100,99826,100,100089,200,99569,100
2019-06-28 09:32:50.000000000,99973,315,99948,315,100042,315,99942,515,100043,100,99937,100,100051,100,99931,100,100053,100,99914,100,100062,100,99908,100,100065,100,99906,100,100066,100,99826,100,100072,100,99569,100,100089,200,,
2019-06-28 09:33:00.000000000,99973,315,99948,315,100042,315,99942,515,100043,100,99937,100,100051,100,99931,100,100053,100,99914,100,100062,100,99908,100,100065,100,99906,100,100066,100,99826,100,100072,100,99569,100,100089,200,,
2019-06-28 09:33:03.788043966,99973,415,99948,315,100042,315,99942,515,100043,100,99937,100,100051,100,99931,100,100053,100,99914,100,100062,100,99908,100,100065,100,99906,100,100066,100,99826,100,100072,100,99569,100,100089,200,,
2019-06-28 09:33:06.303665134,99973,415,99948,315,100042,315,99942,515,100043,100,99937,100,100051,100,99931,100,100053,100,99914,100,100062,100,99908,100,100065,100,99906,100,100066,100,99826,100,100072,100,99571,100,100089,200,99569,100
2019-06-28 09:33:06.822880294,99973,415,99948,315,100042,315,99942,515,100043,100,99937,100,100051,100,99931,100,100053,100,99914,100,100062,100,99908,100,100065,100,99906,100,100066,100,99826,100,100072,100,99571,100,100089,200,99569,100
2019-06-28 09:33:10.000000000,99973,286,99948,186,100042,186,99942,386,100043,186,99937,186,100051,186,99931,186,100053,186,99914,186,100062,100,99908,100,100065,100,99906,100,100066,100,99826,100,100072,100,99571,100,100089,200,99569,100
2019-06-28 09:33:10.842129840,99973,286,99948,186,100042,186,99942,386,100043,186,99937,186,100051,186,99931,186,100053,186,99914,186,100062,100,99908,100,100065,100,99906,100,100066,100,99826,200,100072,100,99571,100,100089,200,99569,100
2019-06-28 09:33:20.000000000,99973,415,99948,315,100042,315,99942,515,100043,100,99937,100,100051,100,99931,100,100053,100,99914,100,100062,100,99908,100,100065,100,99906,100,100066,100,99826,200,100072,100,99571,100,100089,200,99569,100
2019-06-28 09:33:30.000000000,99973,415,99948,315,100042,315,99942,515,100043,100,99937,100,100051,100,99931,100,100053,100,99914,100,100062,100,99908,100,100065,100,99906,100,100066,100,99826,200,100072,100,99571,100,100089,200,99569,100
2019-06-28 09:33:40.000000000,99973,346,99948,246,100042,242,99942,442,100043,242,99937,242,100051,100,99931,100,100053,100,99914,100,100062,100,99908,100,100065,100,99906,100,100066,100,99826,200,100072,100,99571,100,100089,200,99569,100
2019-06-28 09:33:42.535482159,99973,346,99948,246,100042,242,99942,442,100043,242,99937,242,100051,100,99931,100,100053,100,99914,100,100062,100,99908,100,100065,100,99906,100,100066,100,99826,200,100072,100,99747,100,100089,200,99569,100
2019-06-28 09:33:50.000000000,99973,630,99948,530,100042,100,99942,300,100043,100,99937,100,100051,100,99931,100,100053,100,99914,100,100062,100,99908,100,100065,100,99906,100,100066,100,99826,200,100072,100,99747,100,100089,200,99569,100
2019-06-28 09:33:54.424514036,99973,530,99948,530,100042,100,99942,300,100043,100,99937,100,100051,100,99931,100,100053,100,99914,100,100062,100,99908,100,100065,100,99906,100,100066,100,99826,200,100072,100,99747,100,100089,200,99569,100
2019-06-28 09:33:56.936613379,99973,530,99948,530,100042,100,99942,300,100043,100,99937,100,100051,100,99931,100,100053,100,99914,100,100062,100,99908,100,100065,100,99906,100,100066,100,99826,200,100072,100,99747,100,100089,200,99569,100
2019-06-28 09:34:00.000000000,99973,208,99948,208,100042,208,99942,408,100043,208,99937,208,100051,208,99931,208,100053,100,99914,100,100062,100,99908,100,100065,100,99906,100,100066,100,99826,200,100072,100,99747,100,100089,200,99569,100
2019-06-28 09:34:00.722871664,99973,208,99948,208,100042,208,99942,408,100043,208,99937,208,100051,208,99931,208,100053,100,99914,100,100062,100,99908,100,100065,100,99906,100,100066,100,99826,200,100072,100,99747,100,100089,200,99569,100
2019-06-28 09:34:06.333445760,99973,208,99948,208,100040,100,99942,408,100042,208,99937,208,100043,208,99931,208,100051,208,99914,100,100053,100,99908,100,100062,100,99906,100,100065,100,99826,200,100066,100,99569,100,100072,100,99483,100
2019-06-28 09:34:10.000000000,99973,208,99948,208,100040,208,99942,408,100042,208,99937,208,100043,208,99931,208,100051,100,99914,100,100053,100,99908,100,100062,100,99906,100,100065,100,99826,200,100066,100,99569,100,100072,100,99483,100
2019-06-28 09:34:10.107504682,99973,108,99948,208,100040,208,99942,408,100042,208,99937,208,100043,208,99931,208,100051,100,99914,100,100053,100,99908,100,100062,100,99906,100,100065,100,99826,200,100066,100,99569,100,100072,100,99483,100
2019-06-28 09:34:12.889260477,99973,108,99948,208,100040,208,99942,408,100042,208,99937,208,100043,208,99931,208,100051,100,99914,100,100053,100,99908,100,100062,100,99906,100,100065,100,99838,100,100066,100,99826,200,100072,100,99569,100
2019-06-28 09:34:20.000000000,100040,315,99948,315,100042,315,99942,515,100043,100,99937,100,100051,100,99931,100,100053,100,99914,100,100062,100,99908,100,100065,100,99906,100,100066,100,99838,100,100072,100,99826,200,100089,200,99569,100
2019-06-28 09:34:30.000000000,100040,315,99948,315,100042,315,99942,515,100043,100,99937,100,100051,100,99931,100,100053,100,99914,100,100062,100,99908,100,100065,100,99906,100,100066,100,99838,100,100072,100,99826,200,100089,200,99569,100
2019-06-28 09:34:39.826441647,100040,315,99948,215,100042,315,99942,515,100043,100,99937,100,100051,100,99931,100,100053,100,99914,100,100062,100,99908,100,100065,100,99906,100,100066,100,99838,100,100072,100,99826,200,100089,200,99569,100
2019-06-28 09:34:40.000000000,100040,530,99942,730,100042,100,99937,100,100043,100,99931,100,100051,100,99914,100,100053,100,99908,100,100062,100,99906,100,100065,100,99838,100,100066,100,99826,200,100072,100,99569,100,100089,200,99483,100
2019-06-28 09:34:47.251058413,100040,530,99942,630,100042,100,99937,100,100043,100,99931,100,100051,100,99914,100,100053,100,99908,100,100062,100,99906,100,100065,100,99838,100,100066,100,99826,200,100072,100,99569,100,100089,200,99483,100
2019-06-28 09:34:50.000000000,100040,315,99942,415,100042,315,99937,315,100043,100,99931,100,100051,100,99914,100,100053,100,99908,100,100062,100,99906,100,100065,100,99838,100,100066,100,99826,200,100072,100,99569,100,100089,200,99483,100
2019-06-28 09:35:00.000000000,100040,315,99942,415,100042,315,99937,315,100043,100,99931,100,100051,100,99914,100,100053,100,99908,100,100062,100,99906,100,100065,100,99838,100,100066,100,99826,200,100072,100,99569,100,100089,200,99483,100
2019-06-28 09:35:06.135837754,100040,215,99942,415,100042,315,99937,315,100043,100,99931,100,100051,100,99914,100,100053,100,99908,100,100062,100,99906,100,100065,100,99838,100,100066,100,99826,200,100072,100,99569,100,100089,200,99483,100
2019-06-28 09:35:10.000000000,100042,530,99942,630,100043,100,99937,100,100051,100,99931,100,100053,100,99914,100,100062,100,99908,100,100065,100,99906,100,100066,100,99838,100,100072,100,99826,200,100089,200,99569,100,100091,100,99483,100
2019-06-28 09:35:20.000000000,100042,186,99942,286,100043,186,99937,186,100051,186,99931,186,100053,186,99914,186,100062,186,99908,186,100065,100,99906,100,100066,100,99838,100,100072,100,99826,200,100089,200,99569,100,100091,100,99483,100
2019-06-28 09:35:23.514483625,100042,186,99942,186,100043,186,99937,186,100051,186,99931,186,100053,186,99914,186,100062,186,99908,186,100065,100,99906,100,100066,100,99838,100,100089,200,99826,200,100091,100,99569,100,100097,100,99483,100
2019-06-28 09:35:24.079157958,100042,186,99942,186,100043,186,99937,186,100051,186,99931,186,100053,186,99914,186,100062,186,99908,186,100066,100,99906,100,100089,200,99857,100,100091,100,99838,100,100097,100,99826,200,100100,100,99569,100
2019-06-28 09:35:30.000000000,100042,315,99942,315,100043,315,99937,315,100051,100,99931,100,100053,100,99914,100,100062,100,99908,100,100066,100,99906,100,100089,200,99857,100,100091,100,99838,100,100097,100,99826,200,100100,100,99569,100
2019-06-28 09:35:38.361453415,100042,315,99942,215,100043,315,99937,315,100051,100,99931,100,100053,100,99914,100,100062,100,99908,100,100066,100,99906,100,100089,200,99857,100,100091,100,99838,100,100097,100,99826,200,100100,100,99569,100
2019-06-28 09:35:40.000000000,100042,186,99937,186,100043,186,99931,186,100051,186,99914,186,100053,186,99908,186,100062,186,99906,186,100066,100,99857,100,100089,200,99838,100,100091,100,99826,200,100097,100,99569,100,100100,100,99483,100
2019-06-28 09:35:41.296576362,100042,186,99948,100,100043,186,99937,186,100051,186,99931,186,100053,186,99914,186,100062,186,99908,186,100066,100,99906,186,100089,200,99857,100,100091,100,99838,100,100097,100,99826,200,100100,100,99569,100
2019-06-28 09:35:50.000000000,100042,208,99948,208,100043,208,99937,208,100051,208,99931,208,100053,208,99914,208,100062,100,99908,100,100066,100,99906,100,100089,200,99857,100,100091,100,99838,100,100097,100,99826,200,100100,100,99569,100
2019-06-28 09:36:00.000000000,100042,315,99948,315,100043,315,99937,315,100051,100,99931,100,100053,100,99914,100,100062,100,99908,100,100066,100,99906,100,100089,200,99857,100,100091,100,99838,100,100097,100,99826,200,100100,100,99569,100
2019-06-28 09:36:01.840018511,100042,315,99948,315,100043,315,99943,100,100051,100,99937,315,100053,100,99931,100,100062,100,99914,100,100066,100,99908,100,100089,200,99906,100,100091,100,99857,100,100097,100,99838,100,100100,100,99826,200
2019-06-28 09:36:01.900434295,100042,315,99978,100,100043,315,99948,315,100051,100,99943,100,100053,100,99937,315,100062,100,99931,100,100066,100,99914,100,100089,200,99908,100,100091,100,99906,100,100097,100,99857,100,100100,100,99838,100
2019-06-28 09:36:10.000000000,100042,246,99978,246,100043,242,99948,242,100051,242,99943,242,100053,100,99937,100,100062,100,99931,100,100066,100,99914,100,100089,200,99908,100,100091,100,99906,100,100097,100,99857,100,100100,100,99838,100
2019-06-28 09:36:18.494973343,100042,246,99978,146,100043,242,99948,242,100051,242,99943,242,100053,100,99937,100,100062,100,99931,100,100066,100,99914,100,100089,200,99908,100,100091,100,99906,100,100097,100,99857,100,100100,100,99838,100
2019-06-28 09:36:20.000000000,100042,315,99948,315,100043,315,99943,315,100051,100,99937,100,100053,100,99931,100,100062,100,99914,100,100066,100,99908,100,100089,200,99906,100,100091,100,99857,100,100097,100,99838,100,100100,100,99826,200
2019-06-28 09:36:28.390831001,99978,100,99948,315,100042,315,99943,315,100043,315,99937,100,100051,100,99931,100,100053,100,99914,100,100062,100,99908,100,100066,100,99906,100,100089,200,99857,100,100091,100,99838,100,100097,100,99826,200
2019-06-28 09:36:30.000000000,99978,246,99948,246,100042,242,99943,242,100043,242,99937,242,100051,100,99931,100,100053,100,99914,100,100062,100,99908,100,100066,100,99906,100,100089,200,99857,100,100091,100,99838,100,100097,100,99826,200
2019-06-28 09:36:35.544964213,99978,246,99948,246,100042,242,99943,242,100043,242,99937,242,100051,100,99931,100,100053,100,99914,100,100062,100,99908,100,100066,100,99906,100,100089,200,99857,100,100091,100,99838,100,100097,100,99826,200
2019-06-28 09:36:40.000000000,99978,315,99948,315,100042,315,99943,315,100043,100,99937,100,100051,100,99931,100,100053,100,99914,100,100062,100,99908,100,100066,100,99906,100,100089,200,99857,100,100091,100,99838,100,100097,100,99826,200
2019-06-28 09:36:50.000000000,99978,186,99948,186,100042,186,99943,186,100043,186,99937,186,100051,186,99931,186,100053,186,99914,186,100062,100,99908,100,100066,100,99906,100,100089,200,99857,100,100091,100,99838,100,100097,100,99826,200
2019-06-28 09:36:52.818007718,99978,186,99948,186,100042,186,99943,186,100043,186,99937,186,100051,186,99931,186,100053,186,99914,186,100062,100,99908,100,100066,100,99906,100,100089,100,99857,100,100091,100,99838,100,100097,100,99826,200
2019-06-28 09:37:00.000000000,99978,208,99948,208,100042,208,99943,208,100043,208,99937,208,100051,208,99931,208,100053,100,99914,100,100062,100,99908,100,100066,100,99906,100,100089,100,99857,100,100091,100,99838,100,100097,100,99826,200
2019-06-28 09:37:07.059604870,99978,308,99948,208,100042,208,99943,208,100043,208,99937,208,100051,208,99931,208,100053,100,99914,100,100062,100,99908,100,100066,100,99906,100,100089,100,99857,100,100091,100,99838,100,100097,100,99826,200
2019-06-28 09:37:10.000000000,99978,308,99948,208,100042,208,99943,208,100043,208,99937,208,100051,208,99931,208,100053,100,99914,100,100062,100,99908,100,100066,100,99906,100,100089,100,99857,100,100091,100,99838,100,100097,100,99826,200
2019-06-28 09:37:17.239516813,99978,408,99948,208,100042,208,99943,208,100043,208,99937,208,100051,208,99931,208,100053,100,99914,100,100062,100,99908,100,100066,100,99906,100,100089,100,99857,100,100091,100,99838,100,100097,100,99826,200
2019-06-28 09:37:20.000000000,99978,408,99948,208,100042,208,99943,208,100043,208,99937,208,100051,208,99931,208,100053,100,99914,100,100062,100,99908,100,100066,100,99906,100,100089,100,99857,100,100091,100,99838,100,100097,100,99826,200
2019-06-28 09:37:30.000000000,99978,446,99948,246,100042,242,99943,242,100043,242,99937,242,100051,100,99931,100,100053,100,99914,100,100062,100,99908,100,100066,100,99906,100,100089,100,99857,100,100091,100,99838,100,100097,100,99826,200
2019-06-28 09:37:31.011331580,99978,446,99948,146,100042,242,99943,242,100043,242,99937,242,100051,100,99931,100,100053,100,99914,100,100062,100,99908,100,100066,100,99906,100,100089,100,99857,100,100091,100,99838,100,100097,100,99826,200
2019-06-28 09:37:37.984102751,99978,446,99948,46,100042,242,99943,242,100043,242,99937,242,100051,100,99931,100,100053,100,99914,100,100062,100,99908,100,100066,100,99906,100,100089,100,99857,100,100091,100,99838,100,100097,100,99826,200
2019-06-28 09:37:40.000000000,99978,515,99943,315,100042,315,99937,315,100043,100,99931,100,100051,100,99914,100,100053,100,99908,100,100062,100,99906,100,100066,100,99857,100,100089,100,99838,100,100091,100,99826,200,100097,100,99569,100
2019-06-28 09:37:50.000000000,99978,730,99943,530,100042,100,99937,100,100043,100,99931,100,100051,100,99914,100,100053,100,99908,100,100062,100,99906,100,100066,100,99857,100,100089,100,99838,100,100091,100,99826,200,100097,100,99569,100
2019-06-28 09:37:53.593808911,99978,730,99943,530,100042,100,99937,100,100043,100,99931,100,100051,100,99914,100,100053,100,99908,100,100062,100,99906,100,100066,100,99857,100,100089,100,99838,100,100091,100,99826,200,100100,100,99765,100
2019-06-28 09:38:00.000000000,99978,730,99943,530,100042,100,99937,100,100043,100,99931,100,100051,100,99914,100,100053,100,99908,100,100062,100,99906,100,100066,100,99857,100,100089,100,99838,100,100091,100,99826,200,100100,100,99765,100
2019-06-28 09:38:06.884786557,99978,730,99943,430,100042,100,99937,100,100043,100,99931,100,100051,100,99914,100,100053,100,99908,100,100062,100,99906,100,100066,100,99857,100,100089,100,99838,100,100091,100,99826,200,100100,100,99765,100
2019-06-28 09:38:10.000000000,99978,515,99937,315,100042,315,99931,315,100043,100,99914,100,100051,100,99908,100,100053,100,99906,100,100062,100,99857,100,100066,100,99838,100,100089,100,99826,200,100091,100,99765,100,100100,100,99569,100
2019-06-28 09:38:20.000000000,99978,515,99937,315,100042,315,99931,315,100043,100,99914,100,100051,100,99908,100,100053,100,99906,100,100062,100,99857,100,100066,100,99838,100,100089,100,99826,200,100091,100,99765,100,100100,100,99569,100
2019-06-28 09:38:27.937241021,99948,100,99937,315,99978,515,99931,315,100042,315,99914,100,100043,100,99908,100,100051,100,99906,100,100053,100,99857,100,100062,100,99838,100,100066,100,99826,200,100089,100,99765,100,100091,100,99569,100
2019-06-28 09:38:30.000000000,99948,530,99937,530,99978,300,99931,100,100042,100,99914,100,100043,100,99908,100,100051,100,99906,100,100053,100,99857,100,100062,100,99838,100,100066,100,99826,200,100089,100,99765,100,100091,100,99569,100
2019-06-28 09:38:33.549729289,99948,430,99937,530,99978,300,99931,100,100042,100,99914,100,100043,100,99906,100,100051,100,99857,100,100053,100,99838,100,100062,100,99826,200,100066,100,99765,100,100089,100,99569,100,100091,100,99167,100
2019-06-28 09:38:38.890282059,99948,330,99937,530,99978,300,99931,100,100042,100,99914,100,100043,100,99906,100,100051,100,99857,100,100053,100,99838,100,100062,100,99826,200,100066,100,99765,100,100089,100,99569,100,100091,100,99167,100
2019-06-28 09:38:40.000000000,99978,730,99937,530,100042,100,99931,100,100043,100,99914,100,100051,100,99906,100,100053,100,99857,100,100062,100,99838,100,100066,100,99826,200,100089,100,99765,100,100091,100,99569,100,100100,100,99167,100
2019-06-28 09:38:50.000000000,99978,730,99937,530,100042,100,99931,100,100043,100,99914,100,100051,100,99906,100,100053,100,99857,100,100062,100,99838,100,100066,100,99826,200,100089,100,99765,100,100091,100,99569,100,100100,100,99167,100
2019-06-28 09:39:00.000000000,99978,446,99937,246,100042,242,99931,242,100043,242,99914,242,100051,100,99906,100,100053,100,99857,100,100062,100,99838,100,100066,100,99826,200,100089,100,99765,100,100091,100,99569,100,100100,100,99167,100
2019-06-28 09:39:00.680164269,99978,446,99937,246,100042,242,99931,242,100043,242,99914,242,100051,100,99906,100,100053,100,99857,100,100062,100,99838,100,100066,100,99826,200,100089,100,99765,100,100091,100,99569,100,100100,100,99167,100
2019-06-28 09:39:10.000000000,99978,408,99937,208,100042,208,99931,208,100043,208,99914,208,100051,208,99906,208,100053,100,99857,100,100062,100,99838,100,100066,100,99826,200,100089,100,99765,100,100091,100,99569,100,100100,100,99167,100
2019-06-28 09:39:20.000000000,99978,446,99937,246,100042,242,99931,242,100043,242,99914,242,100051,100,99906,100,100053,100,99857,100,100062,100,99838,100,100066,100,99826,200,100089,100,99765,100,100091,100,99569,100,100100,100,99167,100
2019-06-28 09:39:30.000000000,99978,515,99937,315,100042,315,99931,315,100043,100,99914,100,100051,100,99906,100,100053,100,99857,100,100062,100,99838,100,100066,100,99826,200,100089,100,99765,100,100091,100,99569,100,100100,100,99167,100
2019-06-28 09:39:37.079612986,99978,515,99937,315,100042,315,99931,215,100043,100,99914,100,100051,100,99906,100,100053,100,99857,100,100062,100,99838,100,100066,100,99826,200,100089,100,99797,100,100091,100,99765,100,100100,100,99569,100
2019-06-28 09:39:40.000000000,99978,446,99937,246,100042,242,99914,242,100043,242,99906,242,100051,100,99857,100,100053,100,99838,100,100062,100,99826,200,100066,100,99797,100,100089,100,99765,100,100091,100,99569,100,100100,100,99167,100
2019-06-28 09:39:47.246791976,99978,346,99937,246,100042,242,99914,242,100043,242,99906,242,100051,100,99857,100,100053,100,99838,100,100062,100,99826,200,100066,100,99797,100,100089,100,99765,100,100091,100,99569,100,100100,100,99167,100
2019-06-28 09:39:50.000000000,99978,286,99937,186,100042,186,99914,186,100043,186,99906,186,100051,186,99857,186,100053,186,99838,186,100062,100,99826,200,100066,100,99797,100,100089,100,99765,100,100091,100,99569,100,100100,100,99167,100
2019-06-28 09:39:57.327695840,99978,286,99937,86,100042,186,99914,186,100043,186,99906,186,100051,186,99857,186,100053,186,99838,186,100062,100,99826,200,100066,100,99797,100,100089,100,99765,100,100091,100,99569,100,100100,100,99167,100
2019-06-28 09:40:00.000000000,99978,415,99914,315,100042,315,99906,315,100043,100,99857,100,100051,100,99838,100,100053,100,99826,200,100062,100,99797,100,100066,100,99765,100,100089,100,99569,100,100091,100,99167,100,100100,100,,
2019-06-28 09:40:10.000000000,99978,346,99914,246,100042,242,99906,242,100043,242,99857,242,100051,100,99838,100,100053,100,99826,200,100062,100,99797,100,100066,100,99765,100,100089,100,99569,100,100091,100,99167,100,100100,100,,
2019-06-28 09:40:14.430850765,99978,346,99914,246,100042,242,99906,242,100043,242,99857,242,100051,100,99838,100,100053,100,99826,200,100062,100,99765,100,100066,100,99569,100,100089,100,99198,100,100091,100,99167,100,100100,100,,
2019-06-28 09:40:20.000000000,99978,346,99914,246,100042,242,99906,242,100043,242,99857,242,100051,100,99838,100,100053,100,99826,200,100062,100,99765,100,100066,100,99569,100,100089,100,99198,100,100091,100,99167,100,100100,100,,
2019-06-28 09:40:30.000000000,99978,630,99914,530,100042,100,99906,100,100043,100,99857,100,100051,100,99838,100,100053,100,99826,200,100062,100,99765,100,100066,100,99569,100,100089,100,99198,100,100091,100,99167,100,100100,100,,
2019-06-28 09:40:38.728705984,99978,630,99914,530,100042,100,99906,100,100043,100,99857,100,100051,100,99838,100,100053,100,99826,200,100062,100,99765,100,100066,100,99589,100,100089,100,99569,100,100091,100,99198,100,100100,100,99167,100
2019-06-28 09:40:40.000000000,99978,630,99914,530,100042,100,99906,100,100043,100,99857,100,100051,100,99838,100,100053,100,99826,200,100062,100,99765,100,100066,100,99589,100,100089,100,99569,100,100091,100,99198,100,100100,100,99167,100
2019-06-28 09:40:42.939676348,99948,100,99914,530,99978,630,99906,100,100042,100,99857,100,100043,100,99838,100,100051,100,99826,200,100053,100,99765,100,100062,100,99589,100,100066,100,99569,100,100089,100,99198,100,100091,100,99167,100
2019-06-28 09:40:47.271130921,99931,100,99914,530,99948,100,99906,100,99978,630,99857,100,100042,100,99838,100,100043,100,99826,200,100051,100,99765,100,100053,100,99589,100,100062,100,99569,100,100066,100,99198,100,100089,100,,
2019-06-28 09:40:50.000000000,99931,208,99914,208,99948,208,99906,208,99978,308,99857,208,100042,208,99838,208,100043,100,99826,200,100051,100,99765,100,100053,100,99589,100,100062,100,99569,100,100066,100,99198,100,100089,100,,
2019-06-28 09:40:50.503206175,99931,208,99914,208,99948,308,99906,208,99978,308,99857,208,100042,208,99838,208,100043,100,99826,200,100051,100,99765,100,100053,100,99589,100,100062,100,99569,100,100066,100,99198,100,100089,100,,
2019-06-28 09:41:00.000000000,99931,315,99914,315,99948,415,99906,315,99978,200,99857,100,100042,100,99838,100,100043,100,99826,200,100051,100,99765,100,100053,100,99589,100,100062,100,99569,100,100066,100,99198,100,100089,100,,
2019-06-28 09:41:10.000000000,99931,315,99914,315,99948,415,99906,315,99978,200,99857,100,100042,100,99838,100,100043,100,99826,200,100051,100,99765,100,100053,100,99589,100,100062,100,99569,100,100066,100,99198,100,100089,100,,
2019-06-28 09:41:20.000000000,99931,186,99914,186,99948,286,99906,186,99978,286,99857,186,100042,186,99838,186,100043,186,99826,286,100051,100,99765,100,100053,100,99589,100,100062,100,99569,100,100066,100,99198,100,100089,100,,
2019-06-28 09:41:26.623356768,99931,86,99914,86,99948,286,99906,186,99978,286,99857,186,100042,186,99838,186,100043,186,99826,286,100051,100,99765,100,100053,100,99589,100,100062,100,99569,100,100066,100,99198,100,100089,100,,
2019-06-28 09:41:30.000000000,99948,630,99906,530,99978,200,99857,100,100042,100,99838,100,100043,100,99826,200,100051,100,99765,100,100053,100,99589,100,100062,100,99569,100,100066,100,99198,100,100089,100,,,100091,100,,
2019-06-28 09:41:40.000000000,99948,630,99906,530,99978,200,99857,100,100042,100,99838,100,100043,100,99826,200,100051,100,99765,100,100053,100,99589,100,100062,100,99569,100,100066,100,99198,100,100089,100,,,100091,100,,
2019-06-28 09:41:46.784000965,99930,100,99906,530,99948,630,99857,100,99978,200,99838,100,100042,100,99826,200,100043,100,99765,100,100051,100,99589,100,100053,100,99569,100,100062,100,99198,100,100066,100,,,100089,100,,
2019-06-28 09:41:50.000000000,99930,186,99906,186,99948,286,99857,186,99978,286,99838,186,100042,186,99826,286,100043,186,99765,186,100051,100,99589,100,100053,100,99569,100,100062,100,99198,100,100066,100,,,100089,100,,
2019-06-28 09:42:00.000000000,99930,186,99906,186,99948,286,99857,186,99978,286,99838,186,100042,186,99826,286,100043,186,99765,186,100051,100,99589,100,100053,100,99569,100,100062,100,99198,100,100066,100,,,100089,100,,
2019-06-28 09:42:02.379960734,99930,186,99906,86,99948,286,99857,186,99978,286,99838,186,100042,186,99826,286,100043,186,99765,186,100051,100,99589,100,100053,100,99569,100,100062,100,99198,100,100066,100,,,100089,100,,
2019-06-28 09:42:08.928079485,99906,14,99857,186,99930,186,99838,186,99948,286,99826,286,99978,286,99765,186,100042,186,99589,100,100043,186,99569,100,100051,100,99198,100,100053,100,,,100062,100,,,100066,100,,
2019-06-28 09:42:10.000000000,99906,100,99857,186,99930,186,99838,186,99948,286,99826,286,99978,286,99765,186,100042,186,99589,186,100043,100,99569,100,100051,100,99198,100,100053,100,,,100062,100,,,100066,100,,
2019-06-28 09:42:13.385284990,99906,100,99857,186,99930,186,99838,186,99948,286,99826,286,99978,286,99765,186,100042,186,99589,186,100043,100,99569,100,100051,100,99198,100,100053,100,99184,100,100062,100,,,100066,100,,
2019-06-28 09:42:20.000000000,99906,229,99857,315,99930,315,99838,315,99948,200,99826,200,99978,200,99765,100,100042,100,99589,100,100043,100,99569,100,100051,100,99198,100,100053,100,99184,100,100062,100,,,100066,100,,
2019-06-28 09:42:24.769621115,99906,229,99857,315,99930,315,99838,315,99948,200,99826,200,99978,200,99765,100,100042,100,99589,100,100043,100,99569,100,100051,100,99198,100,100053,100,99184,100,100062,100,98951,100,100066,100,,
2019-06-28 09:42:30.000000000,99906,444,99857,530,99930,100,99838,100,99948,200,99826,200,99978,200,99765,100,100042,100,99589,100,100043,100,99569,100,100051,100,99198,100,100053,100,99184,100,100062,100,98951,100,100066,100,,
2019-06-28 09:42:40.000000000,99906,122,99857,208,99930,208,99838,208,99948,308,99826,308,99978,308,99765,208,100042,100,99589,100,100043,100,99569,100,100051,100,99198,100,100053,100,99184,100,100062,100,98951,100,100066,100,,
2019-06-28 09:42:50.000000000,99906,100,99857,186,99930,186,99838,186,99948,286,99826,286,99978,286,99765,186,100042,186,99589,186,100043,100,99569,100,100051,100,99198,100,100053,100,99184,100,100062,100,98951,100,100066,100,,
2019-06-28 09:43:00.000000000,99906,122,99857,208,99930,208,99838,208,99948,308,99826,308,99978,308,99765,208,100042,100,99589,100,100043,100,99569,100,100051,100,99198,100,100053,100,99184,100,100062,100,98951,100,100066,100,,
2019-06-28 09:43:07.537071439,99906,222,99857,208,99930,208,99838,208,99948,308,99826,308,99978,308,99765,208,100042,100,99589,100,100043,100,99569,100,100051,100,99198,100,100053,100,99184,100,100062,100,98951,100,100066,100,,
2019-06-28 09:43:10.000000000,99906,544,99857,530,99930,100,99838,100,99948,200,99826,200,99978,200,99765,100,100042,100,99589,100,100043,100,99569,100,100051,100,99198,100,100053,100,99184,100,100062,100,98951,100,100066,100,,
2019-06-28 09:43:17.910276521,99906,644,99857,530,99930,100,99838,100,99948,200,99826,200,99978,100,99765,100,100042,100,99589,100,100043,100,99569,100,100051,100,99198,100,100053,100,99184,100,100062,100,98951,100,100066,100,,
2019-06-28 09:43:20.000000000,99906,644,99857,530,99930,100,99838,100,99948,200,99826,200,99978,100,99765,100,100042,100,99589,100,100043,100,99569,100,100051,100,99198,100,100053,100,99184,100,100062,100,98951,100,100066,100,,
2019-06-28 09:43:26.565245554,99906,644,99857,530,99930,100,99838,100,99948,200,99826,100,99978,100,99765,100,100042,100,99589,100,100043,100,99569,100,100051,100,99359,100,100053,100,99198,100,100062,100,99184,100,100066,100,98951,100
2019-06-28 09:43:30.000000000,99906,644,99857,530,99930,100,99838,100,99948,200,99826,100,99978,100,99765,100,100042,100,99589,100,100043,100,99569,100,100051,100,99359,100,100053,100,99198,100,100062,100,99184,100,100066,100,98951,100
2019-06-28 09:43:40.000000000,99906,360,99857,246,99930,242,99838,242,99948,342,99826,242,99978,100,99765,100,100042,100,99589,100,100043,100,99569,100,100051,100,99359,100,100053,100,99198,100,100062,100,99184,100,100066,100,98951,100
2019-06-28 09:43:50.000000000,99906,360,99857,246,99930,242,99838,242,99948,342,99826,242,99978,100,99765,100,100042,100,99589,100,100043,100,99569,100,100051,100,99359,100,100053,100,99198,100,100062,100,99184,100,100066,100,98951,100
2019-06-28 09:44:00.000000000,99906,644,99857,530,99930,100,99838,100,99948,200,99826,100,99978,100,99765,100,100042,100,99589,100,100043,100,99569,100,100051,100,99359,100,100053,100,99198,100,100062,100,99184,100,100066,100,98951,100
2019-06-28 09:44:05.007959901,99906,644,99857,430,99930,100,99838,100,99948,200,99826,100,99978,100,99765,100,100042,100,99589,100,100043,100,99569,100,100051,100,99359,100,100053,100,99198,100,100062,100,99184,100,100066,100,98951,100
2019-06-28 09:44:10.000000000,99906,644,99838,530,99930,100,99826,100,99948,200,99765,100,99978,100,99589,100,100042,100,99569,100,100043,100,99359,100,100051,100,99198,100,100053,100,99184,100,100062,100,98951,100,100066,100,,
2019-06-28 09:44:16.832927839,99906,644,99838,330,99930,100,99826,100,99948,200,99765,100,99978,100,99589,100,100042,100,99569,100,100043,100,99359,100,100051,100,99198,100,100053,100,99184,100,100062,100,98951,100,100066,100,,
2019-06-28 09:44:20.000000000,99906,429,99826,315,99930,315,99765,315,99948,200,99589,100,99978,100,99569,100,100042,100,99359,100,100043,100,99198,100,100051,100,99184,100,100053,100,98951,100,100062,100,,,100066,100,,
2019-06-28 09:44:30.000000000,99906,360,99826,246,99930,242,99765,242,99948,342,99589,242,99978,100,99569,100,100042,100,99359,100,100043,100,99198,100,100051,100,99184,100,100053,100,98951,100,100062,100,,,100066,100,,
2019-06-28 09:44:40.000000000,99906,429,99826,315,99930,315,99765,315,99948,200,99589,100,99978,100,99569,100,100042,100,99359,100,100043,100,99198,100,100051,100,99184,100,100053,100,98951,100,100062,100,,,100066,100,,
2019-06-28 09:44:50.000000000,99906,360,99826,246,99930,242,99765,242,99948,342,99589,242,99978,100,99569,100,100042,100,99359,100,100043,100,99198,100,100051,100,99184,100,100053,100,98951,100,100062,100,,,100066,100,,
2019-06-28 09:44:55.383239687,99906,360,99826,146,99930,242,99765,242,99948,342,99589,242,99978,100,99569,100,100042,100,99359,100,100043,100,99198,100,100051,100,99184,100,100053,100,98951,100,100062,100,,,100066,100,,
2019-06-28 09:45:00.000000000,99906,360,99765,246,99930,242,99589,242,99948,342,99569,242,99978,100,99359,100,100042,100,99198,100,100043,100,99184,100,100051,100,98951,100,100053,100,,,100062,100,,,100066,100,,
2019-06-28 09:45:08.525968327,99906,360,99765,246,99930,242,99589,242,99948,342,99569,242,99978,100,99359,100,100042,100,99198,100,100043,100,99184,100,100051,100,98951,100,100053,100,98803,100,100062,100,,,100066,100,,
2019-06-28 09:45:10.000000000,99906,644,99765,530,99930,100,99589,100,99948,200,99569,100,99978,100,99359,100,100042,100,99198,100,100043,100,99184,100,100051,100,98951,100,100053,100,98803,100,100062,100,,,100066,100,,
2019-06-28 09:45:20.000000000,99906,644,99765,530,99930,100,99589,100,99948,200,99569,100,99978,100,99359,100,100042,100,99198,100,100043,100,99184,100,100051,100,98951,100,100053,100,98803,100,100062,100,,,100066,100,,
2019-06-28 09:45:23.159777738,99906,644,99765,530,99930,100,99589,100,99948,200,99569,100,99978,100,99359,100,100042,100,99198,100,100043,100,99184,100,100051,100,98951,100,100053,100,98803,100,100062,100,98680,100,100066,100,,
2019-06-28 09:45:30.000000000,99906,360,99765,246,99930,242,99589,242,99948,342,99569,242,99978,100,99359,100,100042,100,99198,100,100043,100,99184,100,100051,100,98951,100,100053,100,98803,100,100062,100,98680,100,100066,100,,
2019-06-28 09:45:31.810171823,99906,346,99765,246,99930,242,99589,242,99948,342,99569,242,99978,100,99359,100,100042,100,99198,100,100043,100,99184,100,100051,100,98951,100,100053,100,98803,100,100062,100,98680,100,100066,100,98594,100
2019-06-28 09:45:37.000175120,99838,100,99765,246,99906,346,99589,242,99930,242,99569,242,99948,342,99359,100,99978,100,99198,100,100042,100,99184,100,100043,100,98951,100,100051,100,98803,100,100053,100,98680,100,100062,100,98594,100
2019-06-28 09:45:40.000000000,99838,246,99765,246,99906,342,99589,242,99930,242,99569,242,99948,200,99359,100,99978,100,99198,100,100042,100,99184,100,100043,100,98951,100,100051,100,98803,100,100053,100,98680,100,100062,100,98594,100
2019-06-28 09:45:41.849073915,99838,346,99765,246,99906,342,99589,242,99930,242,99569,242,99948,200,99359,100,99978,100,99198,100,100042,100,99184,100,100043,100,98951,100,100051,100,98803,100,100053,100,98680,100,100062,100,98594,100
2019-06-28 09:45:44.829136198,99838,346,99765,246,99906,342,99589,242,99930,242,99569,242,99948,200,99359,100,99978,100,99198,100,100042,100,99184,100,100043,100,98951,100,100051,100,98803,100,100053,100,98757,100,100062,100,98680,100
2019-06-28 09:45:50.000000000,99838,346,99765,246,99906,342,99589,242,99930,242,99569,242,99948,200,99359,100,99978,100,99198,100,100042,100,99184,100,100043,100,98951,100,100051,100,98803,100,100053,100,98757,100,100062,100,98680,100
2019-06-28 09:45:59.516414955,99838,346,99765,246,99906,242,99589,242,99930,242,99569,242,99948,200,99359,100,99978,100,99198,100,100042,100,99184,100,100043,100,98951,100,100051,100,98803,100,100053,100,98757,100,100062,100,98680,100
2019-06-28 09:46:00.000000000,99838,415,99765,315,99906,315,99589,315,99930,100,99569,100,99948,200,99359,100,99978,100,99198,100,100042,100,99184,100,100043,100,98951,100,100051,100,98803,100,100053,100,98757,100,100062,100,98680,100
2019-06-28 09:46:05.646096403,99838,315,99765,315,99906,315,99589,315,99930,100,99569,100,99948,200,99359,100,99978,100,99198,100,100042,100,99184,100,100043,100,98951,100,100051,100,98803,100,100053,100,98757,100,100062,100,98680,100
2019-06-28 09:46:10.000000000,99838,315,99765,315,99906,315,99589,315,99930,100,99569,100,99948,200,99359,100,99978,100,99198,100,100042,100,99184,100,100043,100,98951,100,100051,100,98803,100,100053,100,98757,100,100062,100,98680,100
2019-06-28 09:46:20.000000000,99838,315,99765,315,99906,315,99589,315,99930,100,99569,100,99948,200,99359,100,99978,100,99198,100,100042,100,99184,100,100043,100,98951,100,100051,100,98803,100,100053,100,98757,100,100062,100,98680,100
2019-06-28 09:46:30.000000000,99838,186,99765,186,99906,186,99589,186,99930,186,99569,186,99948,286,99359,186,99978,186,99198,186,100042,100,99184,100,100043,100,98951,100,100051,100,98803,100,100053,100,98757,100,100062,100,98680,100
2019-06-28 09:46:37.474065462,99838,186,99765,186,99906,186,99589,186,99930,186,99569,186,99948,286,99359,186,99978,186,99198,186,100042,100,99184,100,100043,100,98951,100,100051,100,98930,100,100053,100,98803,100,100062,100,98757,100
2019-06-28 09:46:40.000000000,99838,186,99765,186,99906,186,99589,186,99930,186,99569,186,99948,286,99359,186,99978,186,99198,186,100042,100,99184,100,100043,100,98951,100,100051,100,98930,100,100053,100,98803,100,100062,100,98757,100
2019-06-28 09:46:41.653214163,99838,186,99765,86,99906,186,99589,186,99930,186,99569,86,99948,286,99359,186,99978,186,99198,186,100042,100,99184,100,100043,100,98951,100,100051,100,98930,100,100053,100,98803,100,100062,100,98757,100
2019-06-28 09:46:50.000000000,99838,315,99589,315,99906,315,99359,315,99930,100,99198,100,99948,200,99184,100,99978,100,98951,100,100042,100,98930,100,100043,100,98803,100,100051,100,98757,100,100053,100,98680,100,100062,100,98594,100
2019-06-28 09:47:00.000000000,99838,315,99589,315,99906,315,99359,315,99930,100,99198,100,99948,200,99184,100,99978,100,98951,100,100042,100,98930,100,100043,100,98803,100,100051,100,98757,100,100053,100,98680,100,100062,100,98594,100
2019-06-28 09:47:08.205025596,99838,315,99589,215,99906,315,99359,215,99930,100,99198,100,99948,200,99184,100,99978,100,98951,100,100042,100,98930,100,100043,100,98803,100,100051,100,98757,100,100053,100,98680,100,100062,100,98594,100
2019-06-28 09:47:08.462747177,99765,100,99589,215,99838,315,99359,215,99906,315,99198,100,99930,100,99184,100,99948,100,98951,100,99978,100,98930,100,100042,100,98803,100,100043,100,98757,100,100051,100,98680,100,100053,100,98594,100
2019-06-28 09:47:10.000000000,99765,246,99198,246,99838,242,99184,242,99906,242,98951,242,99930,100,98930,100,99948,100,98803,100,99978,100,98757,100,100042,100,98680,100,100043,100,98594,100,100051,100,,,100053,100,,
2019-06-28 09:47:15.754442756,99388,100,99198,246,99765,246,99184,242,99838,242,98951,242,99906,242,98930,100,99930,100,98803,100,99948,100,98757,100,99978,100,98680,100,100042,100,98594,100,100043,100,,,100051,100,,
2019-06-28 09:47:20.000000000,99388,246,99198,246,99765,242,99184,242,99838,242,98951,242,99906,100,98930,100,99930,100,98803,100,99948,100,98757,100,99978,100,98680,100,100042,100,98594,100,100043,100,,,100051,100,,
2019-06-28 09:47:26.576961301,99388,246,99198,246,99765,342,99184,242,99838,242,98951,242,99906,100,98930,100,99930,100,98803,100,99978,100,98757,100,100042,100,98680,100,100043,100,98594,100,100051,100,,,100053,100,,
2019-06-28 09:47:30.000000000,99388,530,99198,530,99765,200,99184,100,99838,100,98951,100,99906,100,98930,100,99930,100,98803,100,99978,100,98757,100,100042,100,98680,100,100043,100,98594,100,100051,100,,,100053,100,,
2019-06-28 09:47:40.000000000,99388,530,99198,530,99765,200,99184,100,99838,100,98951,100,99906,100,98930,100,99930,100,98803,100,99978,100,98757,100,100042,100,98680,100,100043,100,98594,100,100051,100,,,100053,100,,
2019-06-28 09:47:48.868264135,99388,530,99198,430,99765,200,99184,100,99838,100,98951,100,99906,100,98930,100,99930,100,98803,100,99978,100,98757,100,100042,100,98680,100,100043,100,98594,100,100051,100,,,100053,100,,
2019-06-28 09:47:50.000000000,99388,208,99184,208,99765,308,98951,208,99838,208,98930,208,99906,208,98803,208,99930,100,98757,100,99978,100,98680,100,100042,100,98594,100,100043,100,,,100051,100,,,100053,100,,
2019-06-28 09:48:00.000000000,99388,246,99184,246,99765,342,98951,242,99838,242,98930,242,99906,100,98803,100,99930,100,98757,100,99978,100,98680,100,100042,100,98594,100,100043,100,,,100051,100,,,100053,100,,
2019-06-28 09:48:06.162951587,99388,246,99199,100,99765,342,99184,246,99838,242,98951,242,99906,100,98930,242,99930,100,98803,100,99978,100,98757,100,100042,100,98680,100,100043,100,98594,100,100051,100,,,100053,100,,
2019-06-28 09:48:06.528225631,99388,246,99199,100,99408,100,99184,246,99765,342,98951,242,99838,242,98930,242,99906,100,98803,100,99930,100,98757,100,99978,100,98680,100,100042,100,98594,100,100043,100,,,100051,100,,
2019-06-28 09:48:10.000000000,99388,246,99199,246,99408,242,99184,242,99765,342,98951,242,99838,100,98930,100,99906,100,98803,100,99930,100,98757,100,99978,100,98680,100,100042,100,98594,100,100043,100,,,100051,100,,
2019-06-28 09:48:10.148404489,99388,246,99199,246,99408,242,99184,242,99549,100,98951,242,99765,342,98930,100,99838,100,98803,100,99906,100,98757,100,99930,100,98680,100,99978,100,98594,100,100042,100,,,100043,100,,
2019-06-28 09:48:17.251758731,99388,246,99253,100,99408,242,99199,246,99549,100,99184,242,99765,342,98951,242,99838,100,98930,100,99906,100,98803,100,99930,100,98757,100,99978,100,98680,100,100042,100,98594,100,100043,100,,
2019-06-28 09:48:20.000000000,99388,186,99253,186,99408,186,99199,186,99549,186,99184,186,99765,286,98951,186,99838,186,98930,186,99906,100,98803,100,99930,100,98757,100,99978,100,98680,100,100042,100,98594,100,100043,100,,
2019-06-28 09:48:30.000000000,99388,315,99253,315,99408,315,99199,315,99549,100,99184,100,99765,200,98951,100,99838,100,98930,100,99906,100,98803,100,99930,100,98757,100,99978,100,98680,100,100042,100,98594,100,100043,100,,
2019-06-28 09:48:38.782930937,99388,215,99253,315,99408,315,99199,315,99549,100,99184,100,99765,200,98951,100,99838,100,98930,100,99906,100,98803,100,99930,100,98757,100,99978,100,98680,100,100042,100,98594,100,100043,100,,
2019-06-28 09:48:39.459184586,99388,115,99253,315,99408,315,99199,315,99549,100,99184,100,99765,200,98951,100,99838,100,98930,100,99906,100,98803,100,99930,100,98757,100,99978,100,98680,100,100042,100,98594,100,100043,100,,
2019-06-28 09:48:40.000000000,99408,246,99253,246,99549,242,99199,242,99765,342,99184,242,99838,100,98951,100,99906,100,98930,100,99930,100,98803,100,99978,100,98757,100,100042,100,98680,100,100043,100,98594,100,100051,100,,
2019-06-28 09:48:50.000000000,99408,530,99253,530,99549,100,99199,100,99765,200,99184,100,99838,100,98951,100,99906,100,98930,100,99930,100,98803,100,99978,100,98757,100,100042,100,98680,100,100043,100,98594,100,100051,100,,
2019-06-28 09:49:00.000000000,99408,246,99253,246,99549,242,99199,242,99765,342,99184,242,99838,100,98951,100,99906,100,98930,100,99930,100,98803,100,99978,100,98757,100,100042,100,98680,100,100043,100,98594,100,100051,100,,
2019-06-28 09:49:10.000000000,99408,530,99253,530,99549,100,99199,100,99765,200,99184,100,99838,100,98951,100,99906,100,98930,100,99930,100,98803,100,99978,100,98757,100,100042,100,98680,100,100043,100,98594,100,100051,100,,
2019-06-28 09:49:12.666541627,99408,530,99369,100,99549,100,99253,530,99765,200,99199,100,99838,100,99184,100,99906,100,98951,100,99930,100,98930,100,99978,100,98803,100,100042,100,98757,100,100043,100,98680,100,100051,100,98594,100
2019-06-28 09:49:15.972323972,99408,530,99253,530,99549,100,99199,100,99654,100,99184,100,99765,200,98951,100,99838,100,98930,100,99906,100,98803,100,99930,100,98757,100,99978,100,98680,100,100042,100,98594,100,100043,100,,
2019-06-28 09:49:20.000000000,99408,246,99253,246,99549,242,99199,242,99654,242,99184,242,99765,200,98951,100,99838,100,98930,100,99906,100,98803,100,99930,100,98757,100,99978,100,98680,100,100042,100,98594,100,100043,100,,
2019-06-28 09:49:27.039554339,99280,100,99253,246,99408,246,99199,242,99549,242,99184,242,99654,242,98951,100,99765,200,98930,100,99838,100,98803,100,99906,100,98757,100,99930,100,98680,100,99978,100,98594,100,100042,100,,
2019-06-28 09:49:27.678343333,99280,100,99278,100,99408,246,99253,246,99549,242,99199,242,99654,242,99184,242,99765,200,98951,100,99838,100,98930,100,99906,100,98757,100,99930,100,98680,100,99978,100,98594,100,100042,100,,
2019-06-28 09:49:27.836124094,99280,100,99253,246,99408,246,99199,242,99549,242,99184,242,99654,242,98930,100,99765,200,98757,100,99838,100,98680,100,99906,100,98594,100,99930,100,,,99978,100,,,100042,100,,
2019-06-28 09:49:30.000000000,99280,246,99253,246,99408,242,99199,242,99549,242,99184,242,99654,100,98930,100,99765,200,98757,100,99838,100,98680,100,99906,100,98594,100,99930,100,,,99978,100,,,100042,100,,
2019-06-28 09:49:30.810734383,99280,246,99253,246,99369,100,99199,242,99408,242,99184,242,99549,242,98930,100,99654,100,98757,100,99765,200,98680,100,99838,100,98594,100,99906,100,,,99930,100,,,100042,100,,
2019-06-28 09:49:34.035686086,99280,246,99253,146,99369,100,99199,242,99408,242,99184,242,99549,242,98930,100,99654,100,98757,100,99765,200,98680,100,99838,100,98594,100,99906,100,,,99930,100,,,100042,100,,
2019-06-28 09:49:40.000000000,99280,315,99199,315,99369,315,99184,315,99408,100,98930,100,99549,100,98757,100,99654,100,98680,100,99765,200,98594,100,99838,100,,,99906,100,,,99930,100,,,100042,100,,
2019-06-28 09:49:42.894020356,99280,315,99254,100,99369,315,99199,215,99408,100,99184,315,99549,100,98930,100,99654,100,98757,100,99765,200,98680,100,99838,100,98594,100,99906,100,,,99930,100,,,100042,100,,
2019-06-28 09:49:50.000000000,99280,246,99254,246,99369,242,99184,242,99408,242,98930,242,99549,100,98757,100,99654,100,98680,100,99765,200,98594,100,99838,100,,,99906,100,,,99930,100,,,100042,100,,
2019-06-28 09:49:50.069890758,99280,246,99254,246,99369,242,99184,242,99408,242,99130,100,99549,100,98930,142,99654,100,98757,100,99765,200,98680,100,99838,100,98594,100,99906,100,,,99930,100,,,100042,100,,
2019-06-28 09:50:00.000000000,99280,315,99254,315,99369,315,99184,315,99408,100,99130,100,99549,100,98757,100,99654,100,98680,100,99765,200,98594,100,99838,100,,,99906,100,,,99930,100,,,100042,100,,
2019-06-28 09:50:02.272074157,99279,100,99254,215,99280,315,99184,315,99369,315,99130,100,99408,100,98757,100,99549,100,98680,100,99654,100,98594,100,99765,200,,,99838,100,,,99906,100,,,99930,100,,
2019-06-28 09:50:10.000000000,99279,315,99184,315,99280,315,99130,315,99369,100,98757,100,99408,100,98680,100,99549,100,98594,100,99654,100,,,99765,200,,,99838,100,,,99906,100,,,99930,100,,
2019-06-28 09:50:10.991023944,99279,315,99184,215,99280,315,99130,315,99369,100,98757,100,99408,100,98680,100,99549,100,98594,100,99654,100,,,99765,200,,,99838,100,,,99906,100,,,99930,100,,
2019-06-28 09:50:20.000000000,99279,186,99130,186,99280,186,98757,186,99369,186,98680,186,99408,186,98594,186,99549,186,98593,86,99654,100,,,99765,200,,,99838,100,,,99906,100,,,99930,100,,
2019-06-28 09:50:25.834815735,99279,186,99130,186,99280,186,98757,186,99369,186,98680,186,99408,186,98594,186,99549,86,98593,86,99607,100,,,99654,100,,,99765,200,,,99838,100,,,99906,100,,
2019-06-28 09:50:30.000000000,99279,246,99130,246,99280,242,98757,242,99369,242,98680,242,99408,100,98594,100,99607,100,,,99654,100,,,99765,200,,,99838,100,,,99906,100,,,99930,100,,
2019-06-28 09:50:35.176781125,99279,146,99130,246,99280,242,98757,242,99369,242,98680,242,99408,100,98594,100,99607,100,,,99654,100,,,99765,200,,,99838,100,,,99906,100,,,99930,100,,
2019-06-28 09:50:40.000000000,99280,186,99130,186,99369,186,98757,186,99408,186,98680,186,99607,186,98594,186,99654,186,98593,86,99765,200,,,99838,100,,,99906,100,,,99930,100,,,100042,100,,
2019-06-28 09:50:50.000000000,99280,246,99130,246,99369,242,98757,242,99408,242,98680,242,99607,100,98594,100,99654,100,,,99765,200,,,99838,100,,,99906,100,,,99930,100,,,100042,100,,
2019-06-28 09:50:54.596825227,99280,246,99130,246,99369,242,98995,100,99408,242,98757,242,99607,100,98680,242,99654,100,,,99765,200,,,99838,100,,,99906,100,,,99930,100,,,100042,100,,
2019-06-28 09:51:00.000000000,99280,208,99130,208,99369,208,98995,208,99408,208,98757,208,99607,208,98680,208,99654,100,,,99765,200,,,99838,100,,,99906,100,,,99930,100,,,100042,100,,
2019-06-28 09:51:10.000000000,99280,315,99130,315,99369,315,98995,315,99408,100,98757,100,99607,100,98680,100,99654,100,,,99765,200,,,99838,100,,,99906,100,,,99930,100,,,100042,100,,
2019-06-28 09:51:20.000000000,99280,530,99130,530,99369,100,98995,100,99408,100,98757,100,99607,100,98680,100,99654,100,,,99765,200,,,99838,100,,,99906,100,,,99930,100,,,100042,100,,
2019-06-28 09:51:30.000000000,99280,530,99130,530,99369,100,98995,100,99408,100,98757,100,99607,100,98680,100,99654,100,,,99765,200,,,99838,100,,,99906,100,,,99930,100,,,100042,100,,
2019-06-28 09:51:40.000000000,99280,186,99130,186,99369,186,98995,186,99408,186,98757,186,99607,186,98680,186,99654,186,98679,86,99765,200,,,99838,100,,,99906,100,,,99930,100,,,100042,100,,
2019-06-28 09:51:50.000000000,99280,186,99130,186,99369,186,98995,186,99408,186,98757,186,99607,186,98680,186,99654,186,98679,86,99765,200,,,99838,100,,,99906,100,,,99930,100,,,100042,100,,
2019-06-28 09:51:53.902485838,99280,186,99130,186,99369,186,98995,186,99408,186,98757,186,99602,100,98680,186,99607,186,98679,86,99654,186,,,99765,200,,,99838,100,,,99906,100,,,99930,100,,
2019-06-28 09:51:58.007373451,99280,186,99130,186,99369,186,98995,186,99408,186,98757,186,99444,100,98680,186,99602,100,98679,86,99607,186,,,99654,186,,,99765,200,,,99838,100,,,99906,100,,
2019-06-28 09:52:00.000000000,99280,246,99130,246,99369,242,98995,242,99408,242,98757,242,99444,100,98680,100,99602,100,,,99607,100,,,99654,100,,,99765,200,,,99838,100,,,99906,100,,
2019-06-28 09:52:10.000000000,99280,186,99130,186,99369,186,98995,186,99408,186,98757,186,99444,186,98680,186,99602,186,98679,86,99607,100,,,99654,100,,,99765,200,,,99838,100,,,99906,100,,
2019-06-28 09:52:10.744061784,99280,86,99130,186,99369,186,98995,186,99408,186,98757,186,99444,186,98680,186,99602,186,98679,86,99607,100,,,99654,100,,,99765,200,,,99838,100,,,99906,100,,
2019-06-28 09:52:20.000000000,99369,186,99130,186,99408,186,98995,186,99444,186,98757,186,99602,186,98680,186,99607,186,98679,86,99654,100,,,99765,200,,,99838,100,,,99906,100,,,99930,100,,
2019-06-28 09:52:30.000000000,99369,186,99130,186,99408,186,98995,186,99444,186,98757,186,99602,186,98680,186,99607,186,98679,86,99654,100,,,99765,200,,,99838,100,,,99906,100,,,99930,100,,
2019-06-28 09:52:36.817794556,99369,186,99130,186,99391,100,98995,186,99408,186,98757,186,99444,186,98680,186,99602,186,98679,86,99607,186,,,99654,100,,,99765,200,,,99838,100,,,99906,100,,
2019-06-28 09:52:40.000000000,99369,315,99130,315,99391,315,98995,315,99408,100,98757,100,99444,100,98680,100,99602,100,,,99607,100,,,99654,100,,,99765,200,,,99838,100,,,99906,100,,
2019-06-28 09:52:50.000000000,99369,530,99130,530,99391,100,98995,100,99408,100,98757,100,99444,100,98680,100,99602,100,,,99607,100,,,99654,100,,,99765,200,,,99838,100,,,99906,100,,
2019-06-28 09:53:00.000000000,99369,246,99130,246,99391,242,98995,242,99408,242,98757,242,99444,100,98680,100,99602,100,,,99607,100,,,99654,100,,,99765,200,,,99838,100,,,99906,100,,
2019-06-28 09:53:05.013009407,99369,246,99130,146,99391,242,98995,242,99408,242,98757,242,99444,100,98680,100,99602,100,,,99607,100,,,99654,100,,,99765,200,,,99838,100,,,99906,100,,
2019-06-28 09:53:10.000000000,99369,315,98995,315,99391,315,98757,315,99408,100,98680,100,99444,100,,,99602,100,,,99607,100,,,99654,100,,,99765,200,,,99838,100,,,99906,100,,
2019-06-28 09:53:12.386967793,99354,100,98995,315,99369,315,98757,315,99391,315,98680,100,99408,100,,,99602,100,,,99607,100,,,99654,100,,,99765,200,,,99838,100,,,99906,100,,
2019-06-28 09:53:20.000000000,99354,530,98995,530,99369,100,98757,100,99391,100,98680,100,99408,100,,,99602,100,,,99607,100,,,99654,100,,,99765,200,,,99838,100,,,99906,100,,
2019-06-28 09:53:26.167035185,99279,100,98995,530,99354,530,98757,100,99369,100,98680,100,99391,100,,,99408,100,,,99602,100,,,99607,100,,,99654,100,,,99765,200,,,99838,100,,
2019-06-28 09:53:27.487764097,99097,100,98995,530,99279,100,98757,100,99354,530,98680,100,99369,100,,,99391,100,,,99408,100,,,99602,100,,,99607,100,,,99654,100,,,99765,200,,
2019-06-28 09:53:30.000000000,99097,315,98995,315,99279,315,98757,315,99354,100,98680,100,99369,100,,,99391,100,,,99408,100,,,99602,100,,,99607,100,,,99654,100,,,99765,200,,
2019-06-28 09:53:40.000000000,99097,186,98995,186,99279,186,98757,186,99354,186,98680,186,99369,186,98679,86,99391,186,,,99408,100,,,99602,100,,,99607,100,,,99654,100,,,99765,200,,
2019-06-28 09:53:45.360808184,99097,186,98995,186,99279,186,98757,186,99354,186,98680,186,99369,186,98679,86,99391,186,,,99408,100,,,99452,100,,,99602,100,,,99607,100,,,99654,100,,
2019-06-28 09:53:50.000000000,99097,186,98995,186,99279,186,98757,186,99354,186,98680,186,99369,186,98679,86,99391,186,,,99408,100,,,99452,100,,,99602,100,,,99607,100,,,99654,100,,
2019-06-28 09:53:52.075708665,99097,86,98995,186,99279,186,98757,186,99354,186,98680,186,99369,186,98679,86,99391,186,,,99408,100,,,99452,100,,,99602,100,,,99607,100,,,99654,100,,
2019-06-28 09:54:00.000000000,99279,530,98995,530,99354,100,98757,100,99369,100,98680,100,99391,100,,,99408,100,,,99452,100,,,99602,100,,,99607,100,,,99654,100,,,99765,200,,
2019-06-28 09:54:10.000000000,99279,315,98995,315,99354,315,98757,315,99369,100,98680,100,99391,100,,,99408,100,,,99452,100,,,99602,100,,,99607,100,,,99654,100,,,99765,200,,
2019-06-28 09:54:20.000000000,99279,246,98995,246,99354,242,98757,242,99369,242,98680,242,99391,100,,,99408,100,,,99452,100,,,99602,100,,,99607,100,,,99654,100,,,99765,200,,
2019-06-28 09:54:30.000000000,99279,208,98995,208,99354,208,98757,208,99369,208,98680,208,99391,208,98679,108,99408,100,,,99452,100,,,99602,100,,,99607,100,,,99654,100,,,99765,200,,
2019-06-28 09:54:40.000000000,99279,530,98995,530,99354,100,98757,100,99369,100,98680,100,99391,100,,,99408,100,,,99452,100,,,99602,100,,,99607,100,,,99654,100,,,99765,200,,
2019-06-28 09:54:42.113313872,99279,530,99131,100,99354,100,98995,530,99369,100,98757,100,99391,100,98680,100,99408,100,,,99452,100,,,99602,100,,,99607,100,,,99654,100,,,99765,200,,
2019-06-28 09:54:44.721457588,99279,530,99131,100,99354,100,98995,530,99369,100,98757,100,99391,100,98680,100,99408,100,,,99452,100,,,99602,100,,,99607,100,,,99654,100,,,99765,100,,
2019-06-28 09:54:50.000000000,99279,530,99131,530,99354,100,98995,100,99369,100,98757,100,99391,100,98680,100,99408,100,,,99452,100,,,99602,100,,,99607,100,,,99654,100,,,99765,100,,
2019-06-28 09:54:50.426751117,99279,530,99131,630,99354,100,98995,100,99369,100,98757,100,99391,100,98680,100,99408,100,,,99452,100,,,99602,100,,,99607,100,,,99654,100,,,99765,100,,
2019-06-28 09:54:59.021669342,99279,430,99131,630,99354,100,98995,100,99369,100,98757,100,99391,100,98680,100,99408,100,,,99452,100,,,99602,100,,,99607,100,,,99654,100,,,99765,100,,
2019-06-28 09:55:00.000000000,99354,246,99131,346,99369,242,98995,242,99391,242,98757,242,99408,100,98680,100,99452,100,,,99602,100,,,99607,100,,,99654,100,,,99765,100,,,99838,100,,
2019-06-28 09:55:10.000000000,99354,208,99131,308,99369,208,98995,208,99391,208,98757,208,99408,208,98680,208,99452,100,,,99602,100,,,99607,100,,,99654,100,,,99765,100,,,99838,100,,
2019-06-28 09:55:16.880086583,99354,208,99132,100,99369,108,99131,308,99391,208,98995,208,99408,208,98757,208,99452,100,98680,208,99602,100,,,99607,100,,,99654,100,,,99765,100,,,99838,100,,
2019-06-28 09:55:20.000000000,99354,246,99132,246,99391,242,99131,342,99408,242,98995,242,99452,100,98757,100,99602,100,98680,100,99607,100,,,99654,100,,,99765,100,,,99838,100,,,99906,100,,
2019-06-28 09:55:27.528827709,99354,146,99132,246,99391,242,99131,342,99408,242,98995,242,99452,100,98757,100,99602,100,98680,100,99607,100,,,99654,100,,,99765,100,,,99838,100,,,99906,100,,
2019-06-28 09:55:30.000000000,99391,246,99132,246,99408,242,99131,342,99452,242,98995,242,99602,100,98757,100,99607,100,98680,100,99654,100,,,99765,100,,,99838,100,,,99906,100,,,99930,100,,
2019-06-28 09:55:40.000000000,99391,315,99132,315,99408,315,99131,415,99452,100,98995,100,99602,100,98757,100,99607,100,98680,100,99654,100,,,99765,100,,,99838,100,,,99906,100,,,99930,100,,
2019-06-28 09:55:48.747717009,99391,315,99279,100,99408,315,99132,315,99452,100,99131,415,99602,100,98995,100,99607,100,98757,100,99654,100,98680,100,99765,100,,,99838,100,,,99906,100,,,99930,100,,
2019-06-28 09:55:50.000000000,99391,186,99279,186,99408,186,99132,186,99452,186,99131,286,99602,186,98995,186,99607,186,98757,186,99654,100,98680,100,99765,100,,,99838,100,,,99906,100,,,99930,100,,
2019-06-28 09:55:54.080792939,99391,86,99279,186,99408,186,99132,186,99452,186,99131,286,99602,186,98995,186,99607,186,98757,186,99654,100,98680,100,99765,100,,,99838,100,,,99906,100,,,99930,100,,
2019-06-28 09:55:57.830185497,99391,86,99279,186,99408,186,99132,186,99452,186,99131,286,99602,186,98995,186,99607,186,98757,186,99654,100,98680,100,99765,100,,,99838,100,,,99906,100,,,99930,100,,
2019-06-28 09:56:00.000000000,99408,246,99279,246,99452,242,99132,242,99602,242,99131,342,99607,100,98995,100,99654,100,98757,100,99765,100,98680,100,99838,100,,,99906,100,,,99930,100,,,100042,100,,
2019-06-28 09:56:01.914527228,99408,146,99279,246,99452,242,99132,242,99602,242,99131,342,99607,100,98995,100,99654,100,98757,100,99765,100,98680,100,99838,100,,,99906,100,,,99930,100,,,100042,100,,
2019-06-28 09:56:06.968827811,99408,146,99279,246,99452,242,99132,242,99602,242,99131,342,99607,100,98995,100,99654,100,98757,100,99765,100,98680,100,99838,100,,,99906,100,,,99930,100,,,100042,100,,
2019-06-28 09:56:10.000000000,99452,315,99279,315,99602,315,99132,315,99607,100,99131,200,99654,100,98995,100,99765,100,98757,100,99838,100,98680,100,99906,100,,,99930,100,,,100042,100,,,100043,100,,
2019-06-28 09:56:20.000000000,99452,530,99279,530,99602,100,99132,100,99607,100,99131,200,99654,100,98995,100,99765,100,98757,100,99838,100,98680,100,99906,100,,,99930,100,,,100042,100,,,100043,100,,
2019-06-28 09:56:29.716481432,99452,530,99391,100,99602,100,99279,530,99607,100,99132,100,99654,100,99131,200,99765,100,98995,100,99838,100,98757,100,99906,100,98680,100,99930,100,,,100042,100,,,100043,100,,
2019-06-28 09:56:30.000000000,99452,530,99391,530,99602,100,99279,100,99607,100,99132,100,99654,100,99131,200,99765,100,98995,100,99838,100,98757,100,99906,100,98680,100,99930,100,,,100042,100,,,100043,100,,
2019-06-28 09:56:31.390677852,99452,530,99391,630,99602,100,99279,100,99607,100,99132,100,99654,100,99131,200,99765,100,98995,100,99838,100,98757,100,99930,100,98680,100,100042,100,,,100043,100,,,100051,100,,
2019-06-28 09:56:40.000000000,99452,315,99391,415,99602,315,99279,315,99607,100,99132,100,99654,100,99131,200,99765,100,98995,100,99838,100,98757,100,99930,100,98680,100,100042,100,,,100043,100,,,100051,100,,
2019-06-28 09:56:50.000000000,99452,186,99391,286,99602,186,99279,186,99607,186,99132,186,99654,186,99131,286,99765,186,98995,186,99838,100,98757,100,99930,100,98680,100,100042,100,,,100043,100,,,100051,100,,
2019-06-28 09:56:53.253270160,99452,86,99391,286,99602,186,99279,186,99607,186,99132,186,99654,186,99131,286,99765,186,98995,186,99838,100,98757,100,99930,100,98680,100,100042,100,,,100043,100,,,100051,100,,
2019-06-28 09:57:00.000000000,99602,186,99391,286,99607,186,99279,186,99654,186,99132,186,99765,186,99131,286,99838,186,98995,186,99930,100,98757,100,100042,100,98680,100,100043,100,,,100051,100,,,100053,100,,
2019-06-28 09:57:10.000000000,99602,186,99391,286,99607,186,99279,186,99654,186,99132,186,99765,186,99131,286,99838,186,98995,186,99930,100,98757,100,100042,100,98680,100,100043,100,,,100051,100,,,100053,100,,
2019-06-28 09:57:11.588577559,99602,86,99391,286,99607,186,99279,186,99654,186,99132,186,99765,186,99131,286,99838,186,98995,186,99930,100,98757,100,100042,100,98680,100,100043,100,,,100051,100,,,100053,100,,
2019-06-28 09:57:20.000000000,99607,186,99391,286,99654,186,99279,186,99765,186,99132,186,99838,186,99131,286,99930,186,98995,186,100042,100,98757,100,100043,100,98680,100,100051,100,,,100053,100,,,100066,100,,
2019-06-28 09:57:30.000000000,99607,246,99391,346,99654,242,99279,242,99765,242,99132,242,99838,100,99131,200,99930,100,98995,100,100042,100,98757,100,100043,100,98680,100,100051,100,,,100053,100,,,100066,100,,
2019-06-28 09:57:40.000000000,99607,186,99391,286,99654,186,99279,186,99765,186,99132,186,99838,186,99131,286,99930,186,98995,186,100042,100,98757,100,100043,100,98680,100,100051,100,,,100053,100,,,100066,100,,
2019-06-28 09:57:50.000000000,99607,315,99391,415,99654,315,99279,315,99765,100,99132,100,99838,100,99131,200,99930,100,98995,100,100042,100,98757,100,100043,100,98680,100,100051,100,,,100053,100,,,100066,100,,
2019-06-28 09:57:55.838781318,99607,315,99391,415,99654,315,99279,315,99765,100,99132,100,99838,100,99131,200,99930,100,98995,100,100042,100,98757,100,100043,100,98680,100,100051,100,,,100053,100,,,100066,100,,
2019-06-28 09:58:00.000000000,99607,246,99391,346,99654,242,99279,242,99765,242,99132,242,99838,100,99131,200,99930,100,98995,100,100042,100,98757,100,100043,100,98680,100,100051,100,,,100053,100,,,100066,100,,
2019-06-28 09:58:10.000000000,99607,246,99391,346,99654,242,99279,242,99765,242,99132,242,99838,100,99131,200,99930,100,98995,100,100042,100,98757,100,100043,100,98680,100,100051,100,,,100053,100,,,100066,100,,
2019-06-28 09:58:20.000000000,99607,530,99391,630,99654,100,99279,100,99765,100,99132,100,99838,100,99131,200,99930,100,98995,100,100042,100,98757,100,100043,100,98680,100,100051,100,,,100053,100,,,100066,100,,
2019-06-28 09:58:25.519501512,99607,430,99391,630,99654,100,99279,100,99765,100,99132,100,99838,100,99131,200,99930,100,98995,100,100042,100,98757,100,100043,100,98680,100,100051,100,,,100053,100,,,100066,100,,
2019-06-28 09:58:30.000000000,99654,246,99391,346,99765,242,99279,242,99838,242,99132,242,99930,100,99131,200,100042,100,98995,100,100043,100,98757,100,100051,100,98680,100,100053,100,,,100066,100,,,100100,100,,
2019-06-28 09:58:31.891009618,99654,246,99391,346,99765,242,99279,242,99838,242,99132,242,99930,100,99131,200,100042,100,98995,100,100043,100,98757,100,100051,100,98680,100,100053,100,,,100066,100,,,100100,100,,
2019-06-28 09:58:40.000000000,99654,186,99391,286,99765,186,99279,186,99838,186,99132,186,99930,186,99131,286,100042,186,98995,186,100043,100,98757,100,100051,100,98680,100,100053,100,,,100066,100,,,100100,100,,
2019-06-28 09:58:43.092611164,99654,86,99391,286,99765,186,99279,186,99838,186,99132,186,99930,186,99131,286,100042,186,98995,186,100043,100,98757,100,100051,100,98680,100,100066,100,,,100100,100,,,100248,100,,
2019-06-28 09:58:46.195323084,99654,86,99391,286,99765,186,99279,186,99838,186,99132,186,99930,186,99131,286,100042,186,98995,186,100051,100,98757,100,100066,100,98680,100,100100,100,,,100248,100,,,100283,100,,
2019-06-28 09:58:50.000000000,99765,208,99391,308,99838,208,99279,208,99930,208,99132,208,100042,208,99131,308,100051,100,98995,100,100066,100,98757,100,100100,100,98680,100,100248,100,,,100283,100,,,100300,100,,
2019-06-28 09:59:00.000000000,99765,186,99391,286,99838,186,99279,186,99930,186,99132,186,100042,186,99131,286,100051,186,98995,186,100066,100,98757,100,100100,100,98680,100,100248,100,,,100283,100,,,100300,100,,
2019-06-28 09:59:10.000000000,99765,208,99391,308,99838,208,99279,208,99930,208,99132,208,100042,208,99131,308,100051,100,98995,100,100066,100,98757,100,100100,100,98680,100,100248,100,,,100283,100,,,100300,100,,
2019-06-28 09:59:10.198751001,99765,208,99391,308,99838,208,99279,208,99930,208,99132,208,100042,208,99131,308,100051,100,98995,100,100066,100,98757,100,100100,100,98680,100,100248,100,,,100283,100,,,100300,100,,
2019-06-28 09:59:18.968668186,99765,208,99391,308,99838,208,99279,208,99930,208,99132,208,100042,208,99131,308,100051,100,98995,100,100066,100,98757,100,100100,100,98680,100,100248,100,,,100283,100,,,100300,100,,
2019-06-28 09:59:20.000000000,99765,530,99391,630,99838,100,99279,100,99930,100,99132,100,100042,100,99131,200,100051,100,98995,100,100066,100,98757,100,100100,100,98680,100,100248,100,,,100283,100,,,100300,100,,
2019-06-28 09:59:30.000000000,99765,208,99391,308,99838,208,99279,208,99930,208,99132,208,100042,208,99131,308,100051,100,98995,100,100066,100,98757,100,100100,100,98680,100,100248,100,,,100283,100,,,100300,100,,
2019-06-28 09:59:31.082280014,99765,208,99607,100,99838,208,99391,208,99930,208,99279,208,100042,208,99132,208,100051,100,99131,308,100066,100,98995,100,100100,100,98757,100,100248,100,98680,100,100283,100,,,100300,100,,
2019-06-28 09:59:40.000000000,99765,530,99607,530,99838,100,99391,100,99930,100,99279,100,100042,100,99132,100,100051,100,99131,200,100066,100,98995,100,100100,100,98757,100,100248,100,98680,100,100283,100,,,100300,100,,
2019-06-28 09:59:50.000000000,99765,530,99607,530,99838,100,99391,100,99930,100,99279,100,100042,100,99132,100,100051,100,99131,200,100066,100,98995,100,100100,100,98757,100,100248,100,98680,100,100283,100,,,100300,100,,
2019-06-28 09:59:54.551302056,99765,530,99607,630,99838,100,99391,100,99930,100,99279,100,100042,100,99132,100,100051,100,99131,200,100066,100,98995,100,100100,100,98757,100,100248,100,98680,100,100283,100,,,100300,100,,
2019-06-28 09:59:59.896181699,99765,430,99607,630,99838,100,99391,100,99930,100,99279,100,100042,100,99132,100,100051,100,99131,200,100066,100,98995,100,100100,100,98757,100,100248,100,98680,100,100283,100,,,100300,100,,
2019-06-28 10:00:00.000000000,99838,246,99607,346,99930,242,99391,242,100042,242,99279,242,100051,100,99132,100,100066,100,99131,200,100100,100,98995,100,100248,100,98757,100,100283,100,98680,100,100300,100,,,100310,100,,
2019-06-28 10:00:01.272318462,99838,146,99607,346,99930,242,99391,242,100042,242,99279,242,100051,100,99132,100,100066,100,99131,200,100100,100,98995,100,100248,100,98757,100,100283,100,,,100300,100,,,100310,100,,
2019-06-28 10:00:05.892828725,99838,146,99607,346,99930,242,99391,242,100042,242,99279,242,100051,100,99132,100,100066,100,99131,200,100100,100,98995,100,100248,100,98757,100,100283,100,,,100300,100,,,100310,100,,
2019-06-28 10:00:10.000000000,99930,315,99607,415,100042,315,99391,315,100051,100,99279,100,100066,100,99132,100,100100,100,99131,200,100248,100,98995,100,100283,100,98757,100,100300,100,,,100310,100,,,100328,100,,
2019-06-28 10:00:12.538653065,99930,215,99607,415,100042,315,99391,315,100051,100,99279,100,100066,100,99132,100,100100,100,99131,200,100248,100,98995,100,100283,100,98757,100,100300,100,,,100310,100,,,100328,100,,
2019-06-28 10:00:19.452112337,99930,115,99607,415,100042,315,99391,315,100051,100,99279,100,100066,100,99132,100,100100,100,99131,200,100248,100,98995,100,100283,100,98757,100,100300,100,,,100310,100,,,100328,100,,
2019-06-28 10:00:20.000000000,100042,186,99607,286,100051,186,99391,186,100066,186,99279,186,100100,186,99132,186,100248,186,99131,286,100283,100,98995,100,100300,100,98757,100,100310,100,,,100328,100,,,100331,100,,
2019-06-28 10:00:30.000000000,100042,208,99607,308,100051,208,99391,208,100066,208,99279,208,100100,208,99132,208,100248,100,99131,200,100283,100,98995,100,100300,100,98757,100,100310,100,,,100328,100,,,100331,100,,
2019-06-28 10:00:31.060619574,100042,108,99607,308,100051,208,99391,208,100066,208,99279,208,100100,208,99132,208,100248,100,99131,200,100283,100,98995,100,100300,100,98757,100,100310,100,,,100328,100,,,100331,100,,
2019-06-28 10:00:40.000000000,100051,208,99607,308,100066,208,99391,208,100100,208,99279,208,100248,208,99132,208,100283,100,99131,200,100300,100,98995,100,100310,100,98757,100,100328,100,,,100331,100,,,100342,100,,
2019-06-28 10:00:50.000000000,100051,315,99607,415,100066,315,99391,315,100100,100,99279,100,100248,100,99132,100,100283,100,99131,200,100300,100,98995,100,100310,100,98757,100,100328,100,,,100331,100,,,100342,100,,
2019-06-28 10:01:00.000000000,100051,530,99607,630,100066,100,99391,100,100100,100,99279,100,100248,100,99132,100,100283,100,99131,200,100300,100,98995,100,100310,100,98757,100,100328,100,,,100331,100,,,100342,100,,
2019-06-28 10:01:03.101311559,100051,530,99930,100,100066,100,99607,630,100100,100,99391,100,100248,100,99279,100,100283,100,99132,100,100300,100,99131,100,100310,100,98995,100,100328,100,98757,100,100331,100,,,100342,100,,
2019-06-28 10:01:10.000000000,100051,208,99930,208,100066,208,99607,308,100100,208,99391,208,100248,208,99279,208,100283,100,99132,100,100300,100,99131,100,100310,100,98995,100,100328,100,98757,100,100331,100,,,100342,100,,
2019-06-28 10:01:20.000000000,100051,208,99930,208,100066,208,99607,308,100100,208,99391,208,100248,208,99279,208,100283,100,99132,100,100300,100,99131,100,100310,100,98995,100,100328,100,98757,100,100331,100,,,100342,100,,
2019-06-28 10:01:30.000000000,100051,530,99930,530,100066,100,99607,200,100100,100,99391,100,100248,100,99279,100,100283,100,99132,100,100300,100,99131,100,100310,100,98995,100,100328,100,98757,100,100331,100,,,100342,100,,
2019-06-28 10:01:30.734936531,100051,530,99930,630,100066,100,99607,200,100100,100,99391,100,100248,100,99279,100,100283,100,99132,100,100300,100,99131,100,100310,100,98995,100,100328,100,98757,100,100331,100,,,100342,100,,
2019-06-28 10:01:35.530011312,100051,530,99930,630,100066,100,99607,200,100100,100,99391,100,100248,100,99279,100,100283,100,99132,100,100300,100,99131,100,100310,100,98995,100,100328,100,98757,100,100331,100,,,100342,100,,
2019-06-28 10:01:38.605154930,100051,530,99930,630,100066,100,99607,200,100100,100,99391,100,100248,100,99279,100,100283,100,99132,100,100300,100,99131,100,100310,100,98995,100,100328,100,98757,100,100331,100,,,100342,100,,
2019-06-28 10:01:40.000000000,100051,208,99930,308,100066,208,99607,308,100100,208,99391,208,100248,208,99279,208,100283,100,99132,100,100300,100,99131,100,100310,100,98995,100,100328,100,98757,100,100331,100,,,100342,100,,
2019-06-28 10:01:42.357786082,100051,108,99930,308,100066,208,99607,308,100100,208,99391,208,100248,208,99279,208,100283,100,99132,100,100300,100,99131,100,100310,100,98995,100,100328,100,98757,100,100331,100,,,100342,100,,
2019-06-28 10:01:44.536875480,100051,108,99930,208,100066,208,99607,308,100100,208,99391,208,100248,208,99279,208,100283,100,99132,100,100300,100,99131,100,100310,100,98995,100,100328,100,98757,100,100331,100,,,100342,100,,
2019-06-28 10:01:50.000000000,100066,246,99930,246,100100,242,99607,342,100248,242,99391,242,100283,100,99279,100,100300,100,99132,100,100310,100,99131,100,100328,100,98995,100,100331,100,98757,100,100342,100,,,100426,100,,
2019-06-28 10:01:51.137367890,100066,146,99930,246,100100,242,99607,342,100248,242,99391,242,100283,100,99279,100,100300,100,99132,100,100310,100,99131,100,100328,100,98995,100,100342,100,98757,100,100426,100,,,101057,100,,
2019-06-28 10:01:55.868596126,100066,146,99930,246,100100,242,99607,342,100248,242,99391,242,100283,100,99279,100,100300,100,99132,100,100310,100,99131,100,100328,100,98995,100,100342,100,98757,100,100426,100,,,100957,100,,
2019-06-28 10:02:00.000000000,100100,530,99930,530,100248,100,99607,200,100283,100,99391,100,100300,100,99279,100,100310,100,99132,100,100328,100,99131,100,100342,100,98995,100,100426,100,98757,100,100957,100,,,101057,100,,
2019-06-28 10:02:10.000000000,100100,208,99930,208,100248,208,99607,308,100283,208,99391,208,100300,208,99279,208,100310,100,99132,100,100328,100,99131,100,100342,100,98995,100,100426,100,98757,100,100957,100,,,101057,100,,
2019-06-28 10:02:20.000000000,100100,208,99930,208,100248,208,99607,308,100283,208,99391,208,100300,208,99279,208,100310,100,99132,100,100328,100,99131,100,100342,100,98995,100,100426,100,98757,100,100957,100,,,101057,100,,
2019-06-28 10:02:30.000000000,100100,208,99930,208,100248,208,99607,308,100283,208,99391,208,100300,208,99279,208,100310,100,99132,100,100328,100,99131,100,100342,100,98995,100,100426,100,98757,100,100957,100,,,101057,100,,
2019-06-28 10:02:40.000000000,100100,315,99930,315,100248,315,99607,415,100283,100,99391,100,100300,100,99279,100,100310,100,99132,100,100328,100,99131,100,100342,100,98995,100,100426,100,98757,100,100957,100,,,101057,100,,
2019-06-28 10:02:50.000000000,100100,186,99930,186,100248,186,99607,286,100283,186,99391,186,100300,186,99279,186,100310,186,99132,186,100328,100,99131,100,100342,100,98995,100,100426,100,98757,100,100957,100,,,101057,100,,
2019-06-28 10:03:00.000000000,100100,246,99930,246,100248,242,99607,342,100283,242,99391,242,100300,100,99279,100,100310,100,99132,100,100328,100,99131,100,100342,100,98995,100,100426,100,98757,100,100957,100,,,101057,100,,
2019-06-28 10:03:04.337917176,100100,246,100051,100,100248,242,99930,246,100283,242,99607,342,100300,100,99391,242,100310,100,99279,100,100328,100,99131,100,100342,100,98995,100,100426,100,98757,100,100957,100,,,101057,100,,
2019-06-28 10:03:10.000000000,100100,186,100051,186,100248,186,99930,186,100283,186,99607,286,100300,186,99391,186,100310,186,99279,186,100328,100,99131,100,100342,100,98995,100,100426,100,98757,100,100957,100,,,101057,100,,
2019-06-28 10:03:20.000000000,100100,246,100051,246,100248,242,99930,242,100283,242,99607,342,100300,100,99391,100,100310,100,99279,100,100328,100,99131,100,100342,100,98995,100,100426,100,98757,100,100957,100,,,101057,100,,
2019-06-28 10:03:27.682444259,100100,246,100051,246,100248,242,99930,242,100283,242,99607,342,100300,100,99391,100,100310,100,99279,100,100328,100,99131,100,100342,100,98995,100,100426,100,98757,100,100957,100,,,101004,100,,
2019-06-28 10:03:30.000000000,100100,186,100051,186,100248,186,99930,186,100283,186,99607,286,100300,186,99391,186,100310,186,99279,186,100328,100,99131,100,100342,100,98995,100,100426,100,98757,100,100957,100,,,101004,100,,
2019-06-28 10:03:38.950962417,100100,186,100051,186,100248,186,99930,186,100283,186,99607,286,100300,186,99391,186,100310,186,99279,186,100328,100,99131,100,100342,100,98995,100,100426,100,98757,100,100957,100,,,101004,100,,
2019-06-28 10:03:40.000000000,100100,208,100051,208,100248,208,99930,208,100283,208,99607,308,100300,208,99391,208,100310,100,99279,100,100328,100,99131,100,100342,100,98995,100,100426,100,98757,100,100957,100,,,101004,100,,
2019-06-28 10:03:50.000000000,100100,186,100051,186,100248,186,99930,186,100283,186,99607,286,100300,186,99391,186,100310,186,99279,186,100328,100,99131,100,100342,100,98995,100,100426,100,98757,100,100957,100,,,101004,100,,
2019-06-28 10:04:00.000000000,100100,530,100051,530,100248,100,99930,100,100283,100,99607,200,100300,100,99391,100,100310,100,99279,100,100328,100,99131,100,100342,100,98995,100,100426,100,98757,100,100957,100,,,101004,100,,
2019-06-28 10:04:10.000000000,100100,530,100051,530,100248,100,99930,100,100283,100,99607,200,100300,100,99391,100,100310,100,99279,100,100328,100,99131,100,100342,100,98995,100,100426,100,98757,100,100957,100,,,101004,100,,
2019-06-28 10:04:17.979641396,100100,530,100051,530,100248,100,99930,100,100283,100,99607,200,100300,100,99391,100,100310,100,99279,100,100328,100,99131,100,100342,100,98995,100,100426,100,98757,100,100957,100,,,101004,100,,
2019-06-28 10:04:20.000000000,100100,530,100051,530,100248,100,99930,100,100283,100,99607,200,100300,100,99391,100,100310,100,99279,100,100328,100,99131,100,100342,100,98995,100,100426,100,98757,100,100957,100,,,101004,100,,
2019-06-28 10:04:30.000000000,100100,246,100051,246,100248,242,99930,242,100283,242,99607,342,100300,100,99391,100,100310,100,99279,100,100328,100,99131,100,100342,100,98995,100,100426,100,98757,100,100957,100,,,101004,100,,
2019-06-28 10:04:40.000000000,100100,208,100051,208,100248,208,99930,208,100283,208,99607,308,100300,208,99391,208,100310,100,99279,100,100328,100,99131,100,100342,100,98995,100,100426,100,98757,100,100957,100,,,101004,100,,
2019-06-28 10:04:50.000000000,100100,208,100051,208,100248,208,99930,208,100283,208,99607,308,100300,208,99391,208,100310,100,99279,100,100328,100,99131,100,100342,100,98995,100,100426,100,98757,100,100957,100,,,101004,100,,
2019-06-28 10:05:00.000000000,100100,315,100051,315,100248,315,99930,315,100283,100,99607,200,100300,100,99391,100,100310,100,99279,100,100328,100,99131,100,100342,100,98995,100,100426,100,98757,100,100957,100,,,101004,100,,
2019-06-28 10:05:10.000000000,100100,186,100051,186,100248,186,99930,186,100283,186,99607,286,100300,186,99391,186,100310,186,99279,186,100328,100,99131,100,100342,100,98995,100,100426,100,98757,100,100957,100,,,101004,100,,
2019-06-28 10:05:20.000000000,100100,315,100051,315,100248,315,99930,315,100283,100,99607,200,100300,100,99391,100,100310,100,99279,100,100328,100,99131,100,100342,100,98995,100,100426,100,98757,100,100957,100,,,101004,100,,
2019-06-28 10:05:26.932965031,100100,315,100051,415,100248,315,99930,215,100283,100,99607,200,100300,100,99391,100,100310,100,99279,100,100328,100,99131,100,100342,100,98995,100,100426,100,98757,100,100957,100,,,101004,100,,
2019-06-28 10:05:30.000000000,100100,530,100051,630,100248,100,99607,200,100283,100,99391,100,100300,100,99279,100,100310,100,99131,100,100328,100,98995,100,100342,100,98757,100,100426,100,,,100957,100,,,101004,100,,
2019-06-28 10:05:33.796802548,100100,430,100051,630,100248,100,99607,200,100283,100,99391,100,100300,100,99279,100,100310,100,99131,100,100328,100,98757,100,100342,100,,,100426,100,,,100957,100,,,101004,100,,
2019-06-28 10:05:40.000000000,100248,186,100051,286,100283,186,99607,286,100300,186,99391,186,100310,186,99279,186,100328,186,99131,186,100342,100,98757,100,100426,100,,,100957,100,,,101004,100,,,101057,100,,
2019-06-28 10:05:40.072800244,100248,86,100051,286,100283,186,99607,286,100300,186,99391,186,100310,186,99279,186,100328,186,99131,186,100342,100,98757,100,100426,100,,,100957,100,,,101004,100,,,101083,100,,
2019-06-28 10:05:50.000000000,100283,315,100051,415,100300,315,99607,415,100310,100,99391,100,100328,100,99279,100,100342,100,99131,100,100426,100,98757,100,100957,100,,,101004,100,,,101083,100,,,101084,100,,
2019-06-28 10:06:00.000000000,100283,208,100051,308,100300,208,99607,308,100310,208,99391,208,100328,208,99279,208,100342,100,99131,100,100426,100,98757,100,100957,100,,,101004,100,,,101083,100,,,101084,100,,
2019-06-28 10:06:02.575598134,100283,208,100051,308,100300,208,99607,308,100310,208,99391,208,100328,208,99279,208,100342,100,99131,100,100426,100,98757,100,100957,100,,,101004,100,,,101083,100,,,101084,100,,
2019-06-28 10:06:08.187335355,100283,208,100100,100,100300,208,100051,308,100310,208,99607,308,100328,208,99391,208,100342,100,99279,208,100426,100,99131,100,100957,100,98757,100,101004,100,,,101083,100,,,101084,100,,
2019-06-28 10:06:10.000000000,100283,315,100100,315,100300,315,100051,415,100310,100,99607,200,100328,100,99391,100,100342,100,99279,100,100426,100,99131,100,100957,100,98757,100,101004,100,,,101083,100,,,101084,100,,
2019-06-28 10:06:20.000000000,100283,186,100100,186,100300,186,100051,286,100310,186,99607,286,100328,186,99391,186,100342,186,99279,186,100426,100,99131,100,100957,100,98757,100,101004,100,,,101083,100,,,101084,100,,
2019-06-28 10:06:24.376815815,100283,186,100100,186,100300,186,100051,286,100310,186,99607,286,100328,186,99391,186,100342,186,99279,186,100426,100,99131,100,100957,100,98757,100,101004,100,,,101083,100,,,101084,100,,
2019-06-28 10:06:30.000000000,100283,186,100100,186,100300,186,100051,286,100310,186,99607,286,100328,186,99391,186,100342,186,99279,186,100426,100,99131,100,100957,100,98757,100,101004,100,,,101083,100,,,101084,100,,
2019-06-28 10:06:34.087991459,100283,186,100100,186,100300,186,100051,286,100310,186,99607,286,100328,186,99391,186,100342,186,99279,186,100426,100,99131,100,100957,100,98757,100,101004,100,,,101083,100,,,101084,100,,
2019-06-28 10:06:35.484629665,100283,186,100100,286,100300,186,100051,286,100310,186,99607,286,100328,186,99391,186,100342,186,99279,186,100426,100,99131,100,100957,100,98757,100,101004,100,,,101083,100,,,101084,100,,
2019-06-28 10:06:40.000000000,100283,186,100100,286,100300,186,100051,286,100310,186,99607,286,100328,186,99391,186,100342,186,99279,186,100426,100,99131,100,100957,100,98757,100,101004,100,,,101083,100,,,101084,100,,
2019-06-28 10:06:49.147822665,100283,186,100100,286,100300,186,100051,286,100310,186,99607,286,100328,186,99391,186,100342,186,99279,186,100426,100,99131,100,100957,100,98757,100,101004,100,,,101083,100,,,101084,100,,
2019-06-28 10:06:50.000000000,100283,208,100100,308,100300,208,100051,308,100310,208,99607,308,100328,208,99391,208,100342,100,99279,100,100426,100,99131,100,100957,100,98757,100,101004,100,,,101083,100,,,101084,100,,
2019-06-28 10:07:00.000000000,100283,208,100100,308,100300,208,100051,308,100310,208,99607,308,100328,208,99391,208,100342,100,99279,100,100426,100,99131,100,100957,100,98757,100,101004,100,,,101083,100,,,101084,100,,
2019-06-28 10:07:04.387831808,100283,208,100100,408,100300,208,100051,308,100310,208,99607,308,100328,208,99391,208,100342,100,99279,100,100426,100,99131,100,100957,100,98757,100,101004,100,,,101083,100,,,101084,100,,
2019-06-28 10:07:10.000000000,100283,186,100100,386,100300,186,100051,286,100310,186,99607,286,100328,186,99391,186,100342,186,99279,186,100426,100,99131,100,100957,100,98757,100,101004,100,,,101083,100,,,101084,100,,
2019-06-28 10:07:10.042784027,100283,186,100100,486,100300,186,100051,286,100310,186,99607,286,100328,186,99391,186,100342,186,99279,186,100426,100,99131,100,100957,100,98757,100,101004,100,,,101083,100,,,101084,100,,
2019-06-28 10:07:20.000000000,100283,246,100100,546,100300,242,100051,342,100310,242,99607,342,100328,100,99391,100,100342,100,99279,100,100426,100,99131,100,100957,100,98757,100,101004,100,,,101083,100,,,101084,100,,
2019-06-28 10:07:22.398406997,100283,246,100100,546,100300,242,100051,342,100310,242,99607,342,100328,100,99391,100,100342,100,99279,100,100426,100,99131,100,100957,100,98757,100,101004,100,,,101083,100,,,101152,100,,
2019-06-28 10:07:28.239938815,100283,246,100100,546,100300,242,100051,342,100310,242,99607,342,100328,100,99391,100,100342,100,99279,100,100426,100,99131,100,100957,100,98757,100,101004,100,,,101083,100,,,101152,100,,
2019-06-28 10:07:30.000000000,100283,246,100100,546,100300,242,100051,342,100310,242,99607,342,100328,100,99391,100,100342,100,99279,100,100426,100,99131,100,100957,100,98757,100,101004,100,,,101083,100,,,101152,100,,
2019-06-28 10:07:36.569342728,100283,246,100100,646,100300,242,100051,342,100310,242,99607,342,100328,100,99391,100,100342,100,99279,100,100426,100,99131,100,100957,100,98757,100,101004,100,,,101083,100,,,101152,100,,
2019-06-28 10:07:36.906223033,100283,246,100100,746,100300,242,100051,342,100310,242,99607,342,100328,100,99391,100,100342,100,99131,100,100426,100,98757,100,100957,100,,,101004,100,,,101083,100,,,101152,100,,
2019-06-28 10:07:37.311562399,100283,246,100100,746,100300,242,100051,342,100310,242,99607,342,100328,100,99391,100,100342,100,99131,100,100426,100,98757,100,101004,100,,,101083,100,,,101152,100,,,101320,100,,
2019-06-28 10:07:40.000000000,100283,246,100100,746,100300,242,100051,342,100310,242,99607,342,100328,100,99391,100,100342,100,99131,100,100426,100,98757,100,101004,100,,,101083,100,,,101152,100,,,101320,100,,
2019-06-28 10:07:50.000000000,100283,208,100100,708,100300,208,100051,308,100310,208,99607,308,100328,208,99391,208,100342,100,99131,100,100426,100,98757,100,101004,100,,,101083,100,,,101152,100,,,101320,100,,
2019-06-28 10:07:57.346222725,100283,208,100100,708,100300,208,100051,308,100310,208,99607,208,100328,208,99391,208,100342,100,99131,100,100426,100,98757,100,101004,100,,,101083,100,,,101152,100,,,101320,100,,
2019-06-28 10:08:00.000000000,100283,208,100100,708,100300,208,100051,308,100310,208,99607,208,100328,208,99391,208,100342,100,99131,100,100426,100,98757,100,101004,100,,,101083,100,,,101152,100,,,101320,100,,
2019-06-28 10:08:10.000000000,100283,530,100100,1030,100300,100,100051,200,100310,100,99607,100,100328,100,99391,100,100342,100,99131,100,100426,100,98757,100,101004,100,,,101083,100,,,101152,100,,,101320,100,,
2019-06-28 10:08:20.000000000,100283,315,100100,815,100300,315,100051,415,100310,100,99607,100,100328,100,99391,100,100342,100,99131,100,100426,100,98757,100,101004,100,,,101083,100,,,101152,100,,,101320,100,,
2019-06-28 10:08:22.132264533,100283,315,100100,915,100300,315,100051,415,100310,100,99607,100,100328,100,99391,100,100342,100,99131,100,100426,100,98757,100,101004,100,,,101083,100,,,101152,100,,,101320,100,,
2019-06-28 10:08:29.785079233,100283,315,100100,1015,100300,315,100051,415,100310,100,99607,100,100328,100,99391,100,100342,100,98757,100,100426,100,,,101004,100,,,101083,100,,,101152,100,,,101320,100,,
2019-06-28 10:08:30.000000000,100283,315,100100,1015,100300,315,100051,415,100310,100,99607,100,100328,100,99391,100,100342,100,98757,100,100426,100,,,101004,100,,,101083,100,,,101152,100,,,101320,100,,
2019-06-28 10:08:40.000000000,100283,315,100100,1015,100300,315,100051,415,100310,100,99607,100,100328,100,99391,100,100342,100,98757,100,100426,100,,,101004,100,,,101083,100,,,101152,100,,,101320,100,,
2019-06-28 10:08:44.836843433,100283,215,100100,1015,100300,315,100051,415,100310,100,99607,100,100328,100,99391,100,100342,100,98757,100,100426,100,,,101004,100,,,101083,100,,,101152,100,,,101320,100,,
2019-06-28 10:08:45.474353379,100283,115,100100,1015,100300,315,100051,415,100310,100,99607,100,100328,100,99391,100,100342,100,98757,100,100426,100,,,101004,100,,,101083,100,,,101152,100,,,101320,100,,
2019-06-28 10:08:48.139828110,100283,115,100100,915,100300,315,100051,415,100310,100,99607,100,100328,100,99391,100,100342,100,98757,100,100426,100,,,101004,100,,,101083,100,,,101152,100,,,101320,100,,
