,ask_price_1,ask_size_1,bid_price_1,bid_size_1,ask_price_2,ask_size_2,bid_price_2,bid_size_2,ask_price_3,ask_size_3,bid_price_3,bid_size_3,ask_price_4,ask_size_4,bid_price_4,bid_size_4,ask_price_5,ask_size_5,bid_price_5,bid_size_5,ask_price_6,ask_size_6,bid_price_6,bid_size_6,ask_price_7,ask_size_7,bid_price_7,bid_size_7,ask_price_8,ask_size_8,bid_price_8,bid_size_8,ask_price_9,ask_size_9,bid_price_9,bid_size_9,ask_price_10,ask_size_10,bid_price_10,bid_size_10
2019-06-28 09:30:00.000000000,100026,100,99983,100,,,,,,,,,,,,,,,,,,,,,,,,,,,,,,,,,,,,
2019-06-28 09:30:00.000000003,100026,100,99983,100,,,99898,100,,,,,,,,,,,,,,,,,,,,,,,,,,,,,,,,
2019-06-28 09:30:00.000000007,100026,100,99983,100,100039,100,99898,100,,,,,,,,,,,,,,,,,,,,,,,,,,,,,,,,
2019-06-28 09:30:00.000000008,100026,100,99983,100,100039,100,99964,100,,,99898,100,,,,,,,,,,,,,,,,,,,,,,,,,,,,
2019-06-28 09:30:00.000000010,100026,100,99983,100,100039,100,99964,100,100147,100,99898,100,,,,,,,,,,,,,,,,,,,,,,,,,,,,
2019-06-28 09:30:00.000000011,100026,100,99986,100,100039,100,99983,100,100147,100,99964,100,,,99898,100,,,,,,,,,,,,,,,,,,,,,,,,
2019-06-28 09:30:00.000000012,100026,100,99986,100,100039,100,99983,100,100147,100,99964,100,,,99953,100,,,99898,100,,,99712,100,,,,,,,,,,,,,,,,
2019-06-28 09:30:00.000000013,100026,100,99986,100,100039,100,99983,100,100147,100,99964,100,,,99953,100,,,99948,100,,,99898,100,,,99712,100,,,,,,,,,,,,
2019-06-28 09:30:00.000000015,100026,100,99986,100,100039,100,99983,100,100147,100,99964,100,,,99953,100,,,99948,100,,,99898,100,,,99827,100,,,99712,100,,,,,,,,
2019-06-28 09:30:00.000000016,100026,100,99986,100,100039,100,99983,100,100097,100,99964,100,100147,100,99953,100,,,99948,100,,,99898,100,,,99827,100,,,99712,100,,,,,,,,
2019-06-28 09:30:00.000000019,100018,100,99986,100,100026,100,99983,100,100039,100,99964,100,100097,100,99953,100,100147,100,99948,100,,,99921,100,,,99898,100,,,99897,100,,,99827,100,,,99712,100
2019-06-28 09:30:00.000000021,100018,100,99986,100,100026,100,99983,100,100039,100,99964,100,100072,100,99953,100,100097,100,99948,100,100147,100,99921,100,,,99898,100,,,99897,100,,,99827,100,,,99712,100
2019-06-28 09:30:00.000000022,100018,100,100012,100,100026,100,99986,100,100039,100,99983,100,100072,100,99964,100,100097,100,99953,100,100147,100,99948,100,,,99921,100,,,99898,100,,,99897,100,,,99827,100
2019-06-28 09:30:00.000000023,100018,100,100012,100,100026,100,99986,100,100039,100,99983,100,100072,100,99964,100,100097,100,99953,100,100147,100,99948,100,,,99921,100,,,99898,100,,,99897,100,,,99868,100
2019-06-28 09:30:00.000000024,100018,100,100012,100,100026,100,99986,100,100039,100,99983,100,100072,100,99964,100,100095,100,99953,100,100097,100,99948,100,100147,100,99921,100,,,99898,100,,,99897,100,,,99868,100
2019-06-28 09:30:00.000000026,100018,100,100012,100,100026,100,99986,100,100039,100,99983,100,100072,100,99964,100,100095,100,99961,100,100097,100,99953,100,100147,100,99948,100,,,99921,100,,,99898,100,,,99897,100
2019-06-28 09:30:00.000000027,100018,100,100012,100,100026,100,99986,100,100039,100,99983,100,100072,100,99964,100,100095,100,99961,100,100097,100,99953,100,100147,100,99948,100,,,99921,100,,,99910,100,,,99898,100
2019-06-28 09:30:00.000000028,100018,100,100012,100,100026,100,99986,100,100039,200,99983,100,100072,100,99964,100,100095,100,99963,100,100097,100,99961,100,100147,100,99953,100,,,99948,100,,,99921,100,,,99910,100
2019-06-28 09:30:00.000000034,100018,100,100012,100,100026,100,99986,100,100039,200,99983,100,100072,100,99964,100,100095,100,99963,100,100097,100,99961,100,100147,100,99953,100,100154,100,99948,100,100158,100,99921,100,,,99910,100
2019-06-28 09:30:00.000000035,100018,100,100012,100,100026,100,99986,100,100039,200,99983,100,100072,100,99964,100,100095,100,99963,100,100097,100,99961,100,100147,100,99953,100,100154,100,99948,100,100158,100,99921,100,,,99910,100
2019-06-28 09:30:00.000000037,100018,100,100012,100,100026,100,99986,100,100039,200,99983,100,100072,100,99964,100,100076,100,99963,100,100095,100,99961,100,100097,100,99953,100,100147,100,99948,100,100154,100,99921,100,100158,100,99910,100
2019-06-28 09:30:00.000000040,100018,100,100012,100,100026,100,99986,100,100039,200,99983,100,100072,100,99964,100,100076,100,99963,100,100095,100,99961,100,100097,100,99953,100,100147,100,99948,100,100154,100,99921,100,100158,100,99910,100
2019-06-28 09:30:00.000000043,100018,100,100012,100,100026,100,99995,100,100039,200,99986,100,100071,100,99983,100,100072,100,99964,100,100076,100,99963,100,100095,100,99961,100,100097,100,99953,100,100147,100,99948,100,100154,100,99921,100
2019-06-28 09:30:00.000000044,100018,100,100012,100,100026,100,99995,100,100039,200,99986,100,100048,100,99983,100,100071,100,99964,100,100072,100,99963,100,100076,100,99961,100,100095,100,99953,100,100097,100,99948,100,100147,100,99921,100
2019-06-28 09:30:00.000000045,100026,100,100012,100,100039,200,99995,100,100048,100,99986,100,100071,100,99983,100,100072,100,99964,100,100076,100,99963,100,100095,100,99961,100,100097,100,99953,100,100147,100,99948,100,100154,100,99921,100
2019-06-28 09:30:00.000000049,100039,200,100012,100,100048,100,99995,100,100071,100,99986,100,100072,100,99983,100,100076,100,99964,100,100095,100,99963,100,100097,100,99961,100,100147,100,99953,100,100154,100,99948,100,100158,100,99921,100
2019-06-28 09:30:00.000000050,100026,100,100012,100,100039,200,99995,100,100048,100,99986,100,100071,100,99983,100,100072,100,99964,100,100076,100,99963,100,100095,100,99961,100,100097,100,99953,100,100147,100,99948,100,100154,100,99921,100
2019-06-28 09:30:00.000000054,100026,100,100012,100,100039,200,99995,100,100048,100,99986,100,100049,100,99983,100,100071,100,99964,100,100072,100,99963,100,100076,100,99961,100,100095,100,99953,100,100097,100,99948,100,100126,100,99921,100
2019-06-28 09:30:00.000000060,100026,100,100012,100,100039,200,99995,100,100048,100,99986,100,100049,100,99983,100,100071,100,99964,100,100072,100,99963,100,100076,100,99961,100,100095,100,99953,100,100097,100,99948,100,100126,100,99921,100
2019-06-28 09:30:00.000000063,100026,100,100012,100,100039,200,99995,100,100040,100,99986,100,100048,100,99983,100,100049,100,99964,100,100071,100,99963,100,100072,100,99961,100,100076,100,99953,100,100095,100,99948,100,100097,100,99921,100
2019-06-28 09:30:00.000000064,100026,100,100012,100,100039,200,99995,100,100040,100,99986,100,100048,100,99983,100,100049,100,99964,100,100062,100,99963,100,100071,100,99961,100,100072,100,99953,100,100076,100,99948,100,100095,100,99921,100
2019-06-28 09:30:00.000000067,100026,100,100012,100,100039,200,99995,100,100040,100,99986,100,100048,100,99983,100,100049,100,99964,100,100062,100,99963,100,100071,100,99961,100,100072,100,99953,100,100076,100,99948,100,100095,100,99921,100
2019-06-28 09:30:00.000000070,100026,100,100012,100,100039,200,99995,100,100040,100,99986,100,100048,100,99983,100,100049,100,99964,100,100062,100,99963,100,100071,100,99961,100,100072,100,99953,100,100076,100,99948,100,100095,100,99921,100
2019-06-28 09:30:00.000000072,100026,100,100012,100,100039,200,99995,100,100040,100,99986,100,100048,100,99983,100,100049,100,99964,100,100062,100,99963,100,100065,100,99961,100,100071,100,99953,100,100072,100,99948,100,100076,100,99921,100
2019-06-28 09:30:00.000000073,100026,200,100012,100,100039,200,99995,100,100040,100,99986,100,100048,100,99983,100,100049,100,99964,100,100062,100,99963,100,100065,100,99961,100,100071,100,99953,100,100072,100,99948,100,100076,100,99921,100
2019-06-28 09:30:00.000000074,100026,200,100012,100,100039,200,99995,100,100040,100,99986,100,100048,100,99983,100,100049,100,99982,100,100062,100,99964,100,100065,100,99963,100,100071,100,99961,100,100072,100,99953,100,100076,100,99948,100
2019-06-28 09:30:00.000000075,100026,300,100012,100,100039,200,99995,100,100040,100,99986,100,100048,100,99983,100,100049,100,99982,100,100062,100,99964,100,100065,100,99963,100,100071,100,99961,100,100072,100,99953,100,100076,100,99948,100
2019-06-28 09:30:00.000000077,100026,300,100012,100,100039,200,99995,100,100040,100,99986,100,100048,100,99983,100,100049,100,99982,100,100062,100,99964,100,100065,100,99963,100,100071,100,99962,100,100072,100,99961,100,100076,100,99953,100
2019-06-28 09:30:00.000000079,100026,300,99995,100,100039,200,99986,100,100040,100,99983,100,100048,100,99982,100,100049,100,99964,100,100062,100,99963,100,100065,100,99962,100,100071,100,99961,100,100072,100,99953,100,100076,100,99948,100
2019-06-28 09:30:00.000000083,100026,300,99995,100,100039,200,99986,100,100040,100,99983,100,100048,100,99982,100,100049,100,99964,100,100062,100,99963,100,100065,100,99962,100,100071,100,99961,100,100072,100,99953,100,100076,100,99948,100
2019-06-28 09:30:00.000000085,100026,300,99995,100,100039,200,99994,100,100040,100,99986,100,100048,100,99983,100,100049,100,99982,100,100062,100,99965,100,100065,100,99964,100,100071,100,99963,100,100072,100,99962,100,100076,100,99961,100
2019-06-28 09:30:00.000000087,100026,300,99995,100,100039,200,99994,100,100040,100,99986,100,100048,100,99983,100,100049,100,99982,100,100062,100,99965,100,100065,100,99964,100,100071,100,99963,100,100072,100,99962,100,100076,100,99961,100
2019-06-28 09:30:00.000000090,100026,300,100012,100,100039,200,99995,100,100040,100,99994,100,100048,100,99986,100,100049,100,99983,100,100062,100,99982,100,100065,100,99965,100,100071,100,99964,100,100072,100,99963,100,100076,100,99962,100
2019-06-28 09:30:00.000000092,100026,300,100012,200,100039,200,99995,100,100040,100,99994,100,100048,100,99986,100,100049,100,99983,100,100062,100,99982,100,100065,100,99965,100,100071,100,99964,100,100072,100,99963,100,100076,100,99962,100
2019-06-28 09:30:00.000000095,100025,100,100012,200,100026,300,99995,100,100039,200,99994,100,100040,100,99986,100,100048,100,99983,100,100049,100,99982,100,100062,100,99965,100,100065,100,99964,100,100071,100,99963,100,100072,100,99962,100
2019-06-28 09:30:00.000000097,100025,100,100012,200,100026,300,99995,100,100028,100,99994,100,100039,200,99986,100,100040,100,99983,100,100048,100,99982,100,100049,100,99965,100,100062,100,99964,100,100065,100,99963,100,100071,100,99962,100
2019-06-28 09:30:00.000000099,100025,100,100012,200,100026,300,100007,100,100028,100,99995,100,100039,200,99994,100,100040,100,99986,100,100048,100,99983,100,100049,100,99982,100,100062,100,99965,100,100065,100,99964,100,100071,100,99963,100
2019-06-28 09:30:10.000000000,100025,272,100012,372,100026,472,100007,272,100028,100,99995,100,100039,200,99994,100,100040,100,99986,100,100048,100,99983,100,100049,100,99982,100,100062,100,99965,100,100065,100,99964,100,100071,100,99963,100
2019-06-28 09:30:17.776760218,100025,372,100012,372,100026,472,100007,272,100028,100,99995,100,100039,200,99994,100,100040,100,99986,100,100048,100,99982,100,100049,100,99965,100,100062,100,99964,100,100065,100,99963,100,100071,100,99962,100
2019-06-28 09:30:20.000000000,100025,544,100012,544,100026,300,100007,100,100028,100,99995,100,100039,200,99994,100,100040,100,99986,100,100048,100,99982,100,100049,100,99965,100,100062,100,99964,100,100065,100,99963,100,100071,100,99962,100
2019-06-28 09:30:28.613199553,100025,544,100012,544,100026,300,100007,100,100028,100,99995,100,100039,200,99994,100,100040,100,99986,100,100048,100,99982,100,100049,100,99965,100,100059,100,99964,100,100062,100,99963,100,100065,100,99962,100
2019-06-28 09:30:30.000000000,100025,372,100012,372,100026,472,100007,272,100028,100,99995,100,100039,200,99994,100,100040,100,99986,100,100048,100,99982,100,100049,100,99965,100,100059,100,99964,100,100062,100,99963,100,100065,100,99962,100
2019-06-28 09:30:40.000000000,100025,544,100012,544,100026,300,100007,100,100028,100,99995,100,100039,200,99994,100,100040,100,99986,100,100048,100,99982,100,100049,100,99965,100,100059,100,99964,100,100062,100,99963,100,100065,100,99962,100
2019-06-28 09:30:50.000000000,100025,317,100012,317,100026,414,100007,214,100028,214,99995,214,100039,200,99994,100,100040,100,99986,100,100048,100,99982,100,100049,100,99965,100,100059,100,99964,100,100062,100,99963,100,100065,100,99962,100
2019-06-28 09:30:51.824011547,100025,317,100012,317,100026,414,100007,214,100028,214,99995,214,100039,200,99994,100,100040,100,99986,100,100048,100,99982,100,100049,100,99965,100,100059,100,99964,100,100062,100,99963,100,100065,100,99962,100
2019-06-28 09:31:00.000000000,100025,269,100012,269,100026,369,100007,169,100028,169,99995,169,100039,269,99994,169,100040,169,99986,169,100048,100,99982,100,100049,100,99965,100,100059,100,99964,100,100062,100,99963,100,100065,100,99962,100
2019-06-28 09:31:02.213687705,100025,269,100012,269,100026,369,100007,169,100028,169,99995,169,100039,269,99994,169,100040,169,99986,169,100048,100,99982,100,100049,100,99965,100,100059,100,99964,100,100062,100,99963,100,100065,100,99962,100
2019-06-28 09:31:10.000000000,100025,544,100012,544,100026,300,100007,100,100028,100,99995,100,100039,200,99994,100,100040,100,99986,100,100048,100,99982,100,100049,100,99965,100,100059,100,99964,100,100062,100,99963,100,100065,100,99962,100
2019-06-28 09:31:14.517414048,100025,544,100012,544,100026,300,100007,100,100028,100,99995,100,100039,200,99994,100,100040,100,99986,100,100048,100,99982,100,100049,100,99965,100,100059,100,99964,100,100062,100,99963,100,100065,100,99962,100
2019-06-28 09:31:15.078332441,100025,544,100012,544,100026,300,100007,100,100028,100,99995,100,100039,200,99994,100,100040,100,99986,100,100048,100,99982,100,100049,100,99965,100,100059,100,99964,100,100062,100,99963,100,100065,100,99962,100
2019-06-28 09:31:20.000000000,100025,269,100012,269,100026,369,100007,169,100028,169,99995,169,100039,269,99994,169,100040,169,99986,169,100048,100,99982,100,100049,100,99965,100,100059,100,99964,100,100062,100,99963,100,100065,100,99962,100
2019-06-28 09:31:29.417554493,100025,269,100012,269,100026,369,100007,269,100028,169,99995,169,100039,269,99994,169,100040,169,99986,169,100048,100,99982,100,100049,100,99965,100,100059,100,99964,100,100062,100,99963,100,100065,100,99962,100
2019-06-28 09:31:30.000000000,100025,544,100012,544,100026,300,100007,200,100028,100,99995,100,100039,200,99994,100,100040,100,99986,100,100048,100,99982,100,100049,100,99965,100,100059,100,99964,100,100062,100,99963,100,100065,100,99962,100
2019-06-28 09:31:38.417633604,100025,444,100012,544,100026,300,100007,200,100028,100,99994,100,100039,200,99986,100,100040,100,99982,100,100048,100,99965,100,100049,100,99964,100,100059,100,99963,100,100062,100,99962,100,100065,100,99961,100
2019-06-28 09:31:40.000000000,100025,444,100012,544,100026,300,100007,200,100028,100,99994,100,100039,200,99986,100,100040,100,99982,100,100048,100,99965,100,100049,100,99964,100,100059,100,99963,100,100062,100,99962,100,100065,100,99961,100
2019-06-28 09:31:50.000000000,100025,186,100012,286,100026,386,100007,286,100028,186,99994,186,100039,286,99986,186,100040,100,99982,100,100048,100,99965,100,100049,100,99964,100,100059,100,99963,100,100062,100,99962,100,100065,100,99961,100
2019-06-28 09:31:51.951006036,100025,186,100012,186,100026,386,100007,286,100028,186,99994,186,100039,286,99986,186,100040,100,99982,100,100048,100,99965,100,100049,100,99964,100,100059,100,99963,100,100062,100,99962,100,100065,100,99961,100
2019-06-28 09:31:52.930689217,100025,186,100012,186,100026,386,100007,286,100028,186,99994,186,100039,286,99986,186,100040,100,99982,100,100048,100,99965,100,100049,100,99964,100,100059,100,99963,100,100062,100,99962,100,100065,100,99961,100
2019-06-28 09:31:59.971914560,100024,100,100012,186,100025,186,100007,286,100026,386,99994,186,100028,186,99986,186,100039,286,99982,100,100040,100,99965,100,100048,100,99964,100,100049,100,99963,100,100059,100,99962,100,100062,100,99961,100
2019-06-28 09:32:00.000000000,100024,169,100012,169,100025,169,100007,269,100026,369,99994,169,100028,169,99986,169,100039,269,99982,169,100040,100,99965,100,100048,100,99964,100,100049,100,99963,100,100059,100,99962,100,100062,100,99961,100
2019-06-28 09:32:07.273897865,100024,169,100012,169,100025,169,100007,269,100026,369,99994,169,100028,169,99986,169,100039,269,99982,169,100040,100,99965,100,100048,100,99964,100,100049,100,99963,100,100059,100,99962,100,100062,100,99961,100
2019-06-28 09:32:07.627985118,100018,100,100012,169,100024,169,100007,269,100025,169,99994,169,100026,269,99986,169,100028,169,99982,169,100039,269,99965,100,100040,100,99964,100,100048,100,99963,100,100049,100,99962,100,100059,100,99961,100
2019-06-28 09:32:10.000000000,100018,169,100012,169,100024,169,100007,269,100025,169,99994,169,100026,269,99986,169,100028,169,99982,169,100039,200,99965,100,100040,100,99964,100,100048,100,99963,100,100049,100,99962,100,100059,100,99961,100
2019-06-28 09:32:20.000000000,100018,217,100012,217,100024,214,100007,314,100025,214,99994,214,100026,200,99986,100,100028,100,99982,100,100039,200,99965,100,100040,100,99964,100,100048,100,99963,100,100049,100,99962,100,100059,100,99961,100
2019-06-28 09:32:30.000000000,100018,444,100012,444,100024,100,100007,200,100025,100,99994,100,100026,200,99986,100,100028,100,99982,100,100039,200,99965,100,100040,100,99964,100,100048,100,99963,100,100049,100,99962,100,100059,100,99961,100
2019-06-28 09:32:40.000000000,100018,169,100012,169,100024,169,100007,269,100025,169,99994,169,100026,269,99986,169,100028,169,99982,169,100039,200,99965,100,100040,100,99964,100,100048,100,99963,100,100049,100,99962,100,100059,100,99961,100
2019-06-28 09:32:50.000000000,100018,169,100012,169,100024,169,100007,269,100025,169,99994,169,100026,269,99986,169,100028,169,99982,169,100039,200,99965,100,100040,100,99964,100,100048,100,99963,100,100049,100,99962,100,100059,100,99961,100
2019-06-28 09:33:00.000000000,100018,186,100012,186,100024,186,100007,286,100025,186,99994,186,100026,286,99986,186,100028,100,99982,100,100039,200,99965,100,100040,100,99964,100,100048,100,99963,100,100049,100,99962,100,100059,100,99961,100
2019-06-28 09:33:10.000000000,100018,444,100012,444,100024,100,100007,200,100025,100,99994,100,100026,200,99986,100,100028,100,99982,100,100039,200,99965,100,100040,100,99964,100,100048,100,99963,100,100049,100,99962,100,100059,100,99961,100
2019-06-28 09:33:11.051665716,100018,444,100012,444,100024,100,100007,100,100025,100,99994,100,100026,200,99986,100,100028,100,99982,100,100039,200,99965,100,100040,100,99964,100,100048,100,99963,100,100049,100,99962,100,100059,100,99961,100
2019-06-28 09:33:20.000000000,100018,444,100012,444,100024,100,100007,100,100025,100,99994,100,100026,200,99986,100,100028,100,99982,100,100039,200,99965,100,100040,100,99964,100,100048,100,99963,100,100049,100,99962,100,100059,100,99961,100
2019-06-28 09:33:30.000000000,100018,186,100012,186,100024,186,100007,186,100025,186,99994,186,100026,286,99986,186,100028,100,99982,100,100039,200,99965,100,100040,100,99964,100,100048,100,99963,100,100049,100,99962,100,100059,100,99961,100
2019-06-28 09:33:36.033854169,100018,186,100012,186,100024,186,100007,186,100025,186,99994,186,100026,286,99986,186,100028,100,99982,100,100039,200,99965,100,100040,100,99964,100,100048,100,99963,100,100049,100,99962,100,100062,100,99961,100
2019-06-28 09:33:40.000000000,100018,186,100012,186,100024,186,100007,186,100025,186,99994,186,100026,286,99986,186,100028,100,99982,100,100039,200,99965,100,100040,100,99964,100,100048,100,99963,100,100049,100,99962,100,100062,100,99961,100
2019-06-28 09:33:48.422549752,100018,186,100012,186,100024,186,100007,186,100025,186,99994,186,100026,286,99986,186,100028,100,99982,100,100039,100,99965,100,100040,100,99964,100,100048,100,99963,100,100049,100,99962,100,100062,100,99961,100
2019-06-28 09:33:50.000000000,100018,272,100012,272,100024,272,100007,272,100025,100,99994,100,100026,200,99986,100,100028,100,99982,100,100039,100,99965,100,100040,100,99964,100,100048,100,99963,100,100049,100,99962,100,100062,100,99961,100
2019-06-28 09:33:56.258737700,100018,172,100012,272,100024,272,100007,272,100025,100,99994,100,100026,200,99986,100,100028,100,99982,100,100039,100,99965,100,100040,100,99964,100,100048,100,99963,100,100049,100,99961,100,100062,100,99953,100
2019-06-28 09:33:58.660008476,100018,72,100012,272,100024,272,100007,272,100025,100,99994,100,100026,200,99986,100,100028,100,99982,100,100039,100,99965,100,100040,100,99964,100,100048,100,99963,100,100049,100,99961,100,100062,100,99953,100
2019-06-28 09:34:00.000000000,100024,272,100012,272,100025,272,100007,272,100026,200,99994,100,100028,100,99986,100,100039,100,99982,100,100040,100,99965,100,100048,100,99964,100,100049,100,99963,100,100062,100,99961,100,100065,100,99953,100
2019-06-28 09:34:00.042622277,100024,272,100018,100,100025,272,100012,272,100026,200,100007,272,100028,100,99994,100,100039,100,99986,100,100040,100,99982,100,100048,100,99965,100,100049,100,99964,100,100062,100,99963,100,100065,100,99961,100
2019-06-28 09:34:07.324326519,100024,272,100018,100,100025,272,100012,272,100026,200,100007,272,100028,100,99994,100,100039,100,99986,100,100040,100,99982,100,100048,100,99965,100,100049,100,99964,100,100062,100,99963,100,100065,100,99961,100
2019-06-28 09:34:10.000000000,100024,444,100018,444,100025,100,100012,100,100026,200,100007,100,100028,100,99994,100,100039,100,99986,100,100040,100,99982,100,100048,100,99965,100,100049,100,99964,100,100062,100,99963,100,100065,100,99961,100
2019-06-28 09:34:20.000000000,100024,444,100018,444,100025,100,100012,100,100026,200,100007,100,100028,100,99994,100,100039,100,99986,100,100040,100,99982,100,100048,100,99965,100,100049,100,99964,100,100062,100,99963,100,100065,100,99961,100
2019-06-28 09:34:21.302057071,100024,444,100018,444,100025,100,100012,100,100026,200,100007,100,100028,100,99994,100,100039,100,99986,100,100040,100,99982,100,100048,100,99965,100,100049,100,99964,100,100062,100,99963,100,100065,100,99961,100
2019-06-28 09:34:30.000000000,100024,186,100018,186,100025,186,100012,186,100026,286,100007,186,100028,186,99994,186,100039,100,99986,100,100040,100,99982,100,100048,100,99965,100,100049,100,99964,100,100062,100,99963,100,100065,100,99961,100
2019-06-28 09:34:33.737900769,100024,86,100018,186,100025,186,100012,186,100026,286,100007,186,100028,186,99994,186,100039,100,99986,100,100040,100,99982,100,100048,100,99965,100,100049,100,99964,100,100062,100,99963,100,100065,100,99961,100
2019-06-28 09:34:40.000000000,100025,217,100018,217,100026,314,100012,214,100028,214,100007,214,100039,100,99994,100,100040,100,99986,100,100048,100,99982,100,100049,100,99965,100,100062,100,99964,100,100065,100,99963,100,100071,100,99961,100
2019-06-28 09:34:50.000000000,100025,217,100018,217,100026,314,100012,214,100028,214,100007,214,100039,100,99994,100,100040,100,99986,100,100048,100,99982,100,100049,100,99965,100,100062,100,99964,100,100065,100,99963,100,100071,100,99961,100
2019-06-28 09:35:00.000000000,100025,169,100018,169,100026,269,100012,169,100028,169,100007,169,100039,169,99994,169,100040,169,99986,169,100048,100,99982,100,100049,100,99965,100,100062,100,99964,100,100065,100,99963,100,100071,100,99961,100
2019-06-28 09:35:09.295942323,100025,169,100018,169,100026,269,100012,169,100028,169,100007,169,100039,169,99994,169,100040,169,99986,169,100048,100,99982,100,100049,100,99965,100,100062,100,99963,100,100065,100,99961,100,100071,100,99953,100
2019-06-28 09:35:10.000000000,100025,444,100018,444,100026,200,100012,100,100028,100,100007,100,100039,100,99994,100,100040,100,99986,100,100048,100,99982,100,100049,100,99965,100,100062,100,99963,100,100065,100,99961,100,100071,100,99953,100
2019-06-28 09:35:20.000000000,100025,186,100018,186,100026,286,100012,186,100028,186,100007,186,100039,186,99994,186,100040,100,99986,100,100048,100,99982,100,100049,100,99965,100,100062,100,99963,100,100065,100,99961,100,100071,100,99953,100
2019-06-28 09:35:20.415443922,100025,186,100018,286,100026,286,100012,186,100028,186,100007,186,100039,186,99994,186,100040,100,99986,100,100048,100,99982,100,100049,100,99965,100,100062,100,99963,100,100065,100,99961,100,100071,100,99953,100
2019-06-28 09:35:30.000000000,100025,272,100018,372,100026,372,100012,272,100028,100,100007,100,100039,100,99994,100,100040,100,99986,100,100048,100,99982,100,100049,100,99965,100,100062,100,99963,100,100065,100,99961,100,100071,100,99953,100
2019-06-28 09:35:37.649886047,100025,272,100018,372,100026,372,100012,272,100028,100,100007,100,100039,100,99994,100,100040,100,99986,100,100048,100,99982,100,100049,100,99965,100,100062,100,99963,100,100065,100,99961,100,100071,100,99953,100
2019-06-28 09:35:40.000000000,100025,169,100018,269,100026,269,100012,169,100028,169,100007,169,100039,169,99994,169,100040,169,99986,169,100048,100,99982,100,100049,100,99965,100,100062,100,99963,100,100065,100,99961,100,100071,100,99953,100
2019-06-28 09:35:50.000000000,100025,186,100018,286,100026,286,100012,186,100028,186,100007,186,100039,186,99994,186,100040,100,99986,100,100048,100,99982,100,100049,100,99965,100,100062,100,99963,100,100065,100,99961,100,100071,100,99953,100
2019-06-28 09:36:00.000000000,100025,169,100018,269,100026,269,100012,169,100028,169,100007,169,100039,169,99994,169,100040,169,99986,169,100048,100,99982,100,100049,100,99965,100,100062,100,99963,100,100065,100,99961,100,100071,100,99953,100
2019-06-28 09:36:07.520248626,100025,169,100018,169,100026,269,100012,169,100028,169,100007,169,100039,169,99994,169,100040,169,99986,169,100048,100,99982,100,100049,100,99965,100,100062,100,99963,100,100065,100,99961,100,100071,100,99953,100
2019-06-28 09:36:09.217780305,100025,169,100018,269,100026,269,100012,169,100028,169,100007,169,100039,169,99994,169,100040,169,99986,169,100048,100,99982,100,100049,100,99965,100,100062,100,99963,100,100065,100,99961,100,100071,100,99953,100
2019-06-28 09:36:10.000000000,100025,272,100018,372,100026,372,100012,272,100028,100,100007,100,100039,100,99994,100,100040,100,99986,100,100048,100,99982,100,100049,100,99965,100,100062,100,99963,100,100065,100,99961,100,100071,100,99953,100
2019-06-28 09:36:18.322826187,100025,272,100018,372,100026,372,100012,272,100028,100,100007,100,100039,100,99994,100,100040,100,99986,100,100048,100,99982,100,100049,100,99965,100,100062,100,99961,100,100065,100,99953,100,100071,100,99934,100
2019-06-28 09:36:20.000000000,100025,186,100018,286,100026,286,100012,186,100028,186,100007,186,100039,186,99994,186,100040,100,99986,100,100048,100,99982,100,100049,100,99965,100,100062,100,99961,100,100065,100,99953,100,100071,100,99934,100
2019-06-28 09:36:30.000000000,100025,444,100018,544,100026,200,100012,100,100028,100,100007,100,100039,100,99994,100,100040,100,99986,100,100048,100,99982,100,100049,100,99965,100,100062,100,99961,100,100065,100,99953,100,100071,100,99934,100
2019-06-28 09:36:40.000000000,100025,272,100018,372,100026,372,100012,272,100028,100,100007,100,100039,100,99994,100,100040,100,99986,100,100048,100,99982,100,100049,100,99965,100,100062,100,99961,100,100065,100,99953,100,100071,100,99934,100
2019-06-28 09:36:50.000000000,100025,186,100018,286,100026,286,100012,186,100028,186,100007,186,100039,186,99994,186,100040,100,99986,100,100048,100,99982,100,100049,100,99965,100,100062,100,99961,100,100065,100,99953,100,100071,100,99934,100
2019-06-28 09:37:00.000000000,100025,272,100018,372,100026,372,100012,272,100028,100,100007,100,100039,100,99994,100,100040,100,99986,100,100048,100,99982,100,100049,100,99965,100,100062,100,99961,100,100065,100,99953,100,100071,100,99934,100
2019-06-28 09:37:02.409466943,100025,272,100018,372,100026,372,100012,272,100028,100,100007,100,100039,100,99994,100,100040,100,99986,100,100048,100,99982,100,100049,100,99965,100,100062,100,99953,100,100065,100,99934,100,100071,100,99921,100
2019-06-28 09:37:10.000000000,100025,186,100018,286,100026,286,100012,186,100028,186,100007,186,100039,186,99994,186,100040,100,99986,100,100048,100,99982,100,100049,100,99965,100,100062,100,99953,100,100065,100,99934,100,100071,100,99921,100
2019-06-28 09:37:12.049000779,100025,186,100018,286,100026,286,100012,186,100028,186,100007,186,100039,186,99994,86,100040,100,99986,100,100048,100,99982,100,100049,100,99965,100,100062,100,99953,100,100065,100,99934,100,100071,100,99921,100
2019-06-28 09:37:15.282841148,100025,186,100018,286,100026,286,100012,186,100028,186,100007,186,100039,186,99994,86,100040,100,99986,100,100048,100,99982,100,100049,100,99965,100,100062,100,99953,100,100065,100,99934,100,100071,100,99921,100
2019-06-28 09:37:20.000000000,100025,169,100018,269,100026,269,100012,169,100028,169,100007,169,100039,169,99986,169,100040,169,99982,169,100048,100,99965,100,100049,100,99953,100,100062,100,99934,100,100065,100,99921,100,100071,100,99910,100
2019-06-28 09:37:24.314067091,100025,169,100018,269,100026,269,100012,169,100028,169,100007,169,100039,169,99986,169,100040,169,99982,169,100048,100,99965,100,100049,100,99953,100,100062,100,99934,100,100065,100,99921,100,100071,100,99910,100
2019-06-28 09:37:30.000000000,100025,217,100018,317,100026,314,100012,214,100028,214,100007,214,100039,100,99986,100,100040,100,99982,100,100048,100,99965,100,100049,100,99953,100,100062,100,99934,100,100065,100,99921,100,100071,100,99910,100
2019-06-28 09:37:40.000000000,100025,217,100018,317,100026,314,100012,214,100028,214,100007,214,100039,100,99986,100,100040,100,99982,100,100048,100,99965,100,100049,100,99953,100,100062,100,99934,100,100065,100,99921,100,100071,100,99910,100
2019-06-28 09:37:42.681188105,100025,217,100018,317,100026,314,100012,214,100028,214,100007,114,100039,100,99986,100,100040,100,99982,100,100048,100,99965,100,100049,100,99953,100,100062,100,99934,100,100065,100,99921,100,100071,100,99910,100
2019-06-28 09:37:47.178241415,100025,217,100018,217,100026,314,100012,214,100028,214,100007,114,100039,100,99986,100,100040,100,99982,100,100048,100,99965,100,100049,100,99953,100,100062,100,99934,100,100065,100,99921,100,100071,100,99910,100
2019-06-28 09:37:50.000000000,100025,217,100018,217,100026,314,100012,214,100028,214,99986,214,100039,100,99982,100,100040,100,99965,100,100048,100,99953,100,100049,100,99934,100,100062,100,99921,100,100065,100,99910,100,100071,100,99907,100
2019-06-28 09:38:00.000000000,100025,186,100018,186,100026,286,100012,186,100028,186,99986,186,100039,186,99982,186,100040,100,99965,100,100048,100,99953,100,100049,100,99934,100,100062,100,99921,100,100065,100,99910,100,100071,100,99907,100
2019-06-28 09:38:06.900125671,100025,186,100018,86,100026,286,100012,186,100028,186,99986,186,100039,186,99982,186,100040,100,99965,100,100048,100,99953,100,100049,100,99934,100,100062,100,99921,100,100065,100,99910,100,100071,100,99907,100
2019-06-28 09:38:10.000000000,100025,444,100012,444,100026,200,99986,100,100028,100,99982,100,100039,100,99965,100,100040,100,99953,100,100048,100,99934,100,100049,100,99921,100,100062,100,99910,100,100065,100,99907,100,100071,100,99901,100
2019-06-28 09:38:20.000000000,100025,272,100012,272,100026,372,99986,272,100028,100,99982,100,100039,100,99965,100,100040,100,99953,100,100048,100,99934,100,100049,100,99921,100,100062,100,99910,100,100065,100,99907,100,100071,100,99901,100
2019-06-28 09:38:30.000000000,100025,272,100012,272,100026,372,99986,272,100028,100,99982,100,100039,100,99965,100,100040,100,99953,100,100048,100,99934,100,100049,100,99921,100,100062,100,99910,100,100065,100,99907,100,100071,100,99901,100
2019-06-28 09:38:31.852859695,100025,272,100012,272,100026,372,99986,272,100028,100,99982,100,100039,100,99965,100,100040,100,99934,100,100048,100,99921,100,100049,100,99910,100,100062,100,99907,100,100065,100,99901,100,100071,100,99898,100
2019-06-28 09:38:40.000000000,100025,169,100012,169,100026,269,99986,169,100028,169,99982,169,100039,169,99965,169,100040,169,99934,169,100048,100,99921,100,100049,100,99910,100,100062,100,99907,100,100065,100,99901,100,100071,100,99898,100
2019-06-28 09:38:50.000000000,100025,217,100012,217,100026,314,99986,214,100028,214,99982,214,100039,100,99965,100,100040,100,99934,100,100048,100,99921,100,100049,100,99910,100,100062,100,99907,100,100065,100,99901,100,100071,100,99898,100
2019-06-28 09:38:59.341306146,100025,217,100012,217,100026,314,99986,214,100028,214,99982,214,100040,100,99965,100,100048,100,99934,100,100049,100,99921,100,100062,100,99910,100,100065,100,99907,100,100071,100,99901,100,100095,100,99898,100
2019-06-28 09:39:00.000000000,100025,444,100012,444,100026,200,99986,100,100028,100,99982,100,100040,100,99965,100,100048,100,99934,100,100049,100,99921,100,100062,100,99910,100,100065,100,99907,100,100071,100,99901,100,100095,100,99898,100
2019-06-28 09:39:10.000000000,100025,217,100012,217,100026,314,99986,214,100028,214,99982,214,100040,100,99965,100,100048,100,99934,100,100049,100,99921,100,100062,100,99910,100,100065,100,99907,100,100071,100,99901,100,100095,100,99898,100
2019-06-28 09:39:11.943806490,100025,217,100012,117,100026,314,99986,214,100028,214,99982,214,100040,100,99965,100,100048,100,99934,100,100049,100,99921,100,100062,100,99910,100,100065,100,99907,100,100071,100,99901,100,100095,100,99898,100
2019-06-28 09:39:13.447698721,100025,217,100012,17,100026,314,99986,214,100028,214,99982,214,100040,100,99934,100,100048,100,99921,100,100049,100,99910,100,100062,100,99907,100,100065,100,99901,100,100071,100,99898,100,100095,100,99888,100
2019-06-28 09:39:19.236359177,100012,83,99986,214,100025,217,99982,214,100026,314,99934,100,100028,214,99921,100,100040,100,99910,100,100048,100,99907,100,100049,100,99901,100,100062,100,99898,100,100065,100,99883,100,100071,100,99880,100
2019-06-28 09:39:20.000000000,100012,169,99986,186,100025,186,99982,186,100026,286,99934,186,100028,186,99921,186,100040,100,99910,100,100048,100,99907,100,100049,100,99901,100,100062,100,99898,100,100065,100,99883,100,100071,100,99880,100
2019-06-28 09:39:27.171696782,100012,169,99986,186,100025,186,99982,186,100026,286,99934,186,100028,186,99921,186,100040,100,99910,100,100048,100,99907,100,100049,100,99901,100,100062,100,99898,100,100065,100,99883,100,100071,100,99880,100
2019-06-28 09:39:30.000000000,100012,169,99986,186,100025,186,99982,186,100026,286,99934,186,100028,186,99921,186,100040,100,99910,100,100048,100,99907,100,100049,100,99901,100,100062,100,99898,100,100065,100,99883,100,100071,100,99880,100
2019-06-28 09:39:32.531926117,100012,169,99986,186,100025,186,99982,186,100026,286,99934,186,100028,186,99921,186,100040,100,99910,100,100048,100,99907,100,100049,100,99901,100,100062,100,99898,100,100065,100,99883,100,100071,100,99880,100
2019-06-28 09:39:40.000000000,100012,169,99986,186,100025,186,99982,186,100026,286,99934,186,100028,186,99921,186,100040,100,99910,100,100048,100,99907,100,100049,100,99901,100,100062,100,99898,100,100065,100,99883,100,100071,100,99880,100
2019-06-28 09:39:50.000000000,100012,169,99986,186,100025,186,99982,186,100026,286,99934,186,100028,186,99921,186,100040,100,99910,100,100048,100,99907,100,100049,100,99901,100,100062,100,99898,100,100065,100,99883,100,100071,100,99880,100
2019-06-28 09:40:00.000000000,100012,255,99986,272,100025,272,99982,272,100026,200,99934,100,100028,100,99921,100,100040,100,99910,100,100048,100,99907,100,100049,100,99901,100,100062,100,99898,100,100065,100,99883,100,100071,100,99880,100
2019-06-28 09:40:10.000000000,100012,169,99986,186,100025,186,99982,186,100026,286,99934,186,100028,186,99921,186,100040,100,99910,100,100048,100,99907,100,100049,100,99901,100,100062,100,99898,100,100065,100,99883,100,100071,100,99880,100
2019-06-28 09:40:11.264287049,100012,169,99986,186,100025,186,99982,86,100026,286,99934,186,100028,186,99921,186,100040,100,99910,100,100048,100,99907,100,100049,100,99901,100,100062,100,99898,100,100065,100,99883,100,100071,100,99880,100
2019-06-28 09:40:18.091895064,100012,269,99986,186,100025,186,99982,86,100026,286,99934,186,100028,186,99921,186,100040,100,99910,100,100048,100,99907,100,100049,100,99901,100,100062,100,99898,100,100065,100,99883,100,100071,100,99880,100
2019-06-28 09:40:20.000000000,100012,355,99986,272,100025,272,99934,272,100026,200,99921,100,100028,100,99910,100,100040,100,99907,100,100048,100,99901,100,100049,100,99898,100,100062,100,99883,100,100065,100,99880,100,100071,100,99868,100
2019-06-28 09:40:30.000000000,100012,355,99986,272,100025,272,99934,272,100026,200,99921,100,100028,100,99910,100,100040,100,99907,100,100048,100,99901,100,100049,100,99898,100,100062,100,99883,100,100065,100,99880,100,100071,100,99868,100
2019-06-28 09:40:40.000000000,100012,355,99986,272,100025,272,99934,272,100026,200,99921,100,100028,100,99910,100,100040,100,99907,100,100048,100,99901,100,100049,100,99898,100,100062,100,99883,100,100065,100,99880,100,100071,100,99868,100
2019-06-28 09:40:40.930525618,100012,355,99986,272,100025,272,99934,272,100026,200,99921,100,100028,100,99910,100,100040,100,99907,100,100048,100,99901,100,100049,100,99898,100,100062,100,99883,100,100065,100,99880,100,100071,100,99868,100
2019-06-28 09:40:43.895549777,100012,455,99986,272,100025,272,99934,272,100026,200,99921,100,100028,100,99910,100,100040,100,99907,100,100048,100,99901,100,100049,100,99898,100,100062,100,99883,100,100065,100,99880,100,100071,100,99868,100
2019-06-28 09:40:49.240448067,100012,455,99986,172,100025,272,99934,272,100026,200,99921,100,100028,100,99910,100,100040,100,99907,100,100048,100,99901,100,100049,100,99898,100,100062,100,99883,100,100065,100,99880,100,100071,100,99868,100
2019-06-28 09:40:50.000000000,100012,455,99934,272,100025,272,99921,272,100026,200,99910,100,100028,100,99907,100,100040,100,99901,100,100048,100,99898,100,100049,100,99883,100,100062,100,99880,100,100065,100,99868,100,100071,100,99841,100
2019-06-28 09:40:58.406333382,100012,455,99934,172,100025,272,99921,272,100026,200,99910,100,100028,100,99907,100,100040,100,99901,100,100048,100,99898,100,100049,100,99883,100,100062,100,99880,100,100065,100,99868,100,100071,100,99841,100
2019-06-28 09:41:00.000000000,100012,369,99921,186,100025,186,99910,186,100026,286,99907,186,100028,186,99901,186,100040,100,99898,100,100048,100,99883,100,100049,100,99880,100,100062,100,99868,100,100065,100,99841,100,100071,100,99804,100
2019-06-28 09:41:04.764172962,100012,369,99921,186,100025,86,99910,186,100026,286,99907,186,100028,186,99901,186,100040,100,99898,100,100048,100,99883,100,100049,100,99880,100,100062,100,99868,100,100065,100,99841,100,100071,100,99804,100
2019-06-28 09:41:10.000000000,100012,369,99921,186,100026,286,99910,186,100028,186,99907,186,100040,186,99901,186,100048,100,99898,100,100049,100,99883,100,100062,100,99880,100,100065,100,99868,100,100071,100,99841,100,100095,100,99804,100
2019-06-28 09:41:20.000000000,100012,352,99921,169,100026,269,99910,169,100028,169,99907,169,100040,169,99901,169,100048,169,99898,169,100049,100,99883,100,100062,100,99880,100,100065,100,99868,100,100071,100,99841,100,100095,100,99804,100
2019-06-28 09:41:23.132017876,100012,352,99921,169,100026,269,99910,169,100028,169,99907,169,100040,169,99901,169,100048,169,99898,169,100049,100,99883,100,100062,100,99880,100,100065,100,99868,100,100071,100,99841,100,100095,100,99804,100
2019-06-28 09:41:30.000000000,100012,400,99921,217,100026,314,99910,214,100028,214,99907,214,100040,100,99901,100,100048,100,99898,100,100049,100,99883,100,100062,100,99880,100,100065,100,99868,100,100071,100,99841,100,100095,100,99804,100
2019-06-28 09:41:32.659842329,100012,400,99921,217,100026,314,99910,214,100028,214,99907,214,100048,100,99901,100,100049,100,99898,100,100062,100,99883,100,100065,100,99880,100,100071,100,99868,100,100095,100,99841,100,100097,200,99804,100
2019-06-28 09:41:34.728674167,100012,400,99921,117,100026,314,99910,214,100028,214,99907,214,100048,100,99901,100,100049,100,99898,100,100062,100,99883,100,100065,100,99880,100,100071,100,99868,100,100095,100,99841,100,100097,200,99804,100
2019-06-28 09:41:40.000000000,100012,369,99910,186,100026,286,99907,186,100028,186,99901,186,100048,186,99898,186,100049,100,99883,100,100062,100,99880,100,100065,100,99868,100,100071,100,99841,100,100095,100,99804,100,100097,200,99803,100
2019-06-28 09:41:43.462375822,99934,100,99910,186,100012,369,99907,186,100026,286,99901,186,100028,186,99898,186,100048,186,99883,100,100049,100,99880,100,100062,100,99841,100,100065,100,99804,100,100071,100,99803,100,100095,100,99526,100
2019-06-28 09:41:48.351765716,99934,100,99910,186,100012,369,99907,186,100026,286,99901,186,100028,186,99898,186,100048,186,99883,100,100049,100,99880,100,100062,100,99841,100,100065,100,99804,100,100071,100,99803,100,100097,200,99526,100
2019-06-28 09:41:50.000000000,99934,272,99910,272,100012,455,99907,272,100026,200,99901,100,100028,100,99898,100,100048,100,99883,100,100049,100,99880,100,100062,100,99841,100,100065,100,99804,100,100071,100,99803,100,100097,200,99526,100
2019-06-28 09:41:53.143454664,99934,172,99910,272,100012,455,99907,272,100026,200,99901,100,100028,100,99898,100,100048,100,99883,100,100049,100,99880,100,100062,100,99841,100,100065,100,99804,100,100071,100,99803,100,100097,200,99526,100
2019-06-28 09:41:56.252983665,99934,172,99910,272,100012,455,99907,272,100026,200,99901,100,100028,100,99898,100,100048,100,99883,100,100049,100,99880,100,100062,100,99841,100,100071,100,99804,100,100097,200,99803,100,100126,100,99526,100
2019-06-28 09:42:00.000000000,100012,400,99910,217,100026,314,99907,214,100028,214,99901,214,100048,100,99898,100,100049,100,99883,100,100062,100,99880,100,100071,100,99841,100,100097,200,99804,100,100126,100,99803,100,100147,100,99526,100
2019-06-28 09:42:02.055297582,100012,400,99910,117,100026,314,99907,214,100028,114,99901,214,100048,100,99898,100,100049,100,99883,100,100062,100,99880,100,100071,100,99841,100,100097,200,99804,100,100126,100,99803,100,100147,100,99526,100
2019-06-28 09:42:10.000000000,100012,352,99907,169,100026,269,99901,169,100048,169,99898,169,100049,169,99883,169,100062,169,99880,169,100071,100,99841,100,100097,200,99804,100,100126,100,99803,100,100147,100,99526,100,100168,100,99501,100
2019-06-28 09:42:14.595846665,99921,100,99907,169,100012,352,99901,169,100026,169,99898,169,100048,169,99883,169,100049,169,99880,169,100062,169,99841,100,100071,100,99804,100,100097,200,99803,100,100126,100,99526,100,100147,100,99501,100
2019-06-28 09:42:20.000000000,99921,444,99907,444,100012,283,99901,100,100026,100,99898,100,100048,100,99883,100,100049,100,99880,100,100062,100,99841,100,100071,100,99804,100,100097,200,99803,100,100126,100,99526,100,100147,100,99501,100
2019-06-28 09:42:30.000000000,99921,186,99907,186,100012,369,99901,186,100026,186,99898,186,100048,186,99883,186,100049,100,99880,100,100062,100,99841,100,100071,100,99804,100,100097,200,99803,100,100126,100,99526,100,100147,100,99501,100
2019-06-28 09:42:32.729031843,99921,186,99907,86,100012,369,99901,186,100026,186,99898,186,100048,186,99883,186,100049,100,99880,100,100062,100,99841,100,100071,100,99804,100,100097,200,99803,100,100126,100,99526,100,100147,100,99501,100
2019-06-28 09:42:38.631410850,99907,14,99901,186,99921,186,99898,186,100012,369,99883,186,100026,186,99880,100,100048,186,99841,100,100049,100,99804,100,100062,100,99803,100,100071,100,99526,100,100097,200,99501,100,100126,100,99336,100
2019-06-28 09:42:40.000000000,99907,358,99901,444,99921,100,99898,100,100012,283,99883,100,100026,100,99880,100,100048,100,99841,100,100049,100,99804,100,100062,100,99803,100,100071,100,99526,100,100097,200,99501,100,100126,100,99336,100
2019-06-28 09:42:50.000000000,99907,358,99901,444,99921,100,99898,100,100012,283,99883,100,100026,100,99880,100,100048,100,99841,100,100049,100,99804,100,100062,100,99803,100,100071,100,99526,100,100097,200,99501,100,100126,100,99336,100
2019-06-28 09:43:00.000000000,99907,358,99901,444,99921,100,99898,100,100012,283,99883,100,100026,100,99880,100,100048,100,99841,100,100049,100,99804,100,100062,100,99803,100,100071,100,99526,100,100097,200,99501,100,100126,100,99336,100
2019-06-28 09:43:00.013911730,99907,358,99901,444,99921,100,99898,100,100012,283,99883,100,100026,100,99880,100,100048,100,99841,100,100049,100,99804,100,100062,100,99803,100,100071,100,99526,100,100097,200,99501,100,100126,100,99336,100
2019-06-28 09:43:10.000000000,99907,358,99901,444,99921,100,99898,100,100012,283,99883,100,100026,100,99880,100,100048,100,99841,100,100049,100,99804,100,100062,100,99803,100,100071,100,99526,100,100097,200,99501,100,100126,100,99336,100
2019-06-28 09:43:11.571512439,99907,358,99901,444,99921,100,99898,100,100012,283,99883,100,100026,100,99880,100,100048,100,99841,100,100049,100,99804,100,100062,100,99803,100,100071,100,99526,100,100097,200,99501,100,100126,100,99336,100
2019-06-28 09:43:17.274882849,99907,458,99901,444,99921,100,99898,100,100012,183,99883,100,100026,100,99880,100,100048,100,99841,100,100049,100,99804,100,100062,100,99803,100,100071,100,99526,100,100097,200,99501,100,100126,100,99336,100
2019-06-28 09:43:20.000000000,99907,286,99901,272,99921,272,99898,272,100012,183,99883,100,100026,100,99880,100,100048,100,99841,100,100049,100,99804,100,100062,100,99803,100,100071,100,99526,100,100097,200,99501,100,100126,100,99336,100
2019-06-28 09:43:30.000000000,99907,200,99901,186,99921,186,99898,186,100012,269,99883,186,100026,186,99880,186,100048,100,99841,100,100049,100,99804,100,100062,100,99803,100,100071,100,99526,100,100097,200,99501,100,100126,100,99336,100
2019-06-28 09:43:32.503483882,99907,200,99901,186,99921,186,99898,186,100012,269,99883,186,100026,186,99880,186,100048,100,99841,100,100049,100,99804,100,100062,100,99803,100,100071,100,99501,100,100097,200,99336,100,100126,100,99271,100
2019-06-28 09:43:40.000000000,99907,183,99901,169,99921,169,99898,169,100012,252,99883,169,100026,169,99880,169,100048,169,99841,169,100049,100,99804,100,100062,100,99803,100,100071,100,99501,100,100097,200,99336,100,100126,100,99271,100
2019-06-28 09:43:50.000000000,99907,200,99901,186,99921,186,99898,186,100012,269,99883,186,100026,186,99880,186,100048,100,99841,100,100049,100,99804,100,100062,100,99803,100,100071,100,99501,100,100097,200,99336,100,100126,100,99271,100
2019-06-28 09:44:00.000000000,99907,231,99901,217,99921,214,99898,214,100012,297,99883,214,100026,100,99880,100,100048,100,99841,100,100049,100,99804,100,100062,100,99803,100,100071,100,99501,100,100097,200,99336,100,100126,100,99271,100
2019-06-28 09:44:10.000000000,99907,286,99901,272,99921,272,99898,272,100012,183,99883,100,100026,100,99880,100,100048,100,99841,100,100049,100,99804,100,100062,100,99803,100,100071,100,99501,100,100097,200,99336,100,100126,100,99271,100
2019-06-28 09:44:16.915785135,99907,286,99901,272,99921,272,99898,272,100012,183,99883,100,100026,100,99880,100,100048,100,99841,100,100049,100,99804,100,100062,100,99803,100,100071,100,99501,100,100097,200,99336,100,100126,100,99271,100
2019-06-28 09:44:20.000000000,99907,286,99901,272,99921,272,99898,272,100012,183,99883,100,100026,100,99880,100,100048,100,99841,100,100049,100,99804,100,100062,100,99803,100,100071,100,99501,100,100097,200,99336,100,100126,100,99271,100
2019-06-28 09:44:21.414676163,99907,286,99901,272,99921,272,99898,272,100012,183,99883,100,100026,100,99880,100,100048,100,99841,100,100049,100,99804,100,100062,100,99803,100,100071,100,99501,100,100097,200,99336,100,100126,100,99271,100
2019-06-28 09:44:30.000000000,99907,200,99901,186,99921,186,99898,186,100012,269,99883,186,100026,186,99880,186,100048,100,99841,100,100049,100,99804,100,100062,100,99803,100,100071,100,99501,100,100097,200,99336,100,100126,100,99271,100
2019-06-28 09:44:40.000000000,99907,458,99901,444,99921,100,99898,100,100012,183,99883,100,100026,100,99880,100,100048,100,99841,100,100049,100,99804,100,100062,100,99803,100,100071,100,99501,100,100097,200,99336,100,100126,100,99271,100
2019-06-28 09:44:45.657410782,99907,458,99901,444,100012,183,99898,100,100026,100,99883,100,100048,100,99880,100,100049,100,99841,100,100062,100,99804,100,100071,100,99803,100,100097,200,99501,100,100126,100,99336,100,100147,100,99271,100
2019-06-28 09:44:50.000000000,99907,183,99901,169,100012,252,99898,169,100026,169,99883,169,100048,169,99880,169,100049,169,99841,169,100062,100,99804,100,100071,100,99803,100,100097,200,99501,100,100126,100,99336,100,100147,100,99271,100
2019-06-28 09:44:55.667865876,99907,183,99901,69,100012,252,99898,169,100026,169,99883,169,100048,169,99880,169,100049,169,99841,169,100062,100,99804,100,100071,100,99803,100,100097,200,99501,100,100126,100,99336,100,100147,100,99271,100
2019-06-28 09:45:00.000000000,99907,200,99898,186,100012,269,99883,186,100026,186,99880,186,100048,186,99841,186,100049,100,99804,100,100062,100,99803,100,100071,100,99501,100,100097,200,99336,100,100126,100,99271,100,100147,100,99194,100
2019-06-28 09:45:10.000000000,99907,458,99898,444,100012,183,99883,100,100026,100,99880,100,100048,100,99841,100,100049,100,99804,100,100062,100,99803,100,100071,100,99501,100,100097,200,99336,100,100126,100,99271,100,100147,100,99194,100
2019-06-28 09:45:18.121902994,99907,458,99898,444,100012,183,99883,100,100026,100,99880,100,100048,100,99841,100,100049,100,99804,100,100062,100,99803,100,100071,100,99501,100,100097,200,99336,100,100126,100,99271,100,100147,100,99194,100
2019-06-28 09:45:18.916502487,99907,458,99898,444,100012,183,99883,100,100026,100,99880,100,100048,100,99841,100,100049,100,99803,100,100062,100,99501,100,100071,100,99336,100,100097,200,99271,100,100126,100,99194,100,100147,100,98924,100
2019-06-28 09:45:20.000000000,99907,183,99898,169,100012,252,99883,169,100026,169,99880,169,100048,169,99841,169,100049,169,99803,169,100062,100,99501,100,100071,100,99336,100,100097,200,99271,100,100126,100,99194,100,100147,100,98924,100
2019-06-28 09:45:22.540208685,99907,183,99898,169,100012,252,99883,169,100026,169,99880,169,100048,169,99841,169,100049,169,99803,169,100071,100,99501,100,100097,200,99336,100,100126,100,99271,100,100147,100,99194,100,100168,100,98924,100
2019-06-28 09:45:30.000000000,99907,183,99898,169,100012,252,99883,169,100026,169,99880,169,100048,169,99841,169,100049,169,99803,169,100071,100,99501,100,100097,200,99336,100,100126,100,99271,100,100147,100,99194,100,100168,100,98924,100
2019-06-28 09:45:30.154034675,99898,31,99883,169,99907,183,99880,169,100012,252,99841,169,100026,169,99803,169,100048,169,99501,100,100049,169,99336,100,100071,100,99271,100,100097,200,99194,100,100126,100,98924,100,100147,100,98897,100
2019-06-28 09:45:38.832929798,99898,31,99883,169,99901,100,99880,169,99907,183,99841,169,100012,252,99803,169,100026,169,99501,100,100048,169,99336,100,100049,169,99271,100,100071,100,99194,100,100097,200,98924,100,100126,100,98897,100
2019-06-28 09:45:40.000000000,99898,148,99883,217,99901,214,99880,214,99907,228,99841,214,100012,183,99803,100,100026,100,99501,100,100048,100,99336,100,100049,100,99271,100,100071,100,99194,100,100097,200,98924,100,100126,100,98897,100
2019-06-28 09:45:42.185979916,99898,148,99883,217,99901,214,99880,214,99907,228,99841,114,100012,183,99803,100,100026,100,99501,100,100048,100,99336,100,100049,100,99271,100,100071,100,99194,100,100097,200,98924,100,100126,100,98897,100
2019-06-28 09:45:42.530651366,99898,148,99883,217,99901,314,99880,214,99907,228,99841,114,100012,183,99803,100,100048,100,99501,100,100049,100,99336,100,100071,100,99271,100,100097,200,99194,100,100126,100,98924,100,100147,100,98897,100
2019-06-28 09:45:50.000000000,99898,148,99883,217,99901,314,99880,214,99907,228,99803,214,100012,183,99501,100,100048,100,99336,100,100049,100,99271,100,100071,100,99194,100,100097,200,98924,100,100126,100,98897,100,100147,100,98890,100
2019-06-28 09:45:51.078325690,99898,148,99883,217,99901,314,99880,214,99907,228,99803,214,100012,183,99501,100,100048,100,99336,100,100049,100,99271,100,100071,100,99194,100,100097,200,98924,100,100126,100,98897,100,100147,100,98890,100
2019-06-28 09:46:00.000000000,99898,148,99883,217,99901,314,99880,214,99907,228,99803,214,100012,183,99501,100,100048,100,99336,100,100049,100,99271,100,100071,100,99194,100,100097,200,98924,100,100126,100,98897,100,100147,100,98890,100
2019-06-28 09:46:01.805255068,99898,148,99883,217,99901,214,99880,214,99907,228,99803,214,100012,183,99501,100,100048,100,99336,100,100049,100,99271,100,100071,100,99194,100,100097,200,98924,100,100126,100,98897,100,100147,100,98890,100
2019-06-28 09:46:10.000000000,99898,117,99883,186,99901,186,99880,186,99907,200,99803,186,100012,269,99501,186,100048,100,99336,100,100049,100,99271,100,100071,100,99194,100,100097,200,98924,100,100126,100,98897,100,100147,100,98890,100
2019-06-28 09:46:14.390745710,99898,117,99883,186,99901,186,99880,186,99907,200,99803,186,100012,269,99501,186,100048,100,99271,100,100049,100,99194,100,100071,100,98924,100,100097,200,98897,100,100126,100,98890,100,100147,100,98877,100
2019-06-28 09:46:20.000000000,99898,203,99883,272,99901,272,99880,272,99907,114,99803,100,100012,183,99501,100,100048,100,99271,100,100049,100,99194,100,100071,100,98924,100,100097,200,98897,100,100126,100,98890,100,100147,100,98877,100
2019-06-28 09:46:21.001443861,99898,203,99883,272,99901,272,99880,272,99907,114,99803,100,100012,183,99501,100,100048,100,99271,100,100049,100,99194,100,100071,100,98924,100,100097,200,98897,100,100126,100,98890,100,100147,100,98877,100
2019-06-28 09:46:30.000000000,99898,148,99883,217,99901,214,99880,214,99907,228,99803,214,100012,183,99501,100,100048,100,99271,100,100049,100,99194,100,100071,100,98924,100,100097,200,98897,100,100126,100,98890,100,100147,100,98877,100
2019-06-28 09:46:40.000000000,99898,117,99883,186,99901,186,99880,186,99907,200,99803,186,100012,269,99501,186,100048,100,99271,100,100049,100,99194,100,100071,100,98924,100,100097,200,98897,100,100126,100,98890,100,100147,100,98877,100
2019-06-28 09:46:48.651426074,99898,117,99883,186,99901,286,99880,186,99907,200,99803,186,100012,269,99501,186,100048,100,99271,100,100049,100,99194,100,100071,100,98924,100,100097,200,98897,100,100126,100,98890,100,100147,100,98877,100
2019-06-28 09:46:50.000000000,99898,100,99883,169,99901,269,99880,169,99907,183,99803,169,100012,252,99501,169,100048,169,99271,169,100049,100,99194,100,100071,100,98924,100,100097,200,98897,100,100126,100,98890,100,100147,100,98877,100
2019-06-28 09:47:00.000000000,99898,117,99883,186,99901,286,99880,186,99907,200,99803,186,100012,269,99501,186,100048,100,99271,100,100049,100,99194,100,100071,100,98924,100,100097,200,98897,100,100126,100,98890,100,100147,100,98877,100
2019-06-28 09:47:00.847270295,99898,117,99883,186,99901,286,99880,186,99907,200,99803,186,100012,269,99501,186,100048,100,99271,100,100049,100,99194,100,100071,100,98932,100,100097,200,98924,100,100126,100,98897,100,100147,100,98890,100
2019-06-28 09:47:02.174874364,99898,117,99883,86,99901,286,99880,186,99907,200,99803,186,100012,269,99501,186,100048,100,99271,100,100049,100,99194,100,100071,100,98932,100,100097,200,98924,100,100126,100,98897,100,100147,100,98890,100
2019-06-28 09:47:10.000000000,99898,375,99880,444,99901,200,99803,100,99907,114,99501,100,100012,183,99271,100,100048,100,99194,100,100049,100,98932,100,100071,100,98924,100,100097,200,98897,100,100126,100,98890,100,100147,100,98877,100
2019-06-28 09:47:10.091432051,99898,375,99880,444,99901,200,99803,100,99907,100,99501,100,100012,183,99271,100,100048,100,99194,100,100049,100,98932,100,100071,100,98924,100,100097,200,98897,100,100126,100,98890,100,100147,100,98877,100
2019-06-28 09:47:20.000000000,99898,203,99880,272,99901,372,99803,272,99907,100,99501,100,100012,183,99271,100,100048,100,99194,100,100049,100,98932,100,100071,100,98924,100,100097,200,98897,100,100126,100,98890,100,100147,100,98877,100
2019-06-28 09:47:30.000000000,99898,100,99880,169,99901,269,99803,169,99907,169,99501,169,100012,252,99271,169,100048,169,99194,169,100049,100,98932,100,100071,100,98924,100,100097,200,98897,100,100126,100,98890,100,100147,100,98877,100
2019-06-28 09:47:35.166724918,99898,100,99880,169,99901,269,99803,169,99907,169,99501,169,100012,252,99271,169,100048,169,99194,169,100049,100,98932,100,100071,100,98924,100,100097,200,98897,100,100126,100,98890,100,100147,100,98797,100
2019-06-28 09:47:40.000000000,99898,375,99880,444,99901,200,99803,100,99907,100,99501,100,100012,183,99271,100,100048,100,99194,100,100049,100,98932,100,100071,100,98924,100,100097,200,98897,100,100126,100,98890,100,100147,100,98797,100
2019-06-28 09:47:50.000000000,99898,203,99880,272,99901,372,99803,272,99907,100,99501,100,100012,183,99271,100,100048,100,99194,100,100049,100,98932,100,100071,100,98924,100,100097,200,98897,100,100126,100,98890,100,100147,100,98797,100
2019-06-28 09:48:00.000000000,99898,375,99880,444,99901,200,99803,100,99907,100,99501,100,100012,183,99271,100,100048,100,99194,100,100049,100,98932,100,100071,100,98924,100,100097,200,98897,100,100126,100,98890,100,100147,100,98797,100
2019-06-28 09:48:04.615997157,99898,375,99880,344,99901,200,99803,100,99907,100,99501,100,100012,183,99271,100,100048,100,99194,100,100049,100,98932,100,100071,100,98924,100,100097,200,98897,100,100126,100,98890,100,100147,100,98797,100
2019-06-28 09:48:10.000000000,99898,375,99803,444,99901,200,99501,100,99907,100,99271,100,100012,183,99194,100,100048,100,98932,100,100049,100,98924,100,100071,100,98897,100,100097,200,98890,100,100126,100,98797,100,100147,100,98786,100
2019-06-28 09:48:20.000000000,99898,100,99803,169,99901,269,99501,169,99907,169,99271,169,100012,252,99194,169,100048,169,98932,169,100049,100,98924,100,100071,100,98897,100,100097,200,98890,100,100126,100,98797,100,100147,100,98786,100
2019-06-28 09:48:30.000000000,99898,203,99803,272,99901,372,99501,272,99907,100,99271,100,100012,183,99194,100,100048,100,98932,100,100049,100,98924,100,100071,100,98897,100,100097,200,98890,100,100126,100,98797,100,100147,100,98786,100
2019-06-28 09:48:34.044668606,99898,203,99803,272,99901,372,99501,272,99907,100,99271,100,100012,183,99194,100,100048,100,98932,100,100049,100,98924,100,100071,100,98897,100,100097,200,98890,100,100126,100,98797,100,100147,100,98786,100
2019-06-28 09:48:40.000000000,99898,117,99803,186,99901,286,99501,186,99907,186,99271,186,100012,269,99194,186,100048,100,98932,100,100049,100,98924,100,100071,100,98897,100,100097,200,98890,100,100126,100,98797,100,100147,100,98786,100
2019-06-28 09:48:46.515932232,99883,100,99803,186,99898,117,99501,186,99901,286,99271,186,99907,186,99194,186,100012,269,98932,100,100048,100,98924,100,100049,100,98897,100,100071,100,98890,100,100097,200,98797,100,100126,100,98786,100
2019-06-28 09:48:50.000000000,99883,217,99803,217,99898,145,99501,214,99901,314,99271,214,99907,100,99194,100,100012,183,98932,100,100048,100,98924,100,100049,100,98897,100,100071,100,98890,100,100097,200,98797,100,100126,100,98786,100
2019-06-28 09:48:54.290353461,99883,217,99803,217,99898,145,99501,214,99901,314,99271,214,99907,100,99194,100,100012,183,98932,100,100048,100,98897,100,100049,100,98890,100,100071,100,98797,100,100097,200,98786,100,100126,100,98722,100
2019-06-28 09:49:00.000000000,99883,217,99803,217,99898,145,99501,214,99901,314,99271,214,99907,100,99194,100,100012,183,98932,100,100048,100,98897,100,100049,100,98890,100,100071,100,98797,100,100097,200,98786,100,100126,100,98722,100
2019-06-28 09:49:10.000000000,99883,186,99803,186,99898,117,99501,186,99901,286,99271,186,99907,186,99194,186,100012,183,98932,100,100048,100,98897,100,100049,100,98890,100,100071,100,98797,100,100097,200,98786,100,100126,100,98722,100
2019-06-28 09:49:20.000000000,99883,186,99803,186,99898,117,99501,186,99901,286,99271,186,99907,186,99194,186,100012,183,98932,100,100048,100,98897,100,100049,100,98890,100,100071,100,98797,100,100097,200,98786,100,100126,100,98722,100
2019-06-28 09:49:30.000000000,99883,272,99803,272,99898,203,99501,272,99901,200,99271,100,99907,100,99194,100,100012,183,98932,100,100048,100,98897,100,100049,100,98890,100,100071,100,98797,100,100097,200,98786,100,100126,100,98722,100
2019-06-28 09:49:30.201586451,99883,272,99803,172,99898,203,99501,272,99901,200,99271,100,99907,100,99194,100,100012,183,98932,100,100048,100,98897,100,100049,100,98890,100,100071,100,98797,100,100097,200,98786,100,100126,100,98722,100
2019-06-28 09:49:37.906097079,99883,272,99803,72,99898,203,99501,272,99901,200,99271,100,99907,100,99194,100,100012,183,98932,100,100048,100,98897,100,100049,100,98797,100,100071,100,98786,100,100097,200,98722,100,100126,100,98639,100
2019-06-28 09:49:40.000000000,99883,169,99501,169,99898,100,99271,169,99901,269,99194,169,99907,169,98932,169,100012,252,98897,169,100048,100,98797,100,100049,100,98786,100,100071,100,98722,100,100097,200,98639,100,100126,100,98617,100
2019-06-28 09:49:41.307121367,99883,169,99501,69,99898,100,99271,169,99901,269,99194,169,99907,169,98932,169,100012,252,98897,169,100048,100,98797,100,100049,100,98786,100,100071,100,98722,100,100097,200,98639,100,100126,100,98617,100
2019-06-28 09:49:42.354079069,99803,100,99501,69,99883,169,99271,169,99898,100,99194,169,99901,269,98932,169,99907,69,98897,169,100012,252,98797,100,100048,100,98786,100,100049,100,98722,100,100071,100,98639,100,100097,200,98617,100
2019-06-28 09:49:50.000000000,99803,217,99271,217,99883,214,99194,214,99898,145,98932,214,99901,200,98897,100,100012,183,98797,100,100048,100,98786,100,100049,100,98722,100,100071,100,98639,100,100097,200,98617,100,100126,100,98478,100
2019-06-28 09:49:53.939833303,99803,217,99271,17,99883,214,99194,214,99898,145,98932,214,99901,200,98897,100,100012,183,98797,100,100048,100,98786,100,100049,100,98722,100,100071,100,98639,100,100097,200,98617,100,100126,100,98478,100
2019-06-28 09:50:00.000000000,99803,444,99194,444,99883,100,98932,100,99898,31,98897,100,99901,200,98797,100,100012,183,98786,100,100048,100,98722,100,100049,100,98639,100,100071,100,98617,100,100097,200,98478,100,100126,100,98447,100
2019-06-28 09:50:10.000000000,99803,169,99194,169,99883,169,98932,169,99898,100,98897,169,99901,269,98797,169,100012,252,98786,169,100048,100,98722,100,100049,100,98639,100,100071,100,98617,100,100097,200,98478,100,100126,100,98447,100
2019-06-28 09:50:20.000000000,99803,169,99194,169,99883,169,98932,169,99898,100,98897,169,99901,269,98797,169,100012,252,98786,169,100048,100,98722,100,100049,100,98639,100,100071,100,98617,100,100097,200,98478,100,100126,100,98447,100
2019-06-28 09:50:22.565525247,99803,169,99194,169,99883,69,98932,169,99898,100,98897,169,99901,269,98797,169,100012,252,98786,169,100048,100,98722,100,100049,100,98639,100,100071,100,98617,100,100097,200,98478,100,100126,100,98447,100
2019-06-28 09:50:28.608932692,99501,100,99194,169,99803,169,98932,169,99883,69,98897,169,99898,100,98797,169,99901,269,98786,169,100012,252,98722,100,100048,100,98639,100,100049,100,98617,100,100071,100,98478,100,100097,200,98447,100
2019-06-28 09:50:30.000000000,99501,217,99194,217,99803,214,98932,214,99898,145,98897,214,99901,200,98797,100,100012,183,98786,100,100048,100,98722,100,100049,100,98639,100,100071,100,98617,100,100097,200,98478,100,100126,100,98447,100
2019-06-28 09:50:34.799358105,99501,217,99194,117,99803,214,98932,214,99898,145,98897,214,99901,200,98797,100,100012,183,98786,100,100048,100,98722,100,100049,100,98639,100,100071,100,98617,100,100097,200,98478,100,100126,100,98447,100
2019-06-28 09:50:40.000000000,99501,272,98932,272,99803,272,98897,272,99898,31,98797,100,99901,200,98786,100,100012,183,98722,100,100048,100,98639,100,100049,100,98617,100,100071,100,98478,100,100097,200,98447,100,100126,100,98128,100
2019-06-28 09:50:50.000000000,99501,186,98932,186,99803,186,98897,186,99898,117,98797,186,99901,286,98786,186,100012,183,98722,100,100048,100,98639,100,100049,100,98617,100,100071,100,98478,100,100097,200,98447,100,100126,100,98128,100
2019-06-28 09:51:00.000000000,99501,444,98932,444,99803,100,98897,100,99898,31,98797,100,99901,200,98786,100,100012,183,98722,100,100048,100,98639,100,100049,100,98617,100,100071,100,98478,100,100097,200,98447,100,100126,100,98128,100
2019-06-28 09:51:04.403070072,99501,444,98932,444,99803,100,98897,100,99898,31,98797,100,99901,200,98786,100,100012,183,98722,100,100048,100,98639,100,100049,100,98617,100,100071,100,98499,100,100097,200,98478,100,100126,100,98447,100
2019-06-28 09:51:09.658923863,99501,444,98932,444,99803,100,98897,100,99898,31,98797,100,99901,200,98786,100,100012,183,98722,100,100048,100,98639,100,100049,100,98617,100,100071,100,98499,100,100097,200,98478,100,100126,100,98447,100
2019-06-28 09:51:10.000000000,99501,272,98932,272,99803,272,98897,272,99898,31,98797,100,99901,200,98786,100,100012,183,98722,100,100048,100,98639,100,100049,100,98617,100,100071,100,98499,100,100097,200,98478,100,100126,100,98447,100
2019-06-28 09:51:20.000000000,99501,186,98932,186,99803,186,98897,186,99898,117,98797,186,99901,286,98786,186,100012,183,98722,100,100048,100,98639,100,100049,100,98617,100,100071,100,98499,100,100097,200,98478,100,100126,100,98447,100
2019-06-28 09:51:27.429747215,99501,186,98932,186,99803,186,98897,186,99898,117,98797,186,99901,286,98786,186,100012,183,98722,100,100048,100,98721,100,100049,100,98639,100,100071,100,98617,100,100097,200,98499,100,100126,100,98478,100
2019-06-28 09:51:29.425941918,99501,186,98932,186,99803,186,98911,100,99898,117,98897,186,99901,286,98797,186,100012,183,98786,186,100048,100,98722,100,100049,100,98721,100,100071,100,98639,100,100097,200,98617,100,100147,100,98499,100
2019-06-28 09:51:30.000000000,99501,186,98932,186,99803,186,98911,186,99898,117,98897,186,99901,286,98797,186,100012,183,98786,100,100048,100,98722,100,100049,100,98721,100,100071,100,98639,100,100097,200,98617,100,100147,100,98499,100
2019-06-28 09:51:40.000000000,99501,217,98932,217,99803,214,98911,214,99898,145,98897,214,99901,200,98797,100,100012,183,98786,100,100048,100,98722,100,100049,100,98721,100,100071,100,98639,100,100097,200,98617,100,100147,100,98499,100
2019-06-28 09:51:50.000000000,99501,169,98932,169,99803,169,98911,169,99898,100,98897,169,99901,269,98797,169,100012,252,98786,169,100048,100,98722,100,100049,100,98721,100,100071,100,98639,100,100097,200,98617,100,100147,100,98499,100
2019-06-28 09:52:00.000000000,99501,186,98932,186,99803,186,98911,186,99898,117,98897,186,99901,286,98797,186,100012,183,98786,100,100048,100,98722,100,100049,100,98721,100,100071,100,98639,100,100097,200,98617,100,100147,100,98499,100
2019-06-28 09:52:04.250119090,99078,100,98932,186,99501,186,98911,186,99803,186,98897,186,99898,117,98797,186,99901,286,98786,100,100012,183,98722,100,100048,100,98721,100,100049,100,98639,100,100071,100,98617,100,100097,200,98499,100
2019-06-28 09:52:10.000000000,99078,272,98932,272,99501,272,98911,272,99803,100,98897,100,99898,31,98797,100,99901,200,98786,100,100012,183,98722,100,100048,100,98721,100,100049,100,98639,100,100071,100,98617,100,100097,200,98499,100
2019-06-28 09:52:20.000000000,99078,169,98932,169,99501,169,98911,169,99803,169,98897,169,99898,100,98797,169,99901,269,98786,169,100012,183,98722,100,100048,100,98721,100,100049,100,98639,100,100071,100,98617,100,100097,200,98499,100
2019-06-28 09:52:20.330563992,99078,169,99053,100,99501,169,98932,169,99803,169,98911,169,99898,100,98897,169,99901,269,98797,169,100012,183,98786,169,100048,100,98722,100,100049,100,98721,100,100071,100,98639,100,100097,200,98617,100
2019-06-28 09:52:30.000000000,99078,217,99053,217,99501,214,98932,214,99803,214,98911,214,99898,31,98897,100,99901,200,98797,100,100012,183,98786,100,100048,100,98722,100,100049,100,98721,100,100071,100,98639,100,100097,200,98617,100
2019-06-28 09:52:40.000000000,99078,444,99053,444,99501,100,98932,100,99803,100,98911,100,99898,31,98897,100,99901,200,98797,100,100012,183,98786,100,100048,100,98722,100,100049,100,98721,100,100071,100,98639,100,100097,200,98617,100
2019-06-28 09:52:50.000000000,99078,444,99053,444,99501,100,98932,100,99803,100,98911,100,99898,31,98897,100,99901,200,98797,100,100012,183,98786,100,100048,100,98722,100,100049,100,98721,100,100071,100,98639,100,100097,200,98617,100
2019-06-28 09:53:00.000000000,99078,444,99053,444,99501,100,98932,100,99803,100,98911,100,99898,31,98897,100,99901,200,98797,100,100012,183,98786,100,100048,100,98722,100,100049,100,98721,100,100071,100,98639,100,100097,200,98617,100
2019-06-28 09:53:04.068656632,99078,444,99053,444,99271,100,98932,100,99501,100,98911,100,99803,100,98897,100,99898,31,98797,100,99901,200,98786,100,100012,183,98722,100,100048,100,98721,100,100049,100,98639,100,100071,100,98617,100
2019-06-28 09:53:10.000000000,99078,169,99053,169,99271,169,98932,169,99501,169,98911,169,99803,169,98897,169,99898,100,98797,169,99901,200,98786,100,100012,183,98722,100,100048,100,98721,100,100049,100,98639,100,100071,100,98617,100
2019-06-28 09:53:20.000000000,99078,217,99053,217,99271,214,98932,214,99501,214,98911,214,99803,100,98897,100,99898,31,98797,100,99901,200,98786,100,100012,183,98722,100,100048,100,98721,100,100049,100,98639,100,100071,100,98617,100
2019-06-28 09:53:26.581072522,99078,217,99053,217,99271,214,99009,100,99501,214,98932,214,99803,100,98911,214,99898,31,98897,100,99901,200,98797,100,100012,183,98786,100,100048,100,98722,100,100049,100,98721,100,100071,100,98639,100
2019-06-28 09:53:30.000000000,99078,169,99053,169,99271,169,99009,169,99501,169,98932,169,99803,169,98911,169,99898,100,98897,169,99901,200,98797,100,100012,183,98786,100,100048,100,98722,100,100049,100,98721,100,100071,100,98639,100
2019-06-28 09:53:40.000000000,99078,272,99053,272,99271,272,99009,272,99501,100,98932,100,99803,100,98911,100,99898,31,98897,100,99901,200,98797,100,100012,183,98786,100,100048,100,98722,100,100049,100,98721,100,100071,100,98639,100
2019-06-28 09:53:44.801967689,99078,272,99053,272,99256,100,99009,272,99271,272,98932,100,99501,100,98911,100,99803,100,98897,100,99898,31,98797,100,99901,200,98722,100,100012,183,98721,100,100048,100,98639,100,100049,100,98617,100
2019-06-28 09:53:50.000000000,99078,272,99053,272,99256,272,99009,272,99271,100,98932,100,99501,100,98911,100,99803,100,98897,100,99898,31,98797,100,99901,200,98722,100,100012,183,98721,100,100048,100,98639,100,100049,100,98617,100
2019-06-28 09:54:00.000000000,99078,169,99053,169,99256,169,99009,169,99271,169,98932,169,99501,169,98911,169,99803,169,98897,169,99898,31,98797,100,99901,200,98722,100,100012,183,98721,100,100048,100,98639,100,100049,100,98617,100
2019-06-28 09:54:00.653014455,99078,169,99053,169,99256,169,99009,169,99271,169,98932,169,99501,69,98911,169,99803,169,98897,169,99898,31,98797,100,99901,200,98722,100,100012,183,98721,100,100048,100,98639,100,100049,100,98617,100
2019-06-28 09:54:01.597297537,99256,169,99078,31,99271,169,99053,169,99501,69,99009,169,99803,169,98932,169,99898,31,98911,169,99901,200,98897,169,100012,183,98797,100,100048,100,98722,100,100049,100,98721,100,100071,100,98639,100
2019-06-28 09:54:10.000000000,99256,169,99078,100,99271,169,99053,169,99803,169,99009,169,99898,100,98932,169,99901,269,98911,169,100012,183,98897,100,100048,100,98797,100,100049,100,98722,100,100071,100,98721,100,100097,200,98639,100
2019-06-28 09:54:20.000000000,99256,186,99078,117,99271,186,99053,186,99803,186,99009,186,99898,117,98932,186,99901,200,98911,100,100012,183,98897,100,100048,100,98797,100,100049,100,98722,100,100071,100,98721,100,100097,200,98639,100
2019-06-28 09:54:22.898747444,99256,186,99078,117,99271,186,99053,186,99578,100,99009,86,99803,186,98932,186,99898,117,98911,100,99901,200,98897,100,100012,183,98797,100,100048,100,98722,100,100049,100,98721,100,100071,100,98639,100
2019-06-28 09:54:24.534250405,99256,186,99078,117,99271,186,99053,186,99578,100,99009,86,99731,100,98932,186,99803,186,98911,100,99898,117,98897,100,99901,200,98722,100,100012,183,98721,100,100048,100,98639,100,100049,100,98617,100
2019-06-28 09:54:30.000000000,99256,217,99078,148,99271,214,99053,214,99578,214,98932,214,99731,100,98911,100,99803,100,98897,100,99898,31,98722,100,99901,200,98721,100,100012,183,98639,100,100048,100,98617,100,100049,100,98499,100
2019-06-28 09:54:40.000000000,99256,272,99078,203,99271,272,99053,272,99578,100,98932,100,99731,100,98911,100,99803,100,98897,100,99898,31,98722,100,99901,200,98721,100,100012,183,98639,100,100048,100,98617,100,100049,100,98499,100
2019-06-28 09:54:40.596415451,99256,272,99078,203,99271,272,99053,272,99578,100,98932,100,99645,100,98911,100,99731,100,98897,100,99803,100,98722,100,99898,31,98721,100,99901,200,98639,100,100012,183,98617,100,100048,100,98499,100
2019-06-28 09:54:44.032933248,99256,272,99078,203,99271,272,99053,272,99578,100,98932,100,99645,100,98911,100,99698,100,98897,100,99731,100,98721,100,99803,100,98639,100,99898,31,98617,100,99901,200,98499,100,100012,183,98478,100
2019-06-28 09:54:50.000000000,99256,169,99078,100,99271,169,99053,169,99578,169,98932,169,99645,169,98911,169,99698,169,98897,169,99731,100,98721,100,99803,100,98639,100,99898,31,98617,100,99901,200,98499,100,100012,183,98478,100
2019-06-28 09:54:52.772391441,99256,169,99078,100,99271,169,99053,169,99578,169,98932,169,99645,169,98911,169,99698,169,98897,169,99731,100,98721,100,99803,100,98639,100,99898,31,98617,100,99901,200,98499,100,99985,100,98478,100
2019-06-28 09:55:00.000000000,99256,186,99078,117,99271,186,99053,186,99578,186,98932,186,99645,186,98911,186,99698,100,98897,100,99731,100,98721,100,99803,100,98639,100,99898,31,98617,100,99901,200,98499,100,99985,100,98478,100
2019-06-28 09:55:07.692566320,99256,186,99078,117,99271,186,99053,186,99578,186,98932,186,99645,186,98911,186,99698,100,98897,100,99731,100,98721,100,99803,100,98639,100,99872,100,98617,100,99898,31,98499,100,99901,200,98478,100
2019-06-28 09:55:07.715567365,99256,186,99078,117,99271,186,99053,186,99578,186,98932,186,99645,186,98911,186,99698,100,98897,100,99731,100,98721,100,99803,100,98639,100,99872,100,98617,100,99898,31,98499,100,99901,200,98478,100
2019-06-28 09:55:10.000000000,99256,217,99078,148,99271,214,99053,214,99578,214,98932,214,99645,100,98911,100,99698,100,98897,100,99731,100,98721,100,99803,100,98639,100,99872,100,98617,100,99898,31,98499,100,99901,200,98478,100
2019-06-28 09:55:20.000000000,99256,444,99078,375,99271,100,99053,100,99578,100,98932,100,99645,100,98911,100,99698,100,98897,100,99731,100,98721,100,99803,100,98639,100,99872,100,98617,100,99898,31,98499,100,99901,200,98478,100
2019-06-28 09:55:30.000000000,99256,169,99078,100,99271,169,99053,169,99578,169,98932,169,99645,169,98911,169,99698,169,98897,169,99731,100,98721,100,99803,100,98639,100,99872,100,98617,100,99898,31,98499,100,99901,200,98478,100
2019-06-28 09:55:32.358187713,99256,169,99078,100,99271,169,99053,169,99578,169,98932,169,99645,169,98911,169,99698,169,98897,169,99731,100,98721,100,99803,100,98639,100,99872,100,98617,100,99898,31,98499,100,99901,200,98478,100
2019-06-28 09:55:32.529774020,99256,169,99195,100,99271,169,99078,100,99578,169,99053,169,99645,169,98932,169,99698,169,98911,169,99731,100,98897,169,99803,100,98721,100,99872,100,98639,100,99898,31,98617,100,99901,200,98499,100
2019-06-28 09:55:39.876486369,99256,69,99195,100,99271,169,99078,100,99578,169,99053,169,99645,169,98932,169,99698,169,98911,169,99731,100,98897,169,99803,100,98721,100,99872,100,98639,100,99898,31,98617,100,99901,200,98499,100
2019-06-28 09:55:40.000000000,99271,186,99195,186,99578,186,99078,117,99645,186,99053,186,99698,186,98932,186,99731,100,98911,100,99803,100,98897,100,99872,100,98721,100,99898,31,98639,100,99901,200,98617,100,99985,100,98499,100
2019-06-28 09:55:41.730471978,99271,186,99195,186,99578,186,99078,117,99645,186,99053,186,99698,186,98932,186,99731,100,98911,100,99803,100,98897,100,99872,100,98721,100,99898,31,98639,100,99901,200,98617,100,99985,100,98499,100
2019-06-28 09:55:44.012769059,99271,86,99195,186,99578,186,99078,117,99645,186,99053,186,99698,186,98932,186,99731,100,98911,100,99803,100,98897,100,99872,100,98721,100,99898,31,98639,100,99901,200,98617,100,99985,100,98499,100
2019-06-28 09:55:50.000000000,99578,272,99195,272,99645,272,99078,203,99698,100,99053,100,99731,100,98932,100,99803,100,98911,100,99872,100,98897,100,99898,31,98721,100,99901,200,98639,100,99985,100,98617,100,100012,100,98499,100
2019-06-28 09:56:00.000000000,99578,272,99195,272,99645,272,99078,203,99698,100,99053,100,99731,100,98932,100,99803,100,98911,100,99872,100,98897,100,99898,31,98721,100,99901,200,98639,100,99985,100,98617,100,100012,100,98499,100
2019-06-28 09:56:08.271117498,99578,272,99256,100,99645,272,99195,272,99698,100,99078,203,99731,100,99053,100,99803,100,98932,100,99872,100,98911,100,99898,31,98897,100,99901,200,98721,100,99985,100,98639,100,100012,100,98617,100
2019-06-28 09:56:09.908694756,99578,172,99256,100,99645,272,99195,272,99698,100,99078,203,99731,100,99053,100,99803,100,98932,100,99872,100,98911,100,99898,31,98897,100,99901,200,98721,100,99985,100,98639,100,100012,100,98617,100
2019-06-28 09:56:10.000000000,99645,444,99256,444,99698,100,99195,100,99731,100,99078,31,99803,100,99053,100,99872,100,98932,100,99898,31,98911,100,99901,200,98897,100,99985,100,98721,100,100012,100,98639,100,100048,100,98617,100
2019-06-28 09:56:15.539327272,99645,444,99256,444,99698,100,99195,100,99731,100,99078,31,99803,100,99053,100,99872,100,98932,100,99898,31,98911,100,99901,200,98897,100,99985,100,98721,100,100012,100,98639,100,100048,100,98617,100
2019-06-28 09:56:20.000000000,99645,186,99256,186,99698,186,99195,186,99731,186,99078,117,99803,186,99053,186,99872,100,98932,100,99898,31,98911,100,99901,200,98897,100,99985,100,98721,100,100012,100,98639,100,100048,100,98617,100
2019-06-28 09:56:30.000000000,99645,272,99256,272,99698,272,99195,272,99731,100,99078,31,99803,100,99053,100,99872,100,98932,100,99898,31,98911,100,99901,200,98897,100,99985,100,98721,100,100012,100,98639,100,100048,100,98617,100
2019-06-28 09:56:40.000000000,99645,169,99256,169,99698,169,99195,169,99731,169,99078,100,99803,169,99053,169,99872,169,98932,169,99898,31,98911,100,99901,200,98897,100,99985,100,98721,100,100012,100,98639,100,100048,100,98617,100
2019-06-28 09:56:50.000000000,99645,186,99256,186,99698,186,99195,186,99731,186,99078,117,99803,186,99053,186,99872,100,98932,100,99898,31,98911,100,99901,200,98897,100,99985,100,98721,100,100012,100,98639,100,100048,100,98617,100
2019-06-28 09:56:57.978166434,99645,186,99256,186,99698,186,99195,186,99731,186,99078,117,99803,186,99053,186,99872,100,98932,100,99898,31,98911,100,99901,200,98721,100,99985,100,98639,100,100012,100,98617,100,100048,100,98499,100
2019-06-28 09:57:00.000000000,99645,186,99256,186,99698,186,99195,186,99731,186,99078,117,99803,186,99053,186,99872,100,98932,100,99898,31,98911,100,99901,200,98721,100,99985,100,98639,100,100012,100,98617,100,100048,100,98499,100
2019-06-28 09:57:10.000000000,99645,169,99256,169,99698,169,99195,169,99731,169,99078,100,99803,169,99053,169,99872,169,98932,169,99898,31,98911,100,99901,200,98721,100,99985,100,98639,100,100012,100,98617,100,100048,100,98499,100
2019-06-28 09:57:11.415446115,99645,169,99256,69,99698,169,99195,169,99731,169,99078,100,99803,169,99053,169,99872,169,98932,169,99898,31,98911,100,99901,200,98721,100,99985,100,98639,100,100012,100,98617,100,100048,100,98499,100
2019-06-28 09:57:16.459784765,99645,169,99256,69,99698,169,99195,169,99731,169,99078,100,99803,169,99053,169,99872,169,98932,169,99898,31,98911,100,99901,200,98721,100,99985,100,98639,100,100012,100,98617,100,100071,100,98499,100
2019-06-28 09:57:20.000000000,99645,217,99195,217,99698,214,99078,145,99731,214,99053,214,99803,100,98932,100,99872,100,98911,100,99898,31,98721,100,99901,200,98639,100,99985,100,98617,100,100012,100,98499,100,100071,100,98478,100
2019-06-28 09:57:23.208351491,99645,117,99195,217,99698,214,99078,145,99731,214,99053,214,99803,100,98932,100,99872,100,98911,100,99898,31,98721,100,99901,200,98639,100,99985,100,98617,100,100012,100,98499,100,100071,100,98478,100
2019-06-28 09:57:27.245105492,99645,17,99195,217,99698,214,99078,145,99731,214,99053,214,99803,100,98932,100,99872,100,98911,100,99898,31,98721,100,99901,200,98639,100,100012,100,98617,100,100071,100,98499,100,100097,200,98478,100
2019-06-28 09:57:30.000000000,99698,444,99195,444,99731,100,99078,31,99803,100,99053,100,99872,100,98932,100,99898,31,98911,100,99901,200,98721,100,100012,100,98639,100,100071,100,98617,100,100097,200,98499,100,100122,100,98478,100
2019-06-28 09:57:32.190123414,99698,444,99195,444,99731,100,99078,31,99803,100,99053,100,99872,100,98932,100,99898,31,98911,100,99901,200,98721,100,100012,100,98639,100,100071,100,98617,100,100097,200,98499,100,100122,100,98478,100
2019-06-28 09:57:40.000000000,99698,272,99195,272,99731,272,99078,203,99803,100,99053,100,99872,100,98932,100,99898,31,98911,100,99901,200,98721,100,100012,100,98639,100,100071,100,98617,100,100097,200,98499,100,100122,100,98478,100
2019-06-28 09:57:50.000000000,99698,272,99195,272,99731,272,99078,203,99803,100,99053,100,99872,100,98932,100,99898,31,98911,100,99901,200,98721,100,100012,100,98639,100,100071,100,98617,100,100097,200,98499,100,100122,100,98478,100
2019-06-28 09:58:00.000000000,99698,217,99195,217,99731,214,99078,145,99803,214,99053,214,99872,100,98932,100,99898,31,98911,100,99901,200,98721,100,100012,100,98639,100,100071,100,98617,100,100097,200,98499,100,100122,100,98478,100
2019-06-28 09:58:01.099746211,99698,217,99195,217,99731,214,99078,145,99803,214,99053,214,99872,100,98932,100,99898,31,98911,100,99901,200,98721,100,100012,100,98639,100,100071,100,98617,100,100097,200,98499,100,100122,100,98478,100
2019-06-28 09:58:10.000000000,99698,186,99195,186,99731,186,99078,117,99803,186,99053,186,99872,186,98932,186,99898,31,98911,100,99901,200,98721,100,100012,100,98639,100,100071,100,98617,100,100097,200,98499,100,100122,100,98478,100
2019-06-28 09:58:16.487850973,99698,86,99195,186,99731,186,99078,86,99803,186,99053,186,99872,186,98932,186,99898,31,98911,100,99901,200,98721,100,100012,100,98639,100,100071,100,98617,100,100097,200,98499,100,100122,100,98478,100
2019-06-28 09:58:20.000000000,99731,444,99195,444,99803,100,99053,100,99872,100,98932,100,99898,31,98911,100,99901,200,98721,100,100012,100,98639,100,100071,100,98617,100,100097,200,98499,100,100122,100,98478,100,100147,100,98447,100
2019-06-28 09:58:25.615751214,99731,444,99645,100,99803,100,99195,444,99872,100,99053,100,99898,31,98932,100,99901,200,98911,100,100012,100,98721,100,100071,100,98639,100,100097,200,98617,100,100122,100,98499,100,100147,100,98478,100
2019-06-28 09:58:30.000000000,99731,169,99645,169,99803,169,99195,169,99872,169,99053,169,99898,100,98932,169,99901,269,98911,169,100012,100,98721,100,100071,100,98639,100,100097,200,98617,100,100122,100,98499,100,100147,100,98478,100
2019-06-28 09:58:40.000000000,99731,186,99645,186,99803,186,99195,186,99872,186,99053,186,99898,117,98932,186,99901,200,98911,100,100012,100,98721,100,100071,100,98639,100,100097,200,98617,100,100122,100,98499,100,100147,100,98478,100
2019-06-28 09:58:50.000000000,99731,272,99645,272,99803,272,99195,272,99872,100,99053,100,99898,31,98932,100,99901,200,98911,100,100012,100,98721,100,100071,100,98639,100,100097,200,98617,100,100122,100,98499,100,100147,100,98478,100
2019-06-28 09:59:00.000000000,99731,169,99645,169,99803,169,99195,169,99872,169,99053,169,99898,100,98932,169,99901,269,98911,169,100012,100,98721,100,100071,100,98639,100,100097,200,98617,100,100122,100,98499,100,100147,100,98478,100
2019-06-28 09:59:09.480754034,99731,69,99645,169,99803,169,99195,169,99872,169,99053,169,99898,100,98932,169,99901,269,98911,169,100012,100,98721,100,100071,100,98639,100,100097,200,98617,100,100122,100,98499,100,100147,100,98447,100
2019-06-28 09:59:10.000000000,99803,444,99645,444,99872,100,99195,100,99898,31,99053,100,99901,200,98932,100,100012,100,98911,100,100071,100,98721,100,100097,200,98639,100,100122,100,98617,100,100147,100,98499,100,100168,100,98447,100
2019-06-28 09:59:20.000000000,99803,272,99645,272,99872,272,99195,272,99898,31,99053,100,99901,200,98932,100,100012,100,98911,100,100071,100,98721,100,100097,200,98639,100,100122,100,98617,100,100147,100,98499,100,100168,100,98447,100
2019-06-28 09:59:21.369953333,99803,172,99645,272,99872,272,99195,272,99898,31,99053,100,99901,200,98932,100,100012,100,98911,100,100071,100,98721,100,100097,200,98639,100,100122,100,98617,100,100147,100,98499,100,100168,100,98447,100
2019-06-28 09:59:30.000000000,99872,217,99645,217,99898,145,99195,214,99901,314,99053,214,100012,100,98932,100,100071,100,98911,100,100097,200,98721,100,100122,100,98639,100,100147,100,98617,100,100168,100,98499,100,100242,100,98447,100
2019-06-28 09:59:40.000000000,99872,186,99645,186,99898,117,99195,186,99901,286,99053,186,100012,186,98932,186,100071,100,98911,100,100097,200,98721,100,100122,100,98639,100,100147,100,98617,100,100168,100,98499,100,100242,100,98447,100
2019-06-28 09:59:42.926331405,99872,186,99731,100,99898,117,99645,186,99901,286,99195,186,100012,186,99053,186,100071,100,98932,186,100097,200,98911,100,100122,100,98721,100,100147,100,98639,100,100168,100,98617,100,100242,100,98499,100
2019-06-28 09:59:50.000000000,99872,272,99731,272,99898,203,99645,272,99901,200,99195,100,100012,100,99053,100,100071,100,98932,100,100097,200,98911,100,100122,100,98721,100,100147,100,98639,100,100168,100,98617,100,100242,100,98499,100
2019-06-28 09:59:59.548177823,99872,272,99787,100,99898,203,99731,272,99901,200,99645,272,100012,100,99195,100,100071,100,99053,100,100097,200,98932,100,100122,100,98911,100,100147,100,98721,100,100168,100,98639,100,100242,100,98617,100
2019-06-28 10:00:00.000000000,99872,444,99787,444,99898,31,99731,100,99901,200,99645,100,100012,100,99195,100,100071,100,99053,100,100097,200,98932,100,100122,100,98911,100,100147,100,98721,100,100168,100,98639,100,100242,100,98617,100
2019-06-28 10:00:10.000000000,99872,444,99787,444,99898,31,99731,100,99901,200,99645,100,100012,100,99195,100,100071,100,99053,100,100097,200,98932,100,100122,100,98911,100,100147,100,98721,100,100168,100,98639,100,100242,100,98617,100
2019-06-28 10:00:10.749467149,99872,444,99787,444,99898,31,99731,100,99901,200,99645,100,100012,100,99195,100,100071,100,99053,100,100097,200,98932,100,100108,100,98911,100,100122,100,98721,100,100147,100,98639,100,100168,100,98617,100
2019-06-28 10:00:17.000203981,99872,444,99787,444,99898,31,99731,200,99901,200,99645,100,100012,100,99195,100,100071,100,99053,100,100097,200,98932,100,100108,100,98911,100,100122,100,98721,100,100147,100,98639,100,100168,100,98617,100
2019-06-28 10:00:17.402150221,99872,444,99787,444,99898,31,99731,300,99901,200,99645,100,100012,100,99195,100,100071,100,99053,100,100097,200,98932,100,100108,100,98911,100,100122,100,98721,100,100147,100,98639,100,100168,100,98617,100
2019-06-28 10:00:18.289168647,99872,444,99787,444,99898,31,99731,300,99901,200,99645,100,100012,100,99195,100,100071,100,99053,100,100075,100,98932,100,100097,200,98911,100,100108,100,98721,100,100122,100,98639,100,100147,100,98617,100
2019-06-28 10:00:20.000000000,99872,217,99787,217,99898,145,99731,414,99901,314,99645,214,100012,100,99195,100,100071,100,99053,100,100075,100,98932,100,100097,200,98911,100,100108,100,98721,100,100122,100,98639,100,100147,100,98617,100
2019-06-28 10:00:25.967097457,99872,217,99787,217,99898,145,99731,414,99901,314,99645,214,100012,100,99195,100,100071,100,99053,100,100075,100,98932,100,100097,200,98911,100,100108,100,98721,100,100122,100,98639,100,100147,100,98617,100
2019-06-28 10:00:30.000000000,99872,169,99787,169,99898,100,99731,369,99901,269,99645,169,100012,169,99195,169,100071,169,99053,169,100075,100,98932,100,100097,200,98911,100,100108,100,98721,100,100122,100,98639,100,100147,100,98617,100
2019-06-28 10:00:40.000000000,99872,186,99787,186,99898,117,99731,386,99901,286,99645,186,100012,186,99195,186,100071,100,99053,100,100075,100,98932,100,100097,200,98911,100,100108,100,98721,100,100122,100,98639,100,100147,100,98617,100
2019-06-28 10:00:50.000000000,99872,272,99787,272,99898,203,99731,472,99901,200,99645,100,100012,100,99195,100,100071,100,99053,100,100075,100,98932,100,100097,200,98911,100,100108,100,98721,100,100122,100,98639,100,100147,100,98617,100
2019-06-28 10:00:53.203007079,99872,172,99787,272,99898,203,99731,472,99901,200,99645,100,100012,100,99195,100,100071,100,99053,100,100075,100,98932,100,100097,200,98911,100,100108,100,98721,100,100122,100,98639,100,100147,100,98617,100
2019-06-28 10:00:59.248319030,99872,72,99787,272,99898,203,99731,472,99901,200,99645,100,100012,100,99195,100,100071,100,99053,100,100075,100,98932,100,100097,200,98911,100,100108,100,98721,100,100122,100,98639,100,100147,100,98617,100
2019-06-28 10:01:00.000000000,99898,100,99787,169,99901,269,99731,369,100012,169,99645,169,100071,169,99195,169,100075,169,99053,169,100097,200,98932,100,100108,100,98911,100,100122,100,98721,100,100147,100,98639,100,100168,100,98617,100
2019-06-28 10:01:10.000000000,99898,375,99787,444,99901,200,99731,300,100012,100,99645,100,100071,100,99195,100,100075,100,99053,100,100097,200,98932,100,100108,100,98911,100,100122,100,98721,100,100147,100,98639,100,100168,100,98617,100
2019-06-28 10:01:10.144388698,99898,375,99787,444,99901,100,99731,300,100012,100,99645,100,100071,100,99195,100,100075,100,99053,100,100097,200,98932,100,100108,100,98911,100,100122,100,98721,100,100147,100,98639,100,100168,100,98617,100
2019-06-28 10:01:20.000000000,99898,203,99787,272,99901,272,99731,472,100012,100,99645,100,100071,100,99195,100,100075,100,99053,100,100097,200,98932,100,100108,100,98911,100,100122,100,98721,100,100147,100,98639,100,100168,100,98617,100
2019-06-28 10:01:30.000000000,99898,117,99787,186,99901,186,99731,386,100012,186,99645,186,100071,186,99195,186,100075,100,99053,100,100097,200,98932,100,100108,100,98911,100,100122,100,98721,100,100147,100,98639,100,100168,100,98617,100
2019-06-28 10:01:40.000000000,99898,100,99787,169,99901,169,99731,369,100012,169,99645,169,100071,169,99195,169,100075,169,99053,169,100097,200,98932,100,100108,100,98911,100,100122,100,98721,100,100147,100,98639,100,100168,100,98617,100
2019-06-28 10:01:50.000000000,99898,100,99787,169,99901,169,99731,369,100012,169,99645,169,100071,169,99195,169,100075,169,99053,169,100097,200,98932,100,100108,100,98911,100,100122,100,98721,100,100147,100,98639,100,100168,100,98617,100
2019-06-28 10:01:51.835360078,99898,100,99787,69,99901,169,99731,369,100012,169,99645,169,100071,169,99195,169,100075,169,99053,169,100097,200,98932,100,100108,100,98911,100,100122,100,98721,100,100147,100,98639,100,100168,100,98617,100
2019-06-28 10:02:00.000000000,99898,100,99731,369,99901,169,99645,169,100012,169,99195,169,100071,169,99053,169,100075,169,98932,169,100097,200,98911,100,100108,100,98721,100,100122,100,98639,100,100147,100,98617,100,100168,100,98499,100
2019-06-28 10:02:00.138046193,99898,100,99731,269,99901,169,99645,169,100012,169,99195,169,100071,169,99053,169,100075,169,98932,169,100097,200,98911,100,100108,100,98721,100,100122,100,98639,100,100147,100,98617,100,100168,100,98499,100
2019-06-28 10:02:06.782137599,99898,100,99731,269,99901,169,99645,169,100012,169,99391,100,100071,169,99195,169,100075,169,99053,169,100097,200,98932,169,100108,100,98911,100,100122,100,98721,100,100147,100,98639,100,100168,100,98617,100
2019-06-28 10:02:10.000000000,99898,148,99731,317,99901,214,99645,214,100012,214,99391,214,100071,100,99195,100,100075,100,99053,100,100097,200,98932,100,100108,100,98911,100,100122,100,98721,100,100147,100,98639,100,100168,100,98617,100
2019-06-28 10:02:11.936852245,99898,148,99731,317,99901,214,99645,214,100012,114,99391,214,100071,100,99195,100,100075,100,99053,100,100097,200,98932,100,100108,100,98911,100,100122,100,98721,100,100147,100,98639,100,100168,100,98617,100
2019-06-28 10:02:15.585221922,99898,148,99731,217,99901,214,99645,214,100012,114,99391,214,100071,100,99195,100,100075,100,99053,100,100097,200,98932,100,100108,100,98911,100,100122,100,98721,100,100147,100,98639,100,100168,100,98617,100
2019-06-28 10:02:20.000000000,99898,100,99731,169,99901,169,99645,169,100071,169,99391,169,100075,169,99195,169,100097,269,99053,169,100108,100,98932,100,100122,100,98911,100,100147,100,98721,100,100168,100,98639,100,100242,100,98617,100
2019-06-28 10:02:30.000000000,99898,375,99731,444,99901,100,99645,100,100071,100,99391,100,100075,100,99195,100,100097,200,99053,100,100108,100,98932,100,100122,100,98911,100,100147,100,98721,100,100168,100,98639,100,100242,100,98617,100
2019-06-28 10:02:40.000000000,99898,375,99731,444,99901,100,99645,100,100071,100,99391,100,100075,100,99195,100,100097,200,99053,100,100108,100,98932,100,100122,100,98911,100,100147,100,98721,100,100168,100,98639,100,100242,100,98617,100
2019-06-28 10:02:49.519037391,99898,275,99731,444,99901,100,99645,100,100071,100,99391,100,100075,100,99195,100,100097,200,99053,100,100108,100,98932,100,100122,100,98911,100,100147,100,98721,100,100168,100,98639,100,100242,100,98617,100
2019-06-28 10:02:50.000000000,99901,444,99731,444,100071,100,99645,100,100075,100,99391,100,100097,200,99195,100,100108,100,99053,100,100122,100,98932,100,100147,100,98911,100,100168,100,98721,100,100242,100,98639,100,100260,100,98617,100
2019-06-28 10:02:56.172370367,99901,344,99731,444,100071,100,99645,100,100075,100,99391,100,100097,200,99195,100,100108,100,99053,100,100122,100,98932,100,100147,100,98911,100,100168,100,98721,100,100242,100,98639,100,100260,100,98617,100
2019-06-28 10:03:00.000000000,100071,444,99731,444,100075,100,99645,100,100097,200,99391,100,100108,100,99195,100,100122,100,99053,100,100147,100,98932,100,100168,100,98911,100,100242,100,98721,100,100260,100,98639,100,100370,100,98617,100
2019-06-28 10:03:01.713661246,100071,444,99731,444,100075,100,99645,100,100097,200,99391,100,100108,100,99195,100,100122,100,99053,100,100147,100,98932,100,100168,100,98911,100,100230,100,98721,100,100242,100,98639,100,100260,100,98617,100
2019-06-28 10:03:06.166652438,100071,444,99898,100,100075,100,99731,444,100097,200,99645,100,100108,100,99391,100,100122,100,99195,100,100147,100,99053,100,100168,100,98932,100,100230,100,98911,100,100242,100,98721,100,100260,100,98639,100
2019-06-28 10:03:10.000000000,100071,186,99898,186,100075,186,99731,186,100097,286,99645,186,100108,186,99391,186,100122,100,99195,100,100147,100,99053,100,100168,100,98932,100,100230,100,98911,100,100242,100,98721,100,100260,100,98639,100
2019-06-28 10:03:19.054006534,99954,100,99898,186,100071,186,99731,186,100075,186,99645,186,100097,286,99391,186,100108,186,99195,100,100122,100,99053,100,100147,100,98932,100,100168,100,98911,100,100230,100,98721,100,100242,100,98617,100
2019-06-28 10:03:20.000000000,99954,217,99898,217,100071,214,99731,214,100075,214,99645,214,100097,200,99391,100,100108,100,99195,100,100122,100,99053,100,100147,100,98932,100,100168,100,98911,100,100230,100,98721,100,100242,100,98617,100
2019-06-28 10:03:29.941232798,99954,217,99923,100,100071,214,99898,217,100075,214,99731,214,100097,200,99645,214,100108,100,99391,100,100122,100,99195,100,100147,100,99053,100,100168,100,98932,100,100230,100,98911,100,100242,100,98721,100
2019-06-28 10:03:30.000000000,99954,217,99923,217,100071,214,99898,214,100075,214,99731,214,100097,200,99645,100,100108,100,99391,100,100122,100,99195,100,100147,100,99053,100,100168,100,98932,100,100230,100,98911,100,100242,100,98721,100
2019-06-28 10:03:40.000000000,99954,186,99923,186,100071,186,99898,186,100075,186,99731,186,100097,286,99645,186,100108,100,99391,100,100122,100,99195,100,100147,100,99053,100,100168,100,98932,100,100230,100,98911,100,100242,100,98721,100
2019-06-28 10:03:46.637328096,99954,186,99923,186,100071,186,99898,186,100075,186,99807,100,100097,286,99731,186,100108,100,99645,186,100122,100,99391,100,100147,100,99195,100,100168,100,99053,100,100230,100,98932,100,100242,100,98911,100
2019-06-28 10:03:50.000000000,99954,217,99923,217,100071,214,99898,214,100075,214,99807,214,100097,200,99731,100,100108,100,99645,100,100122,100,99391,100,100147,100,99195,100,100168,100,99053,100,100230,100,98932,100,100242,100,98911,100
2019-06-28 10:04:00.000000000,99954,217,99923,217,100071,214,99898,214,100075,214,99807,214,100097,200,99731,100,100108,100,99645,100,100122,100,99391,100,100147,100,99195,100,100168,100,99053,100,100230,100,98932,100,100242,100,98911,100
2019-06-28 10:04:01.167400707,99954,217,99923,217,100071,214,99898,214,100075,214,99834,100,100097,200,99807,214,100108,100,99731,100,100122,100,99645,100,100147,100,99391,100,100168,100,99195,100,100230,100,99053,100,100242,100,98932,100
2019-06-28 10:04:02.301105312,99954,217,99923,117,100071,214,99898,214,100075,214,99834,100,100097,200,99807,214,100108,100,99731,100,100122,100,99645,100,100147,100,99391,100,100168,100,99195,100,100230,100,99053,100,100242,100,98932,100
2019-06-28 10:04:10.000000000,99954,217,99898,217,100071,214,99834,214,100075,214,99807,214,100097,200,99731,100,100108,100,99645,100,100122,100,99391,100,100147,100,99195,100,100168,100,99053,100,100230,100,98932,100,100242,100,98911,100
2019-06-28 10:04:12.547068074,99954,217,99898,117,100071,214,99834,214,100075,214,99807,214,100097,200,99731,100,100108,100,99645,100,100122,100,99391,100,100147,100,99195,100,100168,100,99053,100,100230,100,98932,100,100242,100,98911,100
2019-06-28 10:04:13.259654636,99954,217,99898,117,100071,214,99834,214,100075,214,99807,214,100097,200,99731,100,100108,100,99645,100,100122,100,99642,100,100147,100,99391,100,100168,100,99195,100,100230,100,99053,100,100242,100,98932,100
2019-06-28 10:04:20.000000000,99954,217,99834,217,100071,214,99807,214,100075,214,99731,214,100097,200,99645,100,100108,100,99642,100,100122,100,99391,100,100147,100,99195,100,100168,100,99053,100,100230,100,98932,100,100242,100,98911,100
2019-06-28 10:04:30.000000000,99954,169,99834,169,100071,169,99807,169,100075,169,99731,169,100097,269,99645,169,100108,169,99642,169,100122,100,99391,100,100147,100,99195,100,100168,100,99053,100,100230,100,98932,100,100242,100,98911,100
2019-06-28 10:04:33.179083082,99954,169,99834,69,100071,169,99807,169,100075,169,99731,169,100097,269,99645,169,100108,169,99642,169,100122,100,99391,100,100147,100,99195,100,100168,100,99053,100,100230,100,98932,100,100242,100,98911,100
2019-06-28 10:04:40.000000000,99954,272,99807,272,100071,272,99731,272,100075,100,99645,100,100097,200,99642,100,100108,100,99391,100,100122,100,99195,100,100147,100,99053,100,100168,100,98932,100,100230,100,98911,100,100242,100,98721,100
2019-06-28 10:04:43.150218922,99954,272,99807,272,100071,272,99731,272,100075,100,99645,100,100097,200,99642,100,100108,100,99566,100,100122,100,99391,100,100147,100,99195,100,100168,100,99053,100,100230,100,98932,100,100260,100,98911,100
2019-06-28 10:04:48.442284221,99898,100,99807,272,99954,272,99731,272,100071,272,99645,100,100075,100,99642,100,100097,200,99566,100,100108,100,99391,100,100122,100,99195,100,100147,100,99053,100,100168,100,98932,100,100230,100,98911,100
2019-06-28 10:04:50.000000000,99898,186,99807,186,99954,186,99731,186,100071,186,99645,186,100075,186,99642,186,100097,200,99566,100,100108,100,99391,100,100122,100,99195,100,100147,100,99053,100,100168,100,98932,100,100230,100,98911,100
2019-06-28 10:04:53.295398243,99898,186,99807,86,99954,186,99731,186,100071,186,99645,186,100075,186,99642,186,100097,200,99566,100,100108,100,99391,100,100122,100,99195,100,100147,100,99053,100,100168,100,98932,100,100230,100,98911,100
2019-06-28 10:04:54.219321383,99898,186,99807,86,99954,186,99731,186,100071,186,99645,186,100075,186,99642,186,100097,200,99566,100,100108,100,99496,100,100122,100,99391,100,100147,100,99195,100,100168,100,99053,100,100230,100,98932,100
2019-06-28 10:04:59.284215717,99807,14,99731,186,99898,186,99645,186,99954,186,99642,186,100071,186,99496,100,100075,186,99391,100,100097,200,99195,100,100108,100,99053,100,100122,100,98932,100,100147,100,98911,100,100168,100,98721,100
2019-06-28 10:05:00.000000000,99807,186,99731,272,99898,272,99645,272,99954,100,99642,100,100071,100,99496,100,100075,100,99391,100,100097,200,99195,100,100108,100,99053,100,100122,100,98932,100,100147,100,98911,100,100168,100,98721,100
2019-06-28 10:05:07.305722134,99807,186,99731,272,99898,272,99645,272,99954,100,99642,100,100071,100,99496,100,100075,100,99402,100,100097,200,99391,100,100108,100,99195,100,100122,100,98932,100,100147,100,98911,100,100168,100,98721,100
2019-06-28 10:05:10.000000000,99807,186,99731,272,99898,272,99645,272,99954,100,99642,100,100071,100,99496,100,100075,100,99402,100,100097,200,99391,100,100108,100,99195,100,100122,100,98932,100,100147,100,98911,100,100168,100,98721,100
