,ask_price_1,ask_size_1,bid_price_1,bid_size_1,ask_price_2,ask_size_2,bid_price_2,bid_size_2,ask_price_3,ask_size_3,bid_price_3,bid_size_3,ask_price_4,ask_size_4,bid_price_4,bid_size_4,ask_price_5,ask_size_5,bid_price_5,bid_size_5,ask_price_6,ask_size_6,bid_price_6,bid_size_6,ask_price_7,ask_size_7,bid_price_7,bid_size_7,ask_price_8,ask_size_8,bid_price_8,bid_size_8,ask_price_9,ask_size_9,bid_price_9,bid_size_9,ask_price_10,ask_size_10,bid_price_10,bid_size_10
2019-06-28 09:30:00.000000001,99981,100,,,,,,,,,,,,,,,,,,,,,,,,,,,,,,,,,,,,,,
2019-06-28 09:30:00.000000004,99981,100,,,100002,100,,,,,,,,,,,,,,,,,,,,,,,,,,,,,,,,,,
2019-06-28 09:30:00.000000007,99981,100,99914,100,100002,100,,,,,,,,,,,,,,,,,,,,,,,,,,,,,,,,,,
2019-06-28 09:30:00.000000008,100002,100,99914,100,,,,,,,,,,,,,,,,,,,,,,,,,,,,,,,,,,,,
2019-06-28 09:30:00.000000014,100002,100,99914,100,100236,100,,,,,,,,,,,,,,,,,,,,,,,,,,,,,,,,,,
2019-06-28 09:30:00.000000016,100002,100,99989,100,100236,100,99936,100,,,99914,100,,,,,,,,,,,,,,,,,,,,,,,,,,,,
2019-06-28 09:30:00.000000017,100002,100,99936,100,100236,100,99914,100,,,,,,,,,,,,,,,,,,,,,,,,,,,,,,,,
2019-06-28 09:30:00.000000018,100002,100,99981,100,100236,100,99941,100,,,99936,100,,,99914,100,,,,,,,,,,,,,,,,,,,,,,,,
2019-06-28 09:30:00.000000019,100002,100,99981,200,100236,100,99941,100,,,99936,100,,,99914,100,,,,,,,,,,,,,,,,,,,,,,,,
2019-06-28 09:30:00.000000022,100002,100,99981,200,100236,100,99941,100,,,99936,100,,,99914,100,,,99890,100,,,,,,,,,,,,,,,,,,,,
2019-06-28 09:30:00.000000023,100002,100,99981,200,100236,100,99969,100,,,99941,100,,,99936,100,,,99914,100,,,99890,100,,,,,,,,,,,,,,,,
2019-06-28 09:30:00.000000024,100002,100,99981,200,100050,100,99969,100,100236,100,99941,100,,,99936,100,,,99926,100,,,99914,100,,,99890,100,,,,,,,,,,,,
2019-06-28 09:30:00.000000028,100002,100,99985,100,100050,100,99981,200,100236,100,99969,100,,,99941,100,,,99936,100,,,99926,100,,,99914,100,,,99890,100,,,,,,,,
2019-06-28 09:30:00.000000029,99989,100,99985,100,100002,100,99981,200,100050,100,99969,100,100236,100,99941,100,,,99936,100,,,99926,100,,,99914,100,,,99890,100,,,,,,,,
2019-06-28 09:30:00.000000030,99989,100,99985,100,100002,100,99981,200,100050,100,99969,100,100146,100,99941,100,100236,100,99936,100,,,99926,100,,,99914,100,,,99890,100,,,,,,,,
2019-06-28 09:30:00.000000032,99989,100,99985,100,100002,100,99981,400,100050,100,99969,100,100146,100,99941,100,100236,100,99936,100,,,99926,100,,,99914,100,,,99890,100,,,,,,,,
2019-06-28 09:30:00.000000035,99989,100,99985,100,100002,100,99981,400,100050,100,99969,100,100146,100,99941,100,100236,100,99936,100,,,99926,100,,,99914,100,,,99911,100,,,99890,100,,,,
2019-06-28 09:30:00.000000036,99989,100,99985,100,100002,100,99981,400,100050,100,99969,100,100051,100,99941,100,100146,100,99936,100,100236,100,99926,100,,,99914,100,,,99911,100,,,99890,100,,,,
2019-06-28 09:30:00.000000038,99989,100,99985,100,100002,100,99981,400,100003,100,99969,100,100050,100,99941,100,100051,100,99936,100,100146,100,99926,100,100236,100,99914,100,,,99911,100,,,99890,100,,,,
2019-06-28 09:30:00.000000039,99989,100,99981,400,100002,100,99969,100,100003,100,99941,100,100050,100,99936,100,100051,100,99926,100,100146,100,99914,100,100236,100,99911,100,,,99890,100,,,,,,,,
2019-06-28 09:30:00.000000040,99989,100,99981,400,100002,100,99969,100,100003,100,99941,100,100050,100,99936,100,100051,100,99926,100,100110,100,99916,100,100146,100,99914,100,100236,100,99911,100,,,99890,100,,,,
2019-06-28 09:30:00.000000041,99989,100,99981,400,100002,100,99969,100,100003,100,99941,100,100050,100,99936,100,100051,100,99926,100,100110,100,99916,100,100146,100,99914,100,100236,100,99911,100,,,99904,100,,,99890,100
2019-06-28 09:30:00.000000044,99989,100,99981,400,100002,100,99969,100,100003,100,99941,100,100050,100,99936,100,100051,100,99926,100,100080,100,99916,100,100110,100,99914,100,100146,100,99911,100,100236,100,99904,200,,,99890,100
2019-06-28 09:30:00.000000045,99989,100,99981,400,100002,100,99969,100,100003,100,99941,100,100050,100,99936,100,100051,100,99926,100,100056,100,99916,100,100080,100,99914,100,100110,100,99911,100,100146,100,99904,200,100236,100,99890,100
2019-06-28 09:30:00.000000046,99989,100,99981,400,99997,100,99969,100,100002,100,99941,100,100003,100,99936,100,100050,100,99926,100,100051,100,99916,100,100056,100,99914,100,100080,100,99911,100,100110,100,99904,200,100146,100,99890,100
2019-06-28 09:30:00.000000047,99989,100,99981,400,99997,100,99978,100,100002,100,99969,100,100003,100,99941,100,100050,100,99936,100,100051,100,99926,100,100056,100,99916,100,100080,100,99914,100,100110,100,99911,100,100146,100,99904,200
2019-06-28 09:30:00.000000050,99987,100,99981,400,99989,100,99978,100,99997,100,99969,100,100002,100,99941,100,100003,100,99936,100,100050,100,99926,100,100051,100,99916,100,100056,100,99914,100,100080,100,99911,100,100110,100,99904,200
2019-06-28 09:30:00.000000051,99987,100,99981,400,99989,100,99978,100,99997,100,99969,100,100002,100,99941,100,100003,100,99936,100,100050,100,99926,100,100051,100,99916,100,100054,100,99914,100,100056,100,99911,100,100080,100,99904,200
2019-06-28 09:30:00.000000054,99987,100,99981,400,99989,100,99978,100,99997,100,99969,100,100002,100,99941,100,100003,100,99936,100,100050,100,99926,100,100051,100,99916,100,100054,100,99914,100,100056,100,99911,100,100080,100,99904,200
2019-06-28 09:30:00.000000055,99989,100,99981,400,99997,100,99978,100,100002,100,99969,100,100003,100,99943,100,100050,100,99941,100,100051,100,99936,100,100054,100,99926,100,100056,100,99916,100,100080,100,99914,100,100110,100,99911,100
2019-06-28 09:30:00.000000056,99989,100,99981,400,99997,100,99978,100,100002,100,99969,100,100003,100,99943,100,100050,100,99941,100,100051,100,99936,100,100054,100,99926,100,100056,100,99916,100,100080,100,99914,100,100110,100,99911,100
2019-06-28 09:30:00.000000062,99989,100,99981,400,99997,100,99978,100,100002,100,99969,100,100003,100,99960,100,100050,100,99943,100,100051,100,99941,100,100054,100,99936,100,100056,100,99926,100,100080,100,99916,100,100110,100,99914,100
2019-06-28 09:30:00.000000068,99989,100,99981,400,99997,100,99978,100,100002,100,99969,100,100003,100,99960,100,100050,100,99943,100,100051,100,99941,100,100054,100,99936,100,100056,100,99926,100,100080,100,99916,100,100110,100,99914,100
2019-06-28 09:30:00.000000069,99989,100,99981,400,99997,100,99978,100,100002,100,99969,100,100003,100,99960,100,100050,100,99943,100,100051,100,99941,100,100054,100,99936,100,100056,100,99926,100,100080,100,99916,100,100110,100,99914,100
2019-06-28 09:30:00.000000070,99989,100,99981,400,99997,100,99978,100,100002,100,99969,100,100003,100,99960,100,100050,100,99943,100,100051,100,99941,100,100054,100,99936,100,100056,100,99926,100,100068,100,99916,100,100080,100,99914,100
2019-06-28 09:30:00.000000071,99989,100,99981,400,99997,100,99978,100,100002,100,99969,100,100003,100,99960,100,100050,100,99943,100,100051,100,99941,100,100054,100,99936,100,100056,100,99926,100,100068,100,99916,100,100080,100,99914,100
2019-06-28 09:30:00.000000074,99989,100,99981,400,99997,100,99978,100,100002,100,99969,100,100003,100,99960,100,100050,100,99943,100,100051,100,99941,100,100054,100,99936,100,100056,100,99926,100,100068,100,99916,100,100080,100,99914,100
2019-06-28 09:30:00.000000077,99989,100,99981,400,99997,100,99978,100,100002,100,99969,100,100003,100,99960,100,100050,100,99943,100,100051,100,99941,100,100054,100,99936,100,100056,100,99926,100,100068,100,99916,100,100080,100,99914,100
2019-06-28 09:30:00.000000080,99989,100,99981,400,99997,100,99978,100,100002,100,99969,100,100003,100,99960,100,100033,100,99943,100,100050,100,99941,100,100051,100,99936,100,100054,100,99926,100,100056,100,99916,100,100068,100,99914,100
2019-06-28 09:30:00.000000081,99989,100,99981,400,99997,100,99978,100,100002,100,99969,100,100003,100,99960,100,100033,100,99943,100,100050,100,99941,100,100051,100,99936,100,100054,100,99926,100,100056,100,99919,100,100068,100,99916,100
2019-06-28 09:30:00.000000083,99989,100,99981,400,99997,100,99978,100,100002,100,99969,100,100003,100,99960,100,100033,100,99943,100,100050,100,99941,100,100051,100,99936,100,100054,100,99926,100,100056,100,99919,100,100068,200,99916,100
2019-06-28 09:30:00.000000084,99989,100,99985,100,99997,100,99981,400,100002,100,99978,100,100003,100,99969,100,100033,100,99960,100,100050,100,99957,100,100051,100,99943,100,100054,100,99941,100,100056,100,99936,100,100068,200,99926,100
2019-06-28 09:30:00.000000087,99989,100,99985,100,99997,100,99981,400,100002,100,99978,100,100003,100,99969,100,100033,100,99960,100,100050,100,99957,100,100051,100,99943,100,100054,100,99941,100,100056,100,99936,100,100068,200,99926,100
2019-06-28 09:30:00.000000093,99997,100,99985,100,100002,100,99981,400,100003,100,99978,100,100033,100,99969,100,100050,100,99960,100,100051,100,99957,100,100054,100,99943,100,100056,100,99941,100,100068,200,99936,100,100080,100,99926,100
2019-06-28 09:30:00.000000095,99997,100,99985,100,100002,100,99981,400,100003,100,99978,100,100033,100,99969,100,100050,100,99960,100,100051,100,99957,100,100054,100,99943,100,100056,100,99941,100,100068,200,99936,100,100080,100,99926,100
2019-06-28 09:30:00.000000096,99997,100,99985,100,100002,100,99981,400,100003,100,99978,100,100033,100,99969,100,100050,100,99960,100,100051,100,99957,100,100054,100,99943,100,100056,100,99941,100,100068,200,99936,100,100080,100,99926,100
2019-06-28 09:30:04.730171930,99997,100,99985,100,100002,100,99981,400,100033,100,99978,100,100050,100,99969,100,100051,100,99960,100,100054,100,99957,100,100056,100,99943,100,100068,200,99941,100,100080,100,99936,100,100088,100,99926,100
2019-06-28 09:30:10.000000000,99997,164,99985,164,100002,164,99981,464,100033,164,99978,164,100050,164,99969,164,100051,100,99960,100,100054,100,99957,100,100056,100,99943,100,100068,200,99941,100,100080,100,99936,100,100088,100,99926,100
2019-06-28 09:30:15.112415887,99997,164,99985,164,100002,164,99981,464,100033,164,99978,164,100050,164,99969,164,100051,100,99960,100,100054,100,99957,100,100056,100,99943,100,100068,200,99941,100,100075,100,99936,100,100080,100,99926,100
2019-06-28 09:30:17.718308594,99997,164,99985,164,100002,164,99981,464,100033,164,99978,164,100050,164,99969,64,100051,100,99960,100,100054,100,99957,100,100056,100,99943,100,100068,200,99941,100,100075,100,99936,100,100080,100,99926,100
2019-06-28 09:30:20.000000000,99997,164,99985,164,100002,164,99981,464,100033,164,99978,164,100050,164,99960,164,100051,100,99957,100,100054,100,99943,100,100056,100,99941,100,100068,200,99936,100,100075,100,99926,100,100080,100,99921,100
2019-06-28 09:30:21.760623784,99997,164,99985,164,100002,164,99981,464,100033,164,99978,164,100050,164,99966,100,100051,100,99960,164,100054,100,99957,100,100068,200,99943,100,100075,100,99941,100,100080,100,99936,100,100088,100,99926,100
2019-06-28 09:30:25.758440559,99997,164,99985,64,100002,164,99981,464,100033,164,99978,164,100050,164,99966,100,100051,100,99960,164,100054,100,99957,100,100068,200,99943,100,100075,100,99941,100,100080,100,99936,100,100088,100,99926,100
2019-06-28 09:30:30.000000000,99997,354,99981,654,100002,100,99978,100,100033,100,99966,100,100050,100,99960,100,100051,100,99957,100,100054,100,99943,100,100068,200,99941,100,100075,100,99936,100,100080,100,99926,100,100088,100,99921,100
2019-06-28 09:30:30.934173797,99989,100,99981,654,99997,354,99978,100,100002,100,99966,100,100033,100,99960,100,100050,100,99957,100,100051,100,99943,100,100054,100,99941,100,100068,200,99936,100,100075,100,99926,100,100080,100,99921,100
2019-06-28 09:30:31.557043314,99989,100,99981,654,99997,354,99978,100,100002,100,99960,100,100033,100,99957,100,100050,100,99943,100,100051,100,99941,100,100054,100,99936,100,100068,200,99926,100,100075,100,99921,100,100078,100,99919,100
2019-06-28 09:30:40.000000000,99989,151,99981,451,99997,151,99978,151,100002,151,99960,151,100033,151,99957,151,100050,151,99943,151,100051,100,99941,100,100054,100,99936,100,100068,200,99926,100,100075,100,99921,100,100078,100,99919,100
2019-06-28 09:30:50.000000000,99989,354,99981,654,99997,100,99978,100,100002,100,99960,100,100033,100,99957,100,100050,100,99943,100,100051,100,99941,100,100054,100,99936,100,100068,200,99926,100,100075,100,99921,100,100078,100,99919,100
2019-06-28 09:30:56.780265795,99989,354,99981,554,99997,100,99978,100,100002,100,99960,100,100033,100,99957,100,100050,100,99943,100,100051,100,99941,100,100054,100,99936,100,100068,200,99926,100,100075,100,99921,100,100078,100,99919,100
2019-06-28 09:31:00.000000000,99989,164,99981,364,99997,164,99978,164,100002,164,99960,164,100033,164,99957,164,100050,100,99943,100,100051,100,99941,100,100054,100,99936,100,100068,200,99926,100,100075,100,99921,100,100078,100,99919,100
2019-06-28 09:31:10.000000000,99989,227,99981,427,99997,227,99978,227,100002,100,99960,100,100033,100,99957,100,100050,100,99943,100,100051,100,99941,100,100054,100,99936,100,100068,200,99926,100,100075,100,99921,100,100078,100,99919,100
2019-06-28 09:31:15.312297216,99988,100,99981,427,99989,227,99978,227,99997,227,99960,100,100002,100,99957,100,100033,100,99943,100,100050,100,99941,100,100051,100,99936,100,100054,100,99926,100,100068,200,99921,100,100075,100,99919,100
2019-06-28 09:31:15.837701333,99988,100,99981,427,99989,227,99978,227,99997,227,99960,100,100002,100,99957,100,100033,100,99943,100,100050,100,99941,100,100051,100,99936,100,100054,100,99926,100,100068,200,99921,100,100075,100,99919,100
2019-06-28 09:31:20.000000000,99988,186,99981,386,99989,184,99978,184,99997,184,99960,184,100002,100,99957,100,100033,100,99943,100,100050,100,99941,100,100051,100,99936,100,100054,100,99926,100,100068,200,99921,100,100075,100,99919,100
2019-06-28 09:31:30.000000000,99988,186,99981,386,99989,184,99978,184,99997,184,99960,184,100002,100,99957,100,100033,100,99943,100,100050,100,99941,100,100051,100,99936,100,100054,100,99926,100,100068,200,99921,100,100075,100,99919,100
2019-06-28 09:31:31.631707228,99988,186,99981,386,99989,184,99978,184,99997,184,99960,184,100002,100,99957,100,100033,100,99943,100,100050,100,99941,100,100051,100,99936,100,100054,100,99926,100,100068,200,99921,100,100075,100,99919,100
2019-06-28 09:31:40.000000000,99988,151,99981,351,99989,151,99978,151,99997,151,99960,151,100002,151,99957,151,100033,151,99943,151,100050,100,99941,100,100051,100,99936,100,100054,100,99926,100,100068,200,99921,100,100075,100,99919,100
2019-06-28 09:31:50.000000000,99988,151,99981,351,99989,151,99978,151,99997,151,99960,151,100002,151,99957,151,100033,151,99943,151,100050,100,99941,100,100051,100,99936,100,100054,100,99926,100,100068,200,99921,100,100075,100,99919,100
2019-06-28 09:32:00.000000000,99988,227,99981,427,99989,227,99978,227,99997,100,99960,100,100002,100,99957,100,100033,100,99943,100,100050,100,99941,100,100051,100,99936,100,100054,100,99926,100,100068,200,99921,100,100075,100,99919,100
2019-06-28 09:32:00.682429701,99988,227,99981,427,99989,227,99978,227,99997,100,99960,100,99999,100,99957,100,100002,100,99943,100,100033,100,99941,100,100050,100,99936,100,100051,100,99926,100,100054,100,99921,100,100068,200,99919,100
2019-06-28 09:32:03.121103608,99988,327,99981,427,99989,227,99978,227,99997,100,99960,100,99999,100,99957,100,100002,100,99943,100,100033,100,99941,100,100050,100,99926,100,100051,100,99921,100,100054,100,99919,100,100068,200,99911,100
2019-06-28 09:32:06.084512357,99988,327,99981,427,99989,227,99978,227,99997,100,99960,100,99999,100,99957,100,100002,100,99943,100,100033,100,99941,100,100050,100,99926,100,100051,100,99921,100,100054,100,99919,100,100068,200,99911,100
2019-06-28 09:32:10.000000000,99988,327,99981,427,99989,227,99978,227,99997,100,99960,100,99999,100,99957,100,100002,100,99943,100,100033,100,99941,100,100050,100,99926,100,100051,100,99921,100,100054,100,99919,100,100068,200,99911,100
2019-06-28 09:32:14.374196721,99988,227,99981,427,99989,227,99978,227,99997,100,99960,100,99999,100,99957,100,100002,100,99943,100,100033,100,99941,100,100050,100,99926,100,100051,100,99921,100,100054,100,99919,100,100068,200,99911,100
2019-06-28 09:32:20.000000000,99988,164,99981,364,99989,164,99978,164,99997,164,99960,164,99999,164,99957,164,100002,100,99943,100,100033,100,99941,100,100050,100,99926,100,100051,100,99921,100,100054,100,99919,100,100068,200,99911,100
2019-06-28 09:32:30.000000000,99988,151,99981,351,99989,151,99978,151,99997,151,99960,151,99999,151,99957,151,100002,151,99943,151,100033,100,99941,100,100050,100,99926,100,100051,100,99921,100,100054,100,99919,100,100068,200,99911,100
2019-06-28 09:32:40.000000000,99988,186,99981,386,99989,184,99978,184,99997,184,99960,184,99999,100,99957,100,100002,100,99943,100,100033,100,99941,100,100050,100,99926,100,100051,100,99921,100,100054,100,99919,100,100068,200,99911,100
2019-06-28 09:32:50.000000000,99988,151,99981,351,99989,151,99978,151,99997,151,99960,151,99999,151,99957,151,100002,151,99943,151,100033,100,99941,100,100050,100,99926,100,100051,100,99921,100,100054,100,99919,100,100068,200,99911,100
2019-06-28 09:32:54.475423598,99988,151,99981,351,99989,151,99978,151,99997,151,99960,151,99999,151,99957,151,100002,151,99943,151,100033,100,99941,100,100050,100,99926,100,100051,100,99921,100,100054,100,99919,100,100068,200,99911,100
2019-06-28 09:33:00.000000000,99988,151,99981,351,99989,151,99978,151,99997,151,99960,151,99999,151,99957,151,100002,151,99943,151,100033,100,99941,100,100050,100,99926,100,100051,100,99921,100,100054,100,99919,100,100068,200,99911,100
2019-06-28 09:33:10.000000000,99988,164,99981,364,99989,164,99978,164,99997,164,99960,164,99999,164,99957,164,100002,100,99943,100,100033,100,99941,100,100050,100,99926,100,100051,100,99921,100,100054,100,99919,100,100068,200,99911,100
2019-06-28 09:33:15.691393979,99988,164,99981,364,99989,164,99978,164,99997,164,99960,164,99999,164,99957,164,100002,100,99943,100,100033,100,99941,100,100050,100,99926,100,100051,100,99921,100,100054,100,99919,100,100068,200,99911,100
2019-06-28 09:33:20.000000000,99988,186,99981,386,99989,184,99978,184,99997,184,99960,184,99999,100,99957,100,100002,100,99943,100,100033,100,99941,100,100050,100,99926,100,100051,100,99921,100,100054,100,99919,100,100068,200,99911,100
2019-06-28 09:33:30.000000000,99988,164,99981,364,99989,164,99978,164,99997,164,99960,164,99999,164,99957,164,100002,100,99943,100,100033,100,99941,100,100050,100,99926,100,100051,100,99921,100,100054,100,99919,100,100068,200,99911,100
2019-06-28 09:33:40.000000000,99988,354,99981,554,99989,100,99978,100,99997,100,99960,100,99999,100,99957,100,100002,100,99943,100,100033,100,99941,100,100050,100,99926,100,100051,100,99921,100,100054,100,99919,100,100068,200,99911,100
2019-06-28 09:33:40.680814340,99988,354,99981,554,99989,100,99978,100,99997,100,99960,100,99999,100,99957,100,100002,100,99943,100,100033,100,99941,100,100050,100,99926,100,100051,100,99921,100,100068,200,99919,100,100075,100,99911,100
2019-06-28 09:33:41.753087270,99988,254,99981,554,99989,100,99978,100,99997,100,99960,100,99999,100,99957,100,100002,100,99943,100,100033,100,99941,100,100050,100,99926,100,100051,100,99921,100,100068,200,99919,100,100075,100,99911,100
2019-06-28 09:33:50.000000000,99989,151,99981,351,99997,151,99978,151,99999,151,99960,151,100002,151,99957,151,100033,151,99943,151,100050,100,99941,100,100051,100,99926,100,100068,200,99921,100,100075,100,99919,100,100078,100,99911,100
2019-06-28 09:33:59.733504825,99989,51,99981,351,99997,151,99978,151,99999,151,99960,151,100002,151,99957,151,100033,151,99943,151,100050,100,99941,100,100051,100,99926,100,100068,200,99921,100,100075,100,99919,100,100078,100,99911,100
2019-06-28 09:33:59.819602445,99989,51,99981,351,99997,151,99978,151,99999,151,99960,151,100002,151,99957,151,100033,151,99943,151,100050,100,99941,100,100051,100,99926,100,100068,200,99921,100,100075,100,99919,100,100078,100,99911,100
2019-06-28 09:34:00.000000000,99997,227,99981,427,99999,227,99978,227,100002,100,99960,100,100033,100,99957,100,100050,100,99943,100,100051,100,99941,100,100068,200,99926,100,100075,100,99921,100,100078,100,99919,100,100080,100,99911,100
2019-06-28 09:34:02.239980357,99997,227,99981,427,99999,227,99978,227,100002,100,99960,100,100033,100,99957,100,100050,100,99943,100,100051,100,99941,100,100068,200,99926,100,100075,100,99921,100,100078,100,99919,100,100080,100,99911,100
2019-06-28 09:34:09.284347014,99997,127,99981,427,99999,227,99978,227,100002,100,99960,100,100033,100,99957,100,100050,100,99943,100,100051,100,99941,100,100068,200,99926,100,100075,100,99921,100,100078,100,99919,100,100080,100,99911,100
2019-06-28 09:34:10.000000000,99999,186,99981,386,100002,184,99978,184,100033,184,99960,184,100050,100,99957,100,100051,100,99943,100,100068,200,99941,100,100075,100,99926,100,100078,100,99921,100,100080,100,99919,100,100109,100,99911,100
2019-06-28 09:34:20.000000000,99999,186,99981,386,100002,184,99978,184,100033,184,99960,184,100050,100,99957,100,100051,100,99943,100,100068,200,99941,100,100075,100,99926,100,100078,100,99921,100,100080,100,99919,100,100109,100,99911,100
2019-06-28 09:34:30.000000000,99999,186,99981,386,100002,184,99978,184,100033,184,99960,184,100050,100,99957,100,100051,100,99943,100,100068,200,99941,100,100075,100,99926,100,100078,100,99921,100,100080,100,99919,100,100109,100,99911,100
2019-06-28 09:34:40.000000000,99999,151,99981,351,100002,151,99978,151,100033,151,99960,151,100050,151,99957,151,100051,151,99943,151,100068,200,99941,100,100075,100,99926,100,100078,100,99921,100,100080,100,99919,100,100109,100,99911,100
2019-06-28 09:34:42.086723382,99999,151,99981,251,100002,151,99978,151,100033,151,99960,151,100050,151,99957,151,100051,151,99943,151,100068,200,99941,100,100075,100,99926,100,100078,100,99921,100,100080,100,99919,100,100109,100,99911,100
2019-06-28 09:34:45.011201550,99999,151,99989,100,100002,151,99981,251,100033,151,99978,151,100050,151,99960,151,100051,151,99957,151,100068,200,99943,151,100075,100,99941,100,100078,100,99926,100,100080,100,99921,100,100109,100,99919,100
2019-06-28 09:34:50.000000000,99999,354,99989,354,100002,100,99981,200,100033,100,99978,100,100050,100,99960,100,100051,100,99957,100,100068,200,99943,100,100075,100,99941,100,100078,100,99926,100,100080,100,99921,100,100109,100,99919,100
2019-06-28 09:35:00.000000000,99999,164,99989,164,100002,164,99981,264,100033,164,99978,164,100050,164,99960,164,100051,100,99957,100,100068,200,99943,100,100075,100,99941,100,100078,100,99926,100,100080,100,99921,100,100109,100,99919,100
2019-06-28 09:35:10.000000000,99999,186,99989,186,100002,184,99981,284,100033,184,99978,184,100050,100,99960,100,100051,100,99957,100,100068,200,99943,100,100075,100,99941,100,100078,100,99926,100,100080,100,99921,100,100109,100,99919,100
2019-06-28 09:35:14.779483399,99999,186,99989,186,100002,184,99981,284,100033,184,99978,184,100050,100,99960,100,100051,100,99957,100,100068,200,99943,100,100075,100,99941,100,100078,100,99926,100,100080,100,99919,100,100109,100,99911,100
2019-06-28 09:35:20.000000000,99999,186,99989,186,100002,184,99981,284,100033,184,99978,184,100050,100,99960,100,100051,100,99957,100,100068,200,99943,100,100075,100,99941,100,100078,100,99926,100,100080,100,99919,100,100109,100,99911,100
2019-06-28 09:35:30.000000000,99999,164,99989,164,100002,164,99981,264,100033,164,99978,164,100050,164,99960,164,100051,100,99957,100,100068,200,99943,100,100075,100,99941,100,100078,100,99926,100,100080,100,99919,100,100109,100,99911,100
2019-06-28 09:35:40.000000000,99999,151,99989,151,100002,151,99981,251,100033,151,99978,151,100050,151,99960,151,100051,151,99957,151,100068,200,99943,100,100075,100,99941,100,100078,100,99926,100,100080,100,99919,100,100109,100,99911,100
2019-06-28 09:35:44.267831957,99999,51,99989,151,100002,151,99981,251,100033,151,99978,151,100050,151,99960,151,100051,151,99957,151,100068,200,99943,100,100075,100,99941,100,100078,100,99926,100,100080,100,99919,100,100109,100,99911,100
2019-06-28 09:35:50.000000000,100002,164,99989,164,100033,164,99981,264,100050,164,99978,164,100051,164,99960,164,100068,200,99957,100,100075,100,99943,100,100078,100,99941,100,100080,100,99926,100,100109,100,99919,100,100110,100,99911,100
2019-06-28 09:35:58.059776868,100002,164,99997,100,100033,164,99989,164,100050,164,99981,164,100051,164,99978,164,100068,200,99960,164,100075,100,99957,100,100078,100,99943,100,100080,100,99941,100,100109,100,99926,100,100110,100,99919,100
2019-06-28 09:36:00.000000000,100002,354,99997,354,100033,100,99989,100,100050,100,99981,100,100051,100,99978,100,100068,200,99960,100,100075,100,99957,100,100078,100,99943,100,100080,100,99941,100,100109,100,99926,100,100110,100,99919,100
2019-06-28 09:36:07.576372210,100002,254,99997,354,100033,100,99989,100,100050,100,99981,100,100051,100,99978,100,100068,200,99960,100,100075,100,99957,100,100078,100,99943,100,100080,100,99941,100,100109,100,99926,100,100110,100,99919,100
2019-06-28 09:36:07.636840357,100002,254,99999,100,100033,100,99997,354,100050,100,99989,100,100051,100,99981,100,100068,200,99978,100,100075,100,99960,100,100078,100,99957,100,100080,100,99943,100,100109,100,99941,100,100110,100,99926,100
2019-06-28 09:36:08.981457479,100002,154,99999,100,100033,100,99997,354,100050,100,99989,100,100051,100,99981,100,100068,200,99978,100,100075,100,99960,100,100078,100,99957,100,100080,100,99943,100,100109,100,99941,100,100110,100,99926,100
2019-06-28 09:36:10.000000000,100033,227,99999,227,100050,227,99997,227,100051,100,99989,100,100068,200,99981,100,100075,100,99978,100,100078,100,99960,100,100080,100,99957,100,100109,100,99943,100,100110,100,99941,100,100118,100,99926,100
2019-06-28 09:36:20.000000000,100033,227,99999,227,100050,227,99997,227,100051,100,99989,100,100068,200,99981,100,100075,100,99978,100,100078,100,99960,100,100080,100,99957,100,100109,100,99943,100,100110,100,99941,100,100118,100,99926,100
2019-06-28 09:36:30.000000000,100033,354,99999,354,100050,100,99997,100,100051,100,99989,100,100068,200,99981,100,100075,100,99978,100,100078,100,99960,100,100080,100,99957,100,100109,100,99943,100,100110,100,99941,100,100118,100,99926,100
2019-06-28 09:36:40.000000000,100033,186,99999,186,100050,184,99997,184,100051,184,99989,184,100068,200,99981,100,100075,100,99978,100,100078,100,99960,100,100080,100,99957,100,100109,100,99943,100,100110,100,99941,100,100118,100,99926,100
2019-06-28 09:36:50.000000000,100033,186,99999,186,100050,184,99997,184,100051,184,99989,184,100068,200,99981,100,100075,100,99978,100,100078,100,99960,100,100080,100,99957,100,100109,100,99943,100,100110,100,99941,100,100118,100,99926,100
2019-06-28 09:37:00.000000000,100033,186,99999,186,100050,184,99997,184,100051,184,99989,184,100068,200,99981,100,100075,100,99978,100,100078,100,99960,100,100080,100,99957,100,100109,100,99943,100,100110,100,99941,100,100118,100,99926,100
2019-06-28 09:37:10.000000000,100033,164,99999,164,100050,164,99997,164,100051,164,99989,164,100068,264,99981,164,100075,100,99978,100,100078,100,99960,100,100080,100,99957,100,100109,100,99943,100,100110,100,99941,100,100118,100,99926,100
2019-06-28 09:37:14.373754529,100033,164,99999,164,100050,164,99997,164,100051,164,99989,164,100068,264,99981,164,100075,100,99978,100,100078,100,99957,100,100080,100,99943,100,100109,100,99941,100,100110,100,99926,100,100118,100,99919,100
2019-06-28 09:37:20.000000000,100033,186,99999,186,100050,184,99997,184,100051,184,99989,184,100068,200,99981,100,100075,100,99978,100,100078,100,99957,100,100080,100,99943,100,100109,100,99941,100,100110,100,99926,100,100118,100,99919,100
2019-06-28 09:37:28.176061205,100033,186,99999,186,100050,184,99997,184,100051,184,99989,184,100068,200,99981,100,100075,100,99978,100,100078,100,99957,100,100080,100,99943,100,100109,100,99926,100,100110,100,99919,100,100118,100,99911,100
2019-06-28 09:37:30.000000000,100033,354,99999,354,100050,100,99997,100,100051,100,99989,100,100068,200,99981,100,100075,100,99978,100,100078,100,99957,100,100080,100,99943,100,100109,100,99926,100,100110,100,99919,100,100118,100,99911,100
2019-06-28 09:37:40.000000000,100033,354,99999,354,100050,100,99997,100,100051,100,99989,100,100068,200,99981,100,100075,100,99978,100,100078,100,99957,100,100080,100,99943,100,100109,100,99926,100,100110,100,99919,100,100118,100,99911,100
2019-06-28 09:37:50.000000000,100033,164,99999,164,100050,164,99997,164,100051,164,99989,164,100068,264,99981,164,100075,100,99978,100,100078,100,99957,100,100080,100,99943,100,100109,100,99926,100,100110,100,99919,100,100118,100,99911,100
2019-06-28 09:37:55.259435273,100033,64,99999,164,100050,164,99997,164,100051,164,99989,164,100068,264,99981,164,100075,100,99978,100,100078,100,99957,100,100080,100,99943,100,100109,100,99926,100,100110,100,99919,100,100118,100,99911,100
2019-06-28 09:37:58.712759706,100033,64,99999,164,100050,164,99997,164,100051,164,99989,164,100068,264,99981,164,100075,100,99978,100,100078,100,99957,100,100080,100,99943,100,100109,100,99926,100,100110,100,99919,100,100118,100,99911,100
2019-06-28 09:38:00.000000000,100050,151,99999,151,100051,151,99997,151,100068,251,99989,151,100075,151,99981,151,100078,151,99978,151,100080,100,99957,100,100109,100,99943,100,100110,100,99926,100,100118,100,99919,100,100135,100,99911,100
2019-06-28 09:38:05.105937601,100050,151,100002,100,100051,151,99999,151,100068,251,99997,151,100075,151,99989,151,100078,151,99981,151,100080,100,99978,151,100109,100,99957,100,100110,100,99943,100,100118,100,99926,100,100135,100,99919,100
2019-06-28 09:38:07.701488921,100050,151,100002,100,100051,151,99999,151,100068,251,99997,151,100075,151,99989,151,100078,151,99981,151,100080,100,99978,151,100109,100,99957,100,100110,100,99943,100,100118,100,99926,100,100135,100,99919,100
2019-06-28 09:38:07.792625213,100050,51,100002,100,100051,151,99999,151,100068,251,99997,151,100075,151,99989,151,100078,151,99981,151,100080,100,99978,151,100109,100,99957,100,100110,100,99943,100,100118,100,99926,100,100135,100,99919,100
2019-06-28 09:38:10.000000000,100051,354,100002,354,100068,200,99999,100,100075,100,99997,100,100078,100,99989,100,100080,100,99981,100,100109,100,99978,100,100110,100,99957,100,100118,100,99943,100,100135,100,99926,100,100162,100,99919,100
2019-06-28 09:38:20.000000000,100051,164,100002,164,100068,264,99999,164,100075,164,99997,164,100078,164,99989,164,100080,100,99981,100,100109,100,99978,100,100110,100,99957,100,100118,100,99943,100,100135,100,99926,100,100162,100,99919,100
2019-06-28 09:38:27.646588598,100051,64,100002,164,100068,264,99999,164,100075,164,99997,164,100078,164,99989,164,100080,100,99981,100,100109,100,99978,100,100110,100,99957,100,100118,100,99943,100,100135,100,99926,100,100162,100,99919,100
2019-06-28 09:38:30.000000000,100068,454,100002,354,100075,100,99999,100,100078,100,99997,100,100080,100,99989,100,100109,100,99981,100,100110,100,99978,100,100118,100,99957,100,100135,100,99943,100,100162,100,99926,100,100180,100,99919,100
2019-06-28 09:38:35.281852669,100068,454,100050,100,100075,100,100002,354,100078,100,99999,100,100080,100,99997,100,100109,100,99989,100,100110,100,99981,100,100118,100,99978,100,100135,100,99957,100,100162,100,99943,100,100180,100,99926,100
2019-06-28 09:38:40.000000000,100068,264,100050,164,100075,164,100002,164,100078,164,99999,164,100080,164,99997,164,100109,100,99989,100,100110,100,99981,100,100118,100,99978,100,100135,100,99957,100,100162,100,99943,100,100180,100,99926,100
2019-06-28 09:38:50.000000000,100068,327,100050,227,100075,227,100002,227,100078,100,99999,100,100080,100,99997,100,100109,100,99989,100,100110,100,99981,100,100118,100,99978,100,100135,100,99957,100,100162,100,99943,100,100180,100,99926,100
2019-06-28 09:38:50.003607177,100068,327,100050,227,100075,227,100002,227,100078,100,99999,100,100080,100,99997,100,100109,100,99989,100,100110,100,99981,100,100118,100,99978,100,100135,100,99957,100,100162,100,99943,100,100180,100,99926,100
2019-06-28 09:39:00.000000000,100068,286,100050,186,100075,184,100002,184,100078,184,99999,184,100080,100,99997,100,100109,100,99989,100,100110,100,99981,100,100118,100,99978,100,100135,100,99957,100,100162,100,99943,100,100180,100,99926,100
2019-06-28 09:39:10.000000000,100068,286,100050,186,100075,184,100002,184,100078,184,99999,184,100080,100,99997,100,100109,100,99989,100,100110,100,99981,100,100118,100,99978,100,100135,100,99957,100,100162,100,99943,100,100180,100,99926,100
2019-06-28 09:39:20.000000000,100068,286,100050,186,100075,184,100002,184,100078,184,99999,184,100080,100,99997,100,100109,100,99989,100,100110,100,99981,100,100118,100,99978,100,100135,100,99957,100,100162,100,99943,100,100180,100,99926,100
2019-06-28 09:39:30.000000000,100068,251,100050,151,100075,151,100002,151,100078,151,99999,151,100080,151,99997,151,100109,151,99989,151,100110,100,99981,100,100118,100,99978,100,100135,100,99957,100,100162,100,99943,100,100180,100,99926,100
2019-06-28 09:39:40.000000000,100068,286,100050,186,100075,184,100002,184,100078,184,99999,184,100080,100,99997,100,100109,100,99989,100,100110,100,99981,100,100118,100,99978,100,100135,100,99957,100,100162,100,99943,100,100180,100,99926,100
2019-06-28 09:39:50.000000000,100068,286,100050,186,100075,184,100002,184,100078,184,99999,184,100080,100,99997,100,100109,100,99989,100,100110,100,99981,100,100118,100,99978,100,100135,100,99957,100,100162,100,99943,100,100180,100,99926,100
2019-06-28 09:40:00.000000000,100068,327,100050,227,100075,227,100002,227,100078,100,99999,100,100080,100,99997,100,100109,100,99989,100,100110,100,99981,100,100118,100,99978,100,100135,100,99957,100,100162,100,99943,100,100180,100,99926,100
2019-06-28 09:40:01.117178918,100068,327,100050,227,100075,227,100002,227,100078,100,99999,100,100080,100,99997,100,100109,100,99989,100,100110,100,99981,100,100118,100,99978,100,100128,100,99957,100,100135,100,99943,100,100162,100,99926,100
2019-06-28 09:40:05.495453776,100068,327,100050,227,100075,227,100002,227,100078,100,99999,100,100080,100,99997,100,100109,100,99989,100,100110,100,99986,100,100118,100,99981,100,100128,100,99978,100,100135,100,99957,100,100162,100,99943,100
2019-06-28 09:40:09.322760436,100068,327,100050,227,100075,227,100002,227,100078,100,99999,100,100080,100,99997,100,100097,100,99989,100,100109,100,99986,100,100110,100,99981,100,100118,100,99978,100,100128,100,99957,100,100135,100,99943,100
2019-06-28 09:40:10.000000000,100068,327,100050,227,100075,227,100002,227,100078,100,99999,100,100080,100,99997,100,100097,100,99989,100,100109,100,99986,100,100110,100,99981,100,100118,100,99978,100,100128,100,99957,100,100135,100,99943,100
2019-06-28 09:40:19.385220916,100068,327,100050,227,100075,227,100002,227,100078,100,99999,100,100080,100,99997,100,100097,100,99989,100,100099,100,99986,100,100109,100,99981,100,100110,100,99978,100,100118,100,99957,100,100128,100,99943,100
2019-06-28 09:40:20.000000000,100068,251,100050,151,100075,151,100002,151,100078,151,99999,151,100080,151,99997,151,100097,151,99989,151,100099,100,99986,100,100109,100,99981,100,100110,100,99978,100,100118,100,99957,100,100128,100,99943,100
2019-06-28 09:40:21.955999920,100068,251,100050,151,100075,151,100002,151,100078,151,99999,151,100080,151,99997,151,100097,151,99989,151,100099,100,99986,100,100109,100,99981,100,100110,100,99978,100,100118,100,99957,100,100128,100,99943,100
2019-06-28 09:40:23.817485601,100068,251,100050,51,100075,151,100002,151,100078,151,99999,151,100080,151,99997,151,100097,151,99989,151,100099,100,99986,100,100109,100,99981,100,100110,100,99978,100,100118,100,99957,100,100128,100,99943,100
2019-06-28 09:40:30.000000000,100068,454,100002,354,100075,100,99999,100,100078,100,99997,100,100080,100,99989,100,100097,100,99986,100,100099,100,99981,100,100109,100,99978,100,100110,100,99957,100,100118,100,99943,100,100128,100,99926,100
2019-06-28 09:40:40.000000000,100068,251,100002,151,100075,151,99999,151,100078,151,99997,151,100080,151,99989,151,100097,151,99986,151,100099,100,99981,100,100109,100,99978,100,100110,100,99957,100,100118,100,99943,100,100128,100,99926,100
2019-06-28 09:40:40.618372957,100068,251,100002,51,100075,151,99999,151,100078,151,99997,151,100080,151,99989,151,100097,151,99986,151,100099,100,99981,100,100109,100,99978,100,100110,100,99957,100,100118,100,99943,100,100128,100,99926,100
2019-06-28 09:40:50.000000000,100068,251,99999,151,100075,151,99997,151,100078,151,99989,151,100080,151,99986,151,100097,151,99981,151,100099,100,99978,100,100109,100,99957,100,100110,100,99943,100,100118,100,99926,100,100128,100,99919,100
2019-06-28 09:40:53.727019915,100068,251,99999,151,100075,151,99997,151,100078,151,99989,151,100080,151,99986,151,100097,151,99981,151,100099,100,99978,100,100109,100,99957,100,100110,100,99943,100,100118,100,99938,100,100128,100,99926,100
2019-06-28 09:41:00.000000000,100068,454,99999,354,100075,100,99997,100,100078,100,99989,100,100080,100,99986,100,100097,100,99981,100,100099,100,99978,100,100109,100,99957,100,100110,100,99943,100,100118,100,99938,100,100128,100,99926,100
2019-06-28 09:41:10.000000000,100068,454,99999,354,100075,100,99997,100,100078,100,99989,100,100080,100,99986,100,100097,100,99981,100,100099,100,99978,100,100109,100,99957,100,100110,100,99943,100,100118,100,99938,100,100128,100,99926,100
2019-06-28 09:41:14.440729635,100050,100,99999,354,100068,454,99997,100,100075,100,99989,100,100078,100,99986,100,100080,100,99981,100,100097,100,99978,100,100099,100,99957,100,100109,100,99943,100,100110,100,99938,100,100118,100,99926,100
2019-06-28 09:41:20.000000000,100050,151,99999,151,100068,251,99997,151,100075,151,99989,151,100078,151,99986,151,100080,151,99981,151,100097,100,99978,100,100099,100,99957,100,100109,100,99943,100,100110,100,99938,100,100118,100,99926,100
2019-06-28 09:41:30.000000000,100050,354,99999,354,100068,200,99997,100,100075,100,99989,100,100078,100,99986,100,100080,100,99981,100,100097,100,99978,100,100099,100,99957,100,100109,100,99943,100,100110,100,99938,100,100118,100,99926,100
2019-06-28 09:41:40.000000000,100050,151,99999,151,100068,251,99997,151,100075,151,99989,151,100078,151,99986,151,100080,151,99981,151,100097,100,99978,100,100099,100,99957,100,100109,100,99943,100,100110,100,99938,100,100118,100,99926,100
2019-06-28 09:41:50.000000000,100050,186,99999,186,100068,284,99997,184,100075,184,99989,184,100078,100,99986,100,100080,100,99981,100,100097,100,99978,100,100099,100,99957,100,100109,100,99943,100,100110,100,99938,100,100118,100,99926,100
2019-06-28 09:41:50.914944441,100050,186,99999,86,100068,284,99997,184,100075,184,99989,184,100078,100,99986,100,100080,100,99981,100,100097,100,99978,100,100099,100,99957,100,100109,100,99943,100,100110,100,99938,100,100118,100,99926,100
2019-06-28 09:42:00.000000000,100050,164,99997,164,100068,264,99989,164,100075,164,99986,164,100078,164,99981,164,100080,100,99978,100,100097,100,99957,100,100099,100,99943,100,100109,100,99938,100,100110,100,99926,100,100118,100,99919,100
2019-06-28 09:42:10.000000000,100050,227,99997,227,100068,327,99989,227,100075,100,99986,100,100078,100,99981,100,100080,100,99978,100,100097,100,99957,100,100099,100,99943,100,100109,100,99938,100,100110,100,99926,100,100118,100,99919,100
2019-06-28 09:42:13.740849661,100050,227,99997,127,100068,327,99989,227,100075,100,99986,100,100078,100,99981,100,100080,100,99978,100,100097,100,99957,100,100099,100,99943,100,100109,100,99938,100,100110,100,99926,100,100118,100,99919,100
2019-06-28 09:42:20.000000000,100050,186,99989,186,100068,284,99986,184,100075,184,99981,184,100078,100,99978,100,100080,100,99957,100,100097,100,99943,100,100099,100,99938,100,100109,100,99926,100,100110,100,99919,100,100118,100,99911,100
2019-06-28 09:42:30.000000000,100050,227,99989,227,100068,327,99986,227,100075,100,99981,100,100078,100,99978,100,100080,100,99957,100,100097,100,99943,100,100099,100,99938,100,100109,100,99926,100,100110,100,99919,100,100118,100,99911,100
2019-06-28 09:42:33.431845232,100050,227,100023,100,100068,327,99989,227,100075,100,99986,227,100078,100,99981,100,100080,100,99978,100,100097,100,99957,100,100099,100,99943,100,100109,100,99938,100,100110,100,99926,100,100118,100,99919,100
2019-06-28 09:42:40.000000000,100050,186,100023,186,100068,284,99989,184,100075,184,99986,184,100078,100,99981,100,100080,100,99978,100,100097,100,99957,100,100099,100,99943,100,100109,100,99938,100,100110,100,99926,100,100118,100,99919,100
2019-06-28 09:42:50.000000000,100050,164,100023,164,100068,264,99989,164,100075,164,99986,164,100078,164,99981,164,100080,100,99978,100,100097,100,99957,100,100099,100,99943,100,100109,100,99938,100,100110,100,99926,100,100118,100,99919,100
2019-06-28 09:42:57.181890748,100050,164,100023,64,100068,264,99989,164,100075,164,99986,164,100078,164,99981,164,100080,100,99978,100,100097,100,99957,100,100099,100,99943,100,100109,100,99938,100,100110,100,99926,100,100118,100,99919,100
2019-06-28 09:43:00.000000000,100050,354,99989,354,100068,200,99986,100,100075,100,99981,100,100078,100,99978,100,100080,100,99957,100,100097,100,99943,100,100099,100,99938,100,100109,100,99926,100,100110,100,99919,100,100118,100,99911,100
2019-06-28 09:43:07.269143787,100050,354,99989,354,100068,200,99986,100,100075,100,99981,100,100078,100,99978,100,100080,100,99957,100,100097,100,99943,100,100099,100,99938,100,100109,100,99926,100,100110,100,99919,100,100118,100,99908,100
2019-06-28 09:43:10.000000000,100050,164,99989,164,100068,264,99986,164,100075,164,99981,164,100078,164,99978,164,100080,100,99957,100,100097,100,99943,100,100099,100,99938,100,100109,100,99926,100,100110,100,99919,100,100118,100,99908,100
2019-06-28 09:43:20.000000000,100050,354,99989,354,100068,200,99986,100,100075,100,99981,100,100078,100,99978,100,100080,100,99957,100,100097,100,99943,100,100099,100,99938,100,100109,100,99926,100,100110,100,99919,100,100118,100,99908,100
2019-06-28 09:43:24.529680757,100050,354,100048,100,100068,200,99989,354,100075,100,99986,100,100078,100,99981,100,100080,100,99978,100,100097,100,99957,100,100099,100,99943,100,100109,100,99938,100,100110,100,99926,100,100118,100,99919,100
2019-06-28 09:43:30.000000000,100050,151,100048,151,100068,251,99989,151,100075,151,99986,151,100078,151,99981,151,100080,151,99978,151,100097,100,99957,100,100099,100,99943,100,100109,100,99938,100,100110,100,99926,100,100118,100,99919,100
2019-06-28 09:43:35.747754423,100050,151,100048,151,100068,251,100024,100,100075,151,99989,151,100078,151,99986,151,100080,151,99981,151,100097,100,99978,151,100099,100,99957,100,100109,100,99943,100,100110,100,99938,100,100118,100,99926,100
2019-06-28 09:43:40.000000000,100050,186,100048,186,100068,284,100024,184,100075,184,99989,184,100078,100,99986,100,100080,100,99981,100,100097,100,99978,100,100099,100,99957,100,100109,100,99943,100,100110,100,99938,100,100118,100,99926,100
2019-06-28 09:43:50.000000000,100050,186,100048,186,100068,284,100024,184,100075,184,99989,184,100078,100,99986,100,100080,100,99981,100,100097,100,99978,100,100099,100,99957,100,100109,100,99943,100,100110,100,99938,100,100118,100,99926,100
2019-06-28 09:44:00.000000000,100050,227,100048,227,100068,327,100024,227,100075,100,99989,100,100078,100,99986,100,100080,100,99981,100,100097,100,99978,100,100099,100,99957,100,100109,100,99943,100,100110,100,99938,100,100118,100,99926,100
2019-06-28 09:44:10.000000000,100050,227,100048,227,100068,327,100024,227,100075,100,99989,100,100078,100,99986,100,100080,100,99981,100,100097,100,99978,100,100099,100,99957,100,100109,100,99943,100,100110,100,99938,100,100118,100,99926,100
2019-06-28 09:44:20.000000000,100050,164,100048,164,100068,264,100024,164,100075,164,99989,164,100078,164,99986,164,100080,100,99981,100,100097,100,99978,100,100099,100,99957,100,100109,100,99943,100,100110,100,99938,100,100118,100,99926,100
2019-06-28 09:44:30.000000000,100050,227,100048,227,100068,327,100024,227,100075,100,99989,100,100078,100,99986,100,100080,100,99981,100,100097,100,99978,100,100099,100,99957,100,100109,100,99943,100,100110,100,99938,100,100118,100,99926,100
2019-06-28 09:44:40.000000000,100050,227,100048,227,100068,327,100024,227,100075,100,99989,100,100078,100,99986,100,100080,100,99981,100,100097,100,99978,100,100099,100,99957,100,100109,100,99943,100,100110,100,99938,100,100118,100,99926,100
2019-06-28 09:44:41.091179478,100050,227,100048,227,100068,327,100024,227,100075,100,99989,100,100078,100,99986,100,100080,100,99981,100,100097,100,99978,100,100099,100,99957,100,100109,100,99943,100,100110,100,99938,100,100118,100,99926,100
2019-06-28 09:44:45.885695349,100050,227,100048,227,100068,327,100024,227,100075,100,99989,100,100078,100,99986,100,100080,100,99981,100,100097,100,99978,100,100099,100,99957,100,100109,100,99943,100,100110,100,99938,100,100118,100,99926,100
2019-06-28 09:44:50.000000000,100050,186,100048,186,100068,284,100024,184,100075,184,99989,184,100078,100,99986,100,100080,100,99981,100,100097,100,99978,100,100099,100,99957,100,100109,100,99943,100,100110,100,99938,100,100118,100,99926,100
2019-06-28 09:45:00.000000000,100050,354,100048,354,100068,200,100024,100,100075,100,99989,100,100078,100,99986,100,100080,100,99981,100,100097,100,99978,100,100099,100,99957,100,100109,100,99943,100,100110,100,99938,100,100118,100,99926,100
2019-06-28 09:45:00.330345246,100050,354,100048,354,100068,200,100024,100,100075,100,99989,100,100078,100,99986,100,100080,100,99981,100,100097,100,99978,100,100099,100,99957,100,100109,100,99943,100,100110,100,99938,100,100118,100,99926,100
2019-06-28 09:45:10.000000000,100050,227,100048,227,100068,327,100024,227,100075,100,99989,100,100078,100,99986,100,100080,100,99981,100,100097,100,99978,100,100099,100,99957,100,100109,100,99943,100,100110,100,99938,100,100118,100,99926,100
2019-06-28 09:45:20.000000000,100050,354,100048,354,100068,200,100024,100,100075,100,99989,100,100078,100,99986,100,100080,100,99981,100,100097,100,99978,100,100099,100,99957,100,100109,100,99943,100,100110,100,99938,100,100118,100,99926,100
2019-06-28 09:45:30.000000000,100050,151,100048,151,100068,251,100024,151,100075,151,99989,151,100078,151,99986,151,100080,151,99981,151,100097,100,99978,100,100099,100,99957,100,100109,100,99943,100,100110,100,99938,100,100118,100,99926,100
2019-06-28 09:45:40.000000000,100050,164,100048,164,100068,264,100024,164,100075,164,99989,164,100078,164,99986,164,100080,100,99981,100,100097,100,99978,100,100099,100,99957,100,100109,100,99943,100,100110,100,99938,100,100118,100,99926,100
2019-06-28 09:45:42.659196616,100050,164,100048,164,100068,264,100024,164,100075,164,99989,164,100078,164,99986,164,100080,100,99981,100,100097,100,99978,100,100099,100,99957,100,100109,100,99943,100,100110,100,99938,100,100118,100,99926,100
2019-06-28 09:45:43.695261900,100050,164,100048,164,100068,264,100024,164,100075,164,99989,164,100078,164,99986,164,100080,100,99981,100,100097,100,99978,100,100099,100,99957,100,100109,100,99943,100,100110,100,99938,100,100118,100,99926,100
2019-06-28 09:45:50.000000000,100050,164,100048,164,100068,264,100024,164,100075,164,99989,164,100078,164,99986,164,100080,100,99981,100,100097,100,99978,100,100099,100,99957,100,100109,100,99943,100,100110,100,99938,100,100118,100,99926,100
2019-06-28 09:46:00.000000000,100050,354,100048,354,100068,200,100024,100,100075,100,99989,100,100078,100,99986,100,100080,100,99981,100,100097,100,99978,100,100099,100,99957,100,100109,100,99943,100,100110,100,99938,100,100118,100,99926,100
2019-06-28 09:46:10.000000000,100050,151,100048,151,100068,251,100024,151,100075,151,99989,151,100078,151,99986,151,100080,151,99981,151,100097,100,99978,100,100099,100,99957,100,100109,100,99943,100,100110,100,99938,100,100118,100,99926,100
2019-06-28 09:46:14.205562715,100050,51,100048,151,100068,251,100024,151,100075,151,99989,151,100078,151,99986,151,100080,151,99981,151,100097,100,99978,100,100099,100,99943,100,100109,100,99938,100,100110,100,99926,100,100118,100,99919,100
2019-06-28 09:46:20.000000000,100068,327,100048,227,100075,227,100024,227,100078,100,99989,100,100080,100,99986,100,100097,100,99981,100,100099,100,99978,100,100109,100,99943,100,100110,100,99938,100,100118,100,99926,100,100128,100,99919,100
2019-06-28 09:46:27.529166422,100068,327,100048,227,100075,227,100024,227,100078,100,99989,100,100080,100,99986,100,100097,100,99981,100,100099,100,99978,100,100109,100,99943,100,100110,100,99938,100,100118,100,99926,100,100128,100,99919,100
2019-06-28 09:46:30.000000000,100068,327,100048,227,100075,227,100024,227,100078,100,99989,100,100080,100,99986,100,100097,100,99981,100,100099,100,99978,100,100109,100,99943,100,100110,100,99938,100,100118,100,99926,100,100128,100,99919,100
2019-06-28 09:46:40.000000000,100068,251,100048,151,100075,151,100024,151,100078,151,99989,151,100080,151,99986,151,100097,151,99981,151,100099,100,99978,100,100109,100,99943,100,100110,100,99938,100,100118,100,99926,100,100128,100,99919,100
2019-06-28 09:46:49.681414597,100068,251,100048,151,100075,151,100024,151,100078,151,99989,151,100080,151,99986,151,100097,151,99981,151,100099,100,99978,100,100109,100,99943,100,100110,100,99938,100,100118,100,99926,100,100128,100,99919,100
2019-06-28 09:46:50.000000000,100068,251,100048,151,100075,151,100024,151,100078,151,99989,151,100080,151,99986,151,100097,151,99981,151,100099,100,99978,100,100109,100,99943,100,100110,100,99938,100,100118,100,99926,100,100128,100,99919,100
2019-06-28 09:46:58.293100385,100068,251,100048,151,100075,151,100024,151,100078,151,99989,151,100080,151,99986,151,100097,151,99981,151,100099,100,99978,100,100109,100,99943,100,100110,100,99938,100,100118,100,99919,100,100128,100,99904,100
2019-06-28 09:47:00.000000000,100068,251,100048,151,100075,151,100024,151,100078,151,99989,151,100080,151,99986,151,100097,151,99981,151,100099,100,99978,100,100109,100,99943,100,100110,100,99938,100,100118,100,99919,100,100128,100,99904,100
2019-06-28 09:47:10.000000000,100068,454,100048,354,100075,100,100024,100,100078,100,99989,100,100080,100,99986,100,100097,100,99981,100,100099,100,99978,100,100109,100,99943,100,100110,100,99938,100,100118,100,99919,100,100128,100,99904,100
2019-06-28 09:47:20.000000000,100068,286,100048,186,100075,184,100024,184,100078,184,99989,184,100080,100,99986,100,100097,100,99981,100,100099,100,99978,100,100109,100,99943,100,100110,100,99938,100,100118,100,99919,100,100128,100,99904,100
2019-06-28 09:47:21.877568000,100068,186,100048,186,100075,184,100024,184,100078,184,99989,184,100080,100,99986,100,100097,100,99981,100,100099,100,99978,100,100109,100,99943,100,100110,100,99938,100,100118,100,99919,100,100128,100,99879,100
2019-06-28 09:47:30.000000000,100068,164,100048,164,100075,164,100024,164,100078,164,99989,164,100080,164,99986,164,100097,100,99981,100,100099,100,99978,100,100109,100,99943,100,100110,100,99938,100,100118,100,99919,100,100128,100,99879,100
2019-06-28 09:47:34.138250873,100068,164,100048,164,100075,164,100024,164,100078,164,99989,164,100080,164,99986,164,100097,100,99981,100,100099,100,99978,100,100109,100,99943,100,100110,100,99938,100,100118,100,99919,100,100128,100,99879,100
2019-06-28 09:47:37.018724773,100068,64,100048,164,100075,164,100024,164,100078,164,99989,164,100080,164,99986,164,100097,100,99981,100,100099,100,99978,100,100109,100,99943,100,100110,100,99938,100,100118,100,99919,100,100128,100,99879,100
2019-06-28 09:47:40.000000000,100075,151,100048,151,100078,151,100024,151,100080,151,99989,151,100097,151,99986,151,100099,151,99981,151,100109,100,99978,100,100110,100,99943,100,100118,100,99938,100,100128,100,99919,100,100150,100,99879,100
2019-06-28 09:47:44.848886373,100075,51,100048,151,100078,151,100024,151,100080,151,99989,151,100097,151,99986,151,100099,151,99981,151,100109,100,99978,100,100110,100,99943,100,100118,100,99938,100,100128,100,99879,100,100150,100,99822,100
2019-06-28 09:47:50.000000000,100078,164,100048,164,100080,164,100024,164,100097,164,99989,164,100099,164,99986,164,100109,100,99981,100,100110,100,99978,100,100118,100,99943,100,100128,100,99938,100,100150,100,99879,100,100162,100,99822,100
2019-06-28 09:47:52.805016570,100078,164,100068,100,100080,164,100048,164,100097,164,100024,164,100099,164,99989,164,100109,100,99986,164,100110,100,99981,100,100118,100,99978,100,100128,100,99943,100,100150,100,99938,100,100162,100,99879,100
2019-06-28 09:48:00.000000000,100078,354,100068,354,100080,100,100048,100,100097,100,100024,100,100099,100,99989,100,100109,100,99986,100,100110,100,99981,100,100118,100,99978,100,100128,100,99943,100,100150,100,99938,100,100162,100,99879,100
2019-06-28 09:48:03.905799767,100078,354,100068,354,100080,100,100048,100,100097,100,100024,100,100099,100,99989,100,100109,100,99986,100,100110,100,99981,100,100118,100,99978,100,100128,100,99943,100,100150,100,99938,100,100162,100,99879,100
2019-06-28 09:48:10.000000000,100078,227,100068,227,100080,227,100048,227,100097,100,100024,100,100099,100,99989,100,100109,100,99986,100,100110,100,99981,100,100118,100,99978,100,100128,100,99943,100,100150,100,99938,100,100162,100,99879,100
2019-06-28 09:48:11.664910015,100078,227,100068,227,100080,227,100048,227,100097,100,100024,100,100099,100,99989,100,100109,100,99986,100,100110,100,99981,100,100118,100,99978,100,100128,100,99943,100,100150,100,99938,100,100162,100,99879,100
2019-06-28 09:48:19.181609470,100078,227,100068,227,100080,227,100048,227,100097,100,100024,100,100099,100,99989,100,100109,100,99986,100,100110,100,99981,100,100118,100,99978,100,100128,100,99943,100,100150,100,99938,100,100162,100,99879,100
2019-06-28 09:48:20.000000000,100078,151,100068,151,100080,151,100048,151,100097,151,100024,151,100099,151,99989,151,100109,151,99986,151,100110,100,99981,100,100118,100,99978,100,100128,100,99943,100,100150,100,99938,100,100162,100,99879,100
2019-06-28 09:48:30.000000000,100078,227,100068,227,100080,227,100048,227,100097,100,100024,100,100099,100,99989,100,100109,100,99986,100,100110,100,99981,100,100118,100,99978,100,100128,100,99943,100,100150,100,99938,100,100162,100,99879,100
2019-06-28 09:48:40.000000000,100078,186,100068,186,100080,184,100048,184,100097,184,100024,184,100099,100,99989,100,100109,100,99986,100,100110,100,99981,100,100118,100,99978,100,100128,100,99943,100,100150,100,99938,100,100162,100,99879,100
2019-06-28 09:48:40.613423682,100078,186,100068,186,100080,184,100048,184,100097,184,100024,184,100099,100,99989,100,100109,100,99986,100,100110,100,99981,100,100118,100,99978,100,100128,100,99943,100,100150,100,99938,100,100162,100,99879,100
2019-06-28 09:48:50.000000000,100078,164,100068,164,100080,164,100048,164,100097,164,100024,164,100099,164,99989,164,100109,100,99986,100,100110,100,99981,100,100118,100,99978,100,100128,100,99943,100,100150,100,99938,100,100162,100,99879,100
2019-06-28 09:48:55.106536533,100078,164,100068,164,100080,164,100048,164,100097,164,100024,164,100099,164,99989,164,100109,100,99986,100,100110,100,99981,100,100118,100,99978,100,100128,100,99943,100,100150,100,99938,100,100162,100,99879,100
2019-06-28 09:48:55.680449610,100078,64,100068,164,100080,164,100048,164,100097,164,100024,164,100099,164,99989,164,100109,100,99986,100,100110,100,99981,100,100118,100,99978,100,100128,100,99943,100,100150,100,99938,100,100162,100,99879,100
2019-06-28 09:49:00.000000000,100080,186,100068,186,100097,184,100048,184,100099,184,100024,184,100109,100,99989,100,100110,100,99986,100,100118,100,99981,100,100128,100,99978,100,100150,100,99943,100,100162,100,99938,100,100194,100,99879,100
2019-06-28 09:49:08.529497507,100080,186,100075,100,100097,184,100068,186,100099,184,100048,184,100109,100,100024,184,100110,100,99989,100,100118,100,99986,100,100128,100,99978,100,100150,100,99943,100,100162,100,99938,100,100194,100,99879,100
2019-06-28 09:49:10.000000000,100080,186,100075,186,100097,184,100068,184,100099,184,100048,184,100109,100,100024,100,100110,100,99989,100,100118,100,99986,100,100128,100,99978,100,100150,100,99943,100,100162,100,99938,100,100194,100,99879,100
2019-06-28 09:49:20.000000000,100080,151,100075,151,100097,151,100068,151,100099,151,100048,151,100109,151,100024,151,100110,151,99989,151,100118,100,99986,100,100128,100,99978,100,100150,100,99943,100,100162,100,99938,100,100194,100,99879,100
2019-06-28 09:49:24.611589552,100080,151,100075,151,100097,151,100068,151,100099,151,100048,151,100109,151,100024,151,100110,151,99989,151,100118,100,99986,100,100128,100,99978,100,100150,100,99943,100,100162,100,99938,100,100194,100,99879,100
2019-06-28 09:49:30.000000000,100080,151,100075,151,100097,151,100068,151,100099,151,100048,151,100109,151,100024,151,100110,151,99989,151,100118,100,99986,100,100128,100,99978,100,100150,100,99943,100,100162,100,99938,100,100194,100,99879,100
2019-06-28 09:49:36.646046028,100080,51,100075,151,100097,151,100068,151,100099,151,100048,151,100109,151,100024,151,100110,51,99989,151,100118,100,99986,100,100128,100,99978,100,100150,100,99943,100,100162,100,99938,100,100194,100,99879,100
2019-06-28 09:49:40.000000000,100097,186,100075,186,100099,184,100068,184,100109,184,100048,184,100118,100,100024,100,100128,100,99989,100,100150,100,99986,100,100162,100,99978,100,100194,100,99943,100,100426,100,99938,100,100427,200,99879,100
2019-06-28 09:49:50.000000000,100097,227,100075,227,100099,227,100068,227,100109,100,100048,100,100118,100,100024,100,100128,100,99989,100,100150,100,99986,100,100162,100,99978,100,100194,100,99943,100,100426,100,99938,100,100427,200,99879,100
2019-06-28 09:49:59.583521840,100097,227,100075,227,100099,227,100068,227,100109,100,100048,100,100118,100,100024,100,100128,100,99989,100,100150,100,99986,100,100162,100,99978,100,100194,100,99943,100,100426,100,99938,100,100427,200,99879,100
2019-06-28 09:50:00.000000000,100097,151,100075,151,100099,151,100068,151,100109,151,100048,151,100118,151,100024,151,100128,151,99989,151,100150,100,99986,100,100162,100,99978,100,100194,100,99943,100,100426,100,99938,100,100427,200,99879,100
2019-06-28 09:50:10.000000000,100097,164,100075,164,100099,164,100068,164,100109,164,100048,164,100118,164,100024,164,100128,100,99989,100,100150,100,99986,100,100162,100,99978,100,100194,100,99943,100,100426,100,99938,100,100427,200,99879,100
2019-06-28 09:50:20.000000000,100097,164,100075,164,100099,164,100068,164,100109,164,100048,164,100118,164,100024,164,100128,100,99989,100,100150,100,99986,100,100162,100,99978,100,100194,100,99943,100,100426,100,99938,100,100427,200,99879,100
2019-06-28 09:50:30.000000000,100097,151,100075,151,100099,151,100068,151,100109,151,100048,151,100118,151,100024,151,100128,151,99989,151,100150,100,99986,100,100162,100,99978,100,100194,100,99943,100,100426,100,99938,100,100427,200,99879,100
2019-06-28 09:50:32.067957979,100097,151,100075,151,100099,151,100068,151,100109,151,100048,151,100118,151,100024,151,100128,151,99989,151,100150,100,99986,100,100162,100,99978,100,100194,100,99938,100,100294,100,99879,100,100426,100,99822,100
2019-06-28 09:50:40.000000000,100097,227,100075,227,100099,227,100068,227,100109,100,100048,100,100118,100,100024,100,100128,100,99989,100,100150,100,99986,100,100162,100,99978,100,100194,100,99938,100,100294,100,99879,100,100426,100,99822,100
2019-06-28 09:50:50.000000000,100097,151,100075,151,100099,151,100068,151,100109,151,100048,151,100118,151,100024,151,100128,151,99989,151,100150,100,99986,100,100162,100,99978,100,100194,100,99938,100,100294,100,99879,100,100426,100,99822,100
2019-06-28 09:51:00.000000000,100097,354,100075,354,100099,100,100068,100,100109,100,100048,100,100118,100,100024,100,100128,100,99989,100,100150,100,99986,100,100162,100,99978,100,100194,100,99938,100,100294,100,99879,100,100426,100,99822,100
2019-06-28 09:51:10.000000000,100097,354,100075,354,100099,100,100068,100,100109,100,100048,100,100118,100,100024,100,100128,100,99989,100,100150,100,99986,100,100162,100,99978,100,100194,100,99938,100,100294,100,99879,100,100426,100,99822,100
2019-06-28 09:51:13.936041733,100097,354,100078,100,100099,100,100075,354,100109,100,100068,100,100118,100,100048,100,100128,100,100024,100,100150,100,99989,100,100162,100,99986,100,100194,100,99978,100,100294,100,99938,100,100426,100,99879,100
2019-06-28 09:51:15.758386063,100079,100,100078,100,100097,354,100075,354,100099,100,100068,100,100109,100,100048,100,100118,100,100024,100,100128,100,99989,100,100150,100,99986,100,100162,100,99978,100,100194,100,99938,100,100294,100,99879,100
2019-06-28 09:51:16.014809974,100079,100,100078,100,100097,354,100075,354,100099,100,100068,100,100109,100,100048,100,100118,100,100024,100,100128,100,99989,100,100150,100,99986,100,100162,100,99978,100,100194,100,99938,100,100294,100,99879,100
2019-06-28 09:51:20.000000000,100079,151,100078,151,100097,151,100075,151,100099,151,100068,151,100109,151,100048,151,100118,151,100024,151,100128,100,99989,100,100150,100,99986,100,100162,100,99978,100,100194,100,99938,100,100294,100,99879,100
2019-06-28 09:51:30.000000000,100079,151,100078,151,100097,151,100075,151,100099,151,100068,151,100109,151,100048,151,100118,151,100024,151,100128,100,99989,100,100150,100,99986,100,100162,100,99978,100,100194,100,99938,100,100294,100,99879,100
2019-06-28 09:51:31.918562230,100079,151,100078,151,100097,151,100075,151,100099,151,100068,151,100109,151,100048,151,100118,151,100024,151,100128,100,99989,100,100150,100,99986,100,100162,100,99978,100,100194,100,99938,100,100294,100,99879,100
2019-06-28 09:51:40.000000000,100079,164,100078,164,100097,164,100075,164,100099,164,100068,164,100109,164,100048,164,100118,100,100024,100,100128,100,99989,100,100150,100,99986,100,100162,100,99978,100,100194,100,99938,100,100294,100,99879,100
2019-06-28 09:51:41.224805536,100079,64,100078,164,100097,164,100075,164,100099,164,100068,164,100109,164,100048,164,100118,100,100024,100,100128,100,99989,100,100150,100,99986,100,100162,100,99978,100,100194,100,99938,100,100294,100,99879,100
2019-06-28 09:51:50.000000000,100097,186,100078,186,100099,184,100075,184,100109,184,100068,184,100118,100,100048,100,100128,100,100024,100,100150,100,99989,100,100162,100,99986,100,100194,100,99978,100,100294,100,99938,100,100427,200,99879,100
2019-06-28 09:51:56.319668529,100097,186,100078,86,100099,184,100075,184,100109,184,100068,184,100118,100,100048,100,100128,100,100024,100,100150,100,99989,100,100162,100,99986,100,100194,100,99978,100,100294,100,99938,100,100427,200,99879,100
2019-06-28 09:52:00.000000000,100097,164,100075,164,100099,164,100068,164,100109,164,100048,164,100118,164,100024,164,100128,100,99989,100,100150,100,99986,100,100162,100,99978,100,100194,100,99938,100,100294,100,99879,100,100427,200,99837,100
2019-06-28 09:52:10.000000000,100097,164,100075,164,100099,164,100068,164,100109,164,100048,164,100118,164,100024,164,100128,100,99989,100,100150,100,99986,100,100162,100,99978,100,100194,100,99938,100,100294,100,99879,100,100427,200,99837,100
2019-06-28 09:52:11.952451152,100097,164,100075,64,100099,164,100068,164,100109,164,100048,164,100118,164,100024,164,100128,100,99989,100,100150,100,99986,100,100162,100,99978,100,100194,100,99938,100,100294,100,99879,100,100427,200,99837,100
2019-06-28 09:52:18.500868670,100097,164,100075,64,100099,164,100068,164,100109,164,100048,164,100118,64,100024,164,100128,100,99989,100,100135,100,99986,100,100150,100,99978,100,100162,100,99938,100,100194,100,99879,100,100294,100,99837,100
2019-06-28 09:52:20.000000000,100097,354,100068,354,100099,100,100048,100,100109,100,100024,100,100128,100,99989,100,100135,100,99986,100,100150,100,99978,100,100162,100,99938,100,100194,100,99879,100,100294,100,99837,100,100427,200,99822,100
2019-06-28 09:52:30.000000000,100097,151,100068,151,100099,151,100048,151,100109,151,100024,151,100128,151,99989,151,100135,151,99986,151,100150,100,99978,100,100162,100,99938,100,100194,100,99879,100,100294,100,99837,100,100427,200,99822,100
2019-06-28 09:52:30.639893377,100097,151,100068,51,100099,151,100048,151,100109,151,100024,151,100128,151,99989,151,100135,151,99986,151,100150,100,99978,100,100162,100,99938,100,100194,100,99879,100,100294,100,99837,100,100427,200,99822,100
2019-06-28 09:52:34.699786152,100097,151,100068,51,100099,151,100048,151,100109,151,100024,151,100128,151,99989,151,100135,151,99986,151,100150,100,99978,100,100162,100,99938,100,100194,100,99879,100,100294,100,99837,100,100427,200,99822,100
2019-06-28 09:52:36.501048513,100097,151,100068,51,100099,151,100048,151,100109,151,100024,151,100128,151,99989,151,100135,151,99986,151,100150,100,99978,100,100162,100,99938,100,100194,100,99879,100,100294,100,99837,100,100427,200,99822,100
2019-06-28 09:52:40.000000000,100097,186,100048,186,100099,184,100024,184,100109,184,99989,184,100128,100,99986,100,100135,100,99978,100,100150,100,99938,100,100162,100,99879,100,100194,100,99837,100,100294,100,99822,100,100427,200,99778,100
2019-06-28 09:52:43.005305811,100075,100,100048,186,100097,186,100024,184,100099,184,99989,184,100109,184,99986,100,100128,100,99978,100,100135,100,99938,100,100150,100,99879,100,100162,100,99837,100,100194,100,99822,100,100294,100,99778,100
2019-06-28 09:52:50.000000000,100075,164,100048,164,100097,164,100024,164,100099,164,99989,164,100109,164,99986,164,100128,100,99978,100,100135,100,99938,100,100150,100,99879,100,100162,100,99837,100,100194,100,99822,100,100294,100,99778,100
2019-06-28 09:52:57.673069195,100075,164,100048,164,100097,164,100024,164,100099,164,99989,164,100109,164,99986,164,100128,100,99978,100,100135,100,99938,100,100150,100,99879,100,100162,100,99852,100,100194,100,99837,100,100294,100,99822,100
2019-06-28 09:53:00.000000000,100075,186,100048,186,100097,184,100024,184,100099,184,99989,184,100109,100,99986,100,100128,100,99978,100,100135,100,99938,100,100150,100,99879,100,100162,100,99852,100,100194,100,99837,100,100294,100,99822,100
2019-06-28 09:53:10.000000000,100075,151,100048,151,100097,151,100024,151,100099,151,99989,151,100109,151,99986,151,100128,151,99978,151,100135,100,99938,100,100150,100,99879,100,100162,100,99852,100,100194,100,99837,100,100294,100,99822,100
2019-06-28 09:53:20.000000000,100075,151,100048,151,100097,151,100024,151,100099,151,99989,151,100109,151,99986,151,100128,151,99978,151,100135,100,99938,100,100150,100,99879,100,100162,100,99852,100,100194,100,99837,100,100294,100,99822,100
2019-06-28 09:53:21.842544729,100075,51,100048,151,100097,151,100024,151,100099,151,99989,151,100109,151,99986,151,100128,151,99978,151,100135,100,99938,100,100150,100,99879,100,100162,100,99852,100,100194,100,99837,100,100294,100,99822,100
2019-06-28 09:53:30.000000000,100097,227,100048,227,100099,227,100024,227,100109,100,99989,100,100128,100,99986,100,100135,100,99978,100,100150,100,99938,100,100162,100,99879,100,100194,100,99852,100,100294,100,99837,100,100427,200,99822,100
2019-06-28 09:53:40.000000000,100097,354,100048,354,100099,100,100024,100,100109,100,99989,100,100128,100,99986,100,100135,100,99978,100,100150,100,99938,100,100162,100,99879,100,100194,100,99852,100,100294,100,99837,100,100427,200,99822,100
2019-06-28 09:53:45.002978828,100074,100,100048,354,100097,354,100024,100,100099,100,99989,100,100109,100,99986,100,100128,100,99978,100,100135,100,99938,100,100150,100,99879,100,100162,100,99852,100,100194,100,99837,100,100294,100,99822,100
2019-06-28 09:53:45.064844160,100074,200,100048,354,100097,354,100024,100,100099,100,99989,100,100109,100,99986,100,100128,100,99978,100,100135,100,99938,100,100150,100,99879,100,100162,100,99852,100,100194,100,99837,100,100294,100,99822,100
2019-06-28 09:53:50.000000000,100074,327,100048,227,100097,227,100024,227,100099,100,99989,100,100109,100,99986,100,100128,100,99978,100,100135,100,99938,100,100150,100,99879,100,100162,100,99852,100,100194,100,99837,100,100294,100,99822,100
2019-06-28 09:53:55.292531025,100074,327,100048,127,100097,227,100024,227,100099,100,99989,100,100109,100,99986,100,100128,100,99978,100,100135,100,99938,100,100150,100,99879,100,100162,100,99852,100,100194,100,99822,100,100294,100,99778,100
2019-06-28 09:54:00.000000000,100074,264,100024,164,100097,164,99989,164,100099,164,99986,164,100109,164,99978,164,100128,100,99938,100,100135,100,99879,100,100150,100,99852,100,100162,100,99822,100,100194,100,99778,100,100294,100,99662,100
2019-06-28 09:54:10.000000000,100074,264,100024,164,100097,164,99989,164,100099,164,99986,164,100109,164,99978,164,100128,100,99938,100,100135,100,99879,100,100150,100,99852,100,100162,100,99822,100,100194,100,99778,100,100294,100,99662,100
2019-06-28 09:54:14.474974780,100074,264,100048,100,100097,164,100024,164,100099,164,99989,164,100109,164,99986,164,100128,100,99978,164,100135,100,99938,100,100150,100,99879,100,100162,100,99852,100,100194,100,99822,100,100294,100,99778,100
2019-06-28 09:54:20.000000000,100074,251,100048,151,100097,151,100024,151,100099,151,99989,151,100109,151,99986,151,100128,151,99978,151,100135,100,99938,100,100150,100,99879,100,100162,100,99852,100,100194,100,99822,100,100294,100,99778,100
2019-06-28 09:54:23.646783712,100074,151,100048,151,100097,151,100024,151,100099,151,99989,151,100109,151,99986,151,100128,151,99978,151,100135,100,99938,100,100150,100,99879,100,100162,100,99852,100,100194,100,99822,100,100294,100,99778,100
2019-06-28 09:54:30.000000000,100074,186,100048,186,100097,184,100024,184,100099,184,99989,184,100109,100,99986,100,100128,100,99978,100,100135,100,99938,100,100150,100,99879,100,100162,100,99852,100,100194,100,99822,100,100294,100,99778,100
2019-06-28 09:54:34.203198567,100074,86,100048,186,100097,184,100024,184,100099,84,99989,184,100109,100,99986,100,100128,100,99978,100,100135,100,99938,100,100150,100,99879,100,100162,100,99852,100,100194,100,99822,100,100294,100,99778,100
2019-06-28 09:54:40.000000000,100097,186,100048,186,100109,184,100024,184,100128,184,99989,184,100135,100,99986,100,100150,100,99978,100,100162,100,99938,100,100194,100,99879,100,100294,100,99852,100,100427,200,99822,100,100459,100,99778,100
2019-06-28 09:54:50.000000000,100097,354,100048,354,100109,100,100024,100,100128,100,99989,100,100135,100,99986,100,100150,100,99978,100,100162,100,99938,100,100194,100,99879,100,100294,100,99852,100,100427,200,99822,100,100459,100,99778,100
2019-06-28 09:54:56.756916988,100097,254,100048,354,100109,100,100024,100,100128,100,99989,100,100135,100,99986,100,100150,100,99978,100,100194,100,99938,100,100294,100,99879,100,100427,200,99852,100,100459,100,99822,100,100549,100,99778,100
2019-06-28 09:55:00.000000000,100109,354,100048,354,100128,100,100024,100,100135,100,99989,100,100150,100,99986,100,100194,100,99978,100,100294,100,99938,100,100427,200,99879,100,100459,100,99852,100,100549,100,99822,100,100583,100,99778,100
2019-06-28 09:55:04.668307392,100109,354,100048,354,100128,100,100024,100,100135,100,99989,100,100150,100,99986,100,100194,100,99978,100,100237,100,99938,100,100294,100,99879,100,100427,200,99852,100,100459,100,99822,100,100549,100,99778,100
2019-06-28 09:55:10.000000000,100109,164,100048,164,100128,164,100024,164,100135,164,99989,164,100150,164,99986,164,100194,100,99978,100,100237,100,99938,100,100294,100,99879,100,100427,200,99852,100,100459,100,99822,100,100549,100,99778,100
2019-06-28 09:55:12.614622366,100096,100,100048,164,100109,164,100024,164,100128,164,99989,164,100135,164,99986,164,100150,164,99978,100,100194,100,99938,100,100237,100,99879,100,100294,100,99852,100,100427,200,99822,100,100459,100,99778,100
2019-06-28 09:55:15.291706485,100096,100,100048,164,100109,164,100024,164,100128,164,99989,164,100135,164,99986,164,100150,164,99978,100,100194,100,99938,100,100237,100,99879,100,100294,100,99852,100,100427,200,99822,100,100452,100,99778,100
2019-06-28 09:55:16.360844138,100096,100,100061,100,100109,164,100048,164,100128,164,100024,164,100135,164,99989,164,100150,164,99986,164,100194,100,99978,100,100237,100,99938,100,100294,100,99879,100,100427,200,99852,100,100452,100,99822,100
2019-06-28 09:55:20.000000000,100096,227,100061,227,100109,227,100048,227,100128,100,100024,100,100135,100,99989,100,100150,100,99986,100,100194,100,99978,100,100237,100,99938,100,100294,100,99879,100,100427,200,99852,100,100452,100,99822,100
2019-06-28 09:55:30.000000000,100096,227,100061,227,100109,227,100048,227,100128,100,100024,100,100135,100,99989,100,100150,100,99986,100,100194,100,99978,100,100237,100,99938,100,100294,100,99879,100,100427,200,99852,100,100452,100,99822,100
2019-06-28 09:55:32.704652098,100096,227,100061,127,100109,227,100048,227,100128,100,100024,100,100135,100,99989,100,100150,100,99986,100,100194,100,99978,100,100237,100,99938,100,100294,100,99879,100,100427,200,99852,100,100452,100,99822,100
2019-06-28 09:55:34.939873924,100096,227,100062,100,100109,227,100061,127,100128,100,100048,227,100135,100,100024,100,100150,100,99989,100,100194,100,99986,100,100237,100,99978,100,100294,100,99938,100,100427,200,99879,100,100452,100,99852,100
2019-06-28 09:55:40.000000000,100096,227,100062,227,100109,227,100048,227,100128,100,100024,100,100135,100,99989,100,100150,100,99986,100,100194,100,99978,100,100237,100,99938,100,100294,100,99879,100,100427,200,99852,100,100452,100,99822,100
2019-06-28 09:55:47.303480035,100096,227,100062,227,100109,227,100048,227,100128,100,100024,100,100135,100,99989,100,100150,100,99986,100,100194,100,99978,100,100237,100,99938,100,100294,100,99936,100,100427,200,99879,100,100452,100,99852,100
2019-06-28 09:55:50.000000000,100096,227,100062,227,100109,227,100048,227,100128,100,100024,100,100135,100,99989,100,100150,100,99986,100,100194,100,99978,100,100237,100,99938,100,100294,100,99936,100,100427,200,99879,100,100452,100,99852,100
2019-06-28 09:55:52.467492050,100096,227,100062,227,100109,227,100048,227,100128,100,100024,100,100135,100,99989,100,100150,100,99987,100,100194,100,99986,100,100237,100,99978,100,100294,100,99938,100,100427,200,99936,100,100452,100,99879,100
2019-06-28 09:56:00.000000000,100096,164,100062,164,100109,164,100048,164,100128,164,100024,164,100135,164,99989,164,100150,100,99987,100,100194,100,99986,100,100237,100,99978,100,100294,100,99938,100,100427,200,99936,100,100452,100,99879,100
2019-06-28 09:56:10.000000000,100096,164,100062,164,100109,164,100048,164,100128,164,100024,164,100135,164,99989,164,100150,100,99987,100,100194,100,99986,100,100237,100,99978,100,100294,100,99938,100,100427,200,99936,100,100452,100,99879,100
2019-06-28 09:56:20.000000000,100096,151,100062,151,100109,151,100048,151,100128,151,100024,151,100135,151,99989,151,100150,151,99987,151,100194,100,99986,100,100237,100,99978,100,100294,100,99938,100,100427,200,99936,100,100452,100,99879,100
2019-06-28 09:56:28.555998883,100096,151,100062,151,100109,151,100048,151,100128,151,100024,151,100135,51,99989,151,100150,151,99987,151,100194,100,99986,100,100237,100,99978,100,100294,100,99938,100,100427,200,99936,100,100452,100,99879,100
2019-06-28 09:56:30.000000000,100096,151,100062,151,100109,151,100048,151,100128,151,100024,151,100150,151,99989,151,100194,151,99987,151,100237,100,99986,100,100294,100,99978,100,100427,200,99938,100,100452,100,99936,100,100549,100,99879,100
2019-06-28 09:56:37.855110170,100096,151,100062,151,100109,151,100048,151,100128,151,100024,151,100150,151,99989,151,100194,151,99987,151,100237,100,99986,100,100294,100,99978,100,100427,200,99938,100,100452,100,99936,100,100549,100,99879,100
2019-06-28 09:56:39.713062427,100096,151,100062,151,100109,151,100048,151,100128,151,100024,151,100150,151,99989,151,100194,151,99987,151,100237,100,99986,100,100427,200,99978,100,100452,100,99938,100,100549,100,99936,100,100583,100,99879,100
2019-06-28 09:56:40.000000000,100096,186,100062,186,100109,184,100048,184,100128,184,100024,184,100150,100,99989,100,100194,100,99987,100,100237,100,99986,100,100427,200,99978,100,100452,100,99938,100,100549,100,99936,100,100583,100,99879,100
2019-06-28 09:56:50.000000000,100096,354,100062,354,100109,100,100048,100,100128,100,100024,100,100150,100,99989,100,100194,100,99987,100,100237,100,99986,100,100427,200,99978,100,100452,100,99938,100,100549,100,99936,100,100583,100,99879,100
2019-06-28 09:57:00.000000000,100096,354,100062,354,100109,100,100048,100,100128,100,100024,100,100150,100,99989,100,100194,100,99987,100,100237,100,99986,100,100427,200,99978,100,100452,100,99938,100,100549,100,99936,100,100583,100,99879,100
2019-06-28 09:57:01.198171635,100096,354,100062,254,100109,100,100048,100,100128,100,100024,100,100150,100,99989,100,100194,100,99987,100,100237,100,99986,100,100427,100,99978,100,100452,100,99938,100,100549,100,99936,100,100583,100,99879,100
2019-06-28 09:57:05.929321036,100096,354,100062,154,100109,100,100048,100,100128,100,100024,100,100150,100,99989,100,100194,100,99987,100,100237,100,99986,100,100427,100,99978,100,100452,100,99938,100,100549,100,99936,100,100583,100,99879,100
2019-06-28 09:57:10.000000000,100096,186,100048,186,100109,184,100024,184,100128,184,99989,184,100150,100,99987,100,100194,100,99986,100,100237,100,99978,100,100427,100,99938,100,100452,100,99936,100,100549,100,99879,100,100583,100,99852,100
2019-06-28 09:57:19.231328472,100096,186,100048,186,100109,184,100024,184,100128,184,99989,184,100150,100,99987,100,100194,100,99986,100,100237,100,99978,100,100427,100,99938,100,100452,100,99936,100,100549,100,99879,100,100583,100,99852,100
2019-06-28 09:57:20.000000000,100096,227,100048,227,100109,227,100024,227,100128,100,99989,100,100150,100,99987,100,100194,100,99986,100,100237,100,99978,100,100427,100,99938,100,100452,100,99936,100,100549,100,99879,100,100583,100,99852,100
2019-06-28 09:57:30.000000000,100096,151,100048,151,100109,151,100024,151,100128,151,99989,151,100150,151,99987,151,100194,151,99986,151,100237,100,99978,100,100427,100,99938,100,100452,100,99936,100,100549,100,99879,100,100583,100,99852,100
2019-06-28 09:57:31.967749812,100096,151,100048,151,100109,151,100024,151,100128,151,99989,151,100150,151,99987,151,100194,151,99986,151,100237,100,99978,100,100427,100,99938,100,100452,100,99936,100,100549,100,99879,100,100583,100,99852,100
2019-06-28 09:57:40.000000000,100096,186,100048,186,100109,184,100024,184,100128,184,99989,184,100150,100,99987,100,100194,100,99986,100,100237,100,99978,100,100427,100,99938,100,100452,100,99936,100,100549,100,99879,100,100583,100,99852,100
2019-06-28 09:57:50.000000000,100096,227,100048,227,100109,227,100024,227,100128,100,99989,100,100150,100,99987,100,100194,100,99986,100,100237,100,99978,100,100427,100,99938,100,100452,100,99936,100,100549,100,99879,100,100583,100,99852,100
2019-06-28 09:58:00.000000000,100096,151,100048,151,100109,151,100024,151,100128,151,99989,151,100150,151,99987,151,100194,151,99986,151,100237,100,99978,100,100427,100,99938,100,100452,100,99936,100,100549,100,99879,100,100583,100,99852,100
2019-06-28 09:58:01.145551240,100096,151,100048,51,100109,151,100024,151,100128,151,99989,151,100150,151,99987,151,100194,151,99986,151,100237,100,99978,100,100427,100,99938,100,100452,100,99936,100,100549,100,99879,100,100583,100,99852,100
2019-06-28 09:58:02.285556987,100062,100,100048,51,100096,151,100024,151,100109,151,99989,151,100128,151,99987,151,100150,151,99986,151,100194,151,99978,100,100237,100,99938,100,100427,100,99936,100,100452,100,99879,100,100549,100,99852,100
2019-06-28 09:58:10.000000000,100062,151,100024,151,100096,151,99989,151,100109,151,99987,151,100128,151,99986,151,100150,151,99978,151,100194,100,99938,100,100237,100,99936,100,100427,100,99879,100,100452,100,99852,100,100549,100,99822,100
2019-06-28 09:58:20.000000000,100062,164,100024,164,100096,164,99989,164,100109,164,99987,164,100128,164,99986,164,100150,100,99978,100,100194,100,99938,100,100237,100,99936,100,100427,100,99879,100,100452,100,99852,100,100549,100,99822,100
2019-06-28 09:58:27.303587474,100062,164,100024,164,100096,164,99989,164,100109,164,99987,164,100128,164,99986,164,100150,100,99978,100,100194,100,99938,100,100237,100,99936,100,100427,100,99879,100,100452,100,99852,100,100549,100,99822,100
2019-06-28 09:58:28.806336120,100062,264,100024,164,100096,164,99989,164,100109,164,99987,164,100128,164,99986,164,100150,100,99978,100,100194,100,99938,100,100237,100,99936,100,100427,100,99879,100,100452,100,99852,100,100549,100,99822,100
2019-06-28 09:58:30.000000000,100062,264,100024,164,100096,164,99989,164,100109,164,99987,164,100128,164,99986,164,100150,100,99978,100,100194,100,99938,100,100237,100,99936,100,100427,100,99879,100,100452,100,99852,100,100549,100,99822,100
2019-06-28 09:58:31.462629251,100062,364,100024,164,100096,164,99989,164,100109,164,99987,164,100128,164,99986,164,100150,100,99978,100,100194,100,99938,100,100237,100,99936,100,100427,100,99879,100,100452,100,99852,100,100549,100,99822,100
2019-06-28 09:58:33.926992154,100062,364,100024,164,100096,164,99989,164,100109,164,99987,164,100128,164,99986,64,100150,100,99978,100,100194,100,99938,100,100237,100,99936,100,100427,100,99879,100,100452,100,99852,100,100549,100,99822,100
2019-06-28 09:58:40.000000000,100062,386,100024,186,100096,184,99989,184,100109,184,99987,184,100128,100,99978,100,100150,100,99938,100,100194,100,99936,100,100237,100,99879,100,100427,100,99852,100,100452,100,99822,100,100549,100,99778,100
2019-06-28 09:58:50.000000000,100062,364,100024,164,100096,164,99989,164,100109,164,99987,164,100128,164,99978,164,100150,100,99938,100,100194,100,99936,100,100237,100,99879,100,100427,100,99852,100,100452,100,99822,100,100549,100,99778,100
2019-06-28 09:59:00.000000000,100062,427,100024,227,100096,227,99989,227,100109,100,99987,100,100128,100,99978,100,100150,100,99938,100,100194,100,99936,100,100237,100,99879,100,100427,100,99852,100,100452,100,99822,100,100549,100,99778,100
2019-06-28 09:59:10.000000000,100062,351,100024,151,100096,151,99989,151,100109,151,99987,151,100128,151,99978,151,100150,151,99938,151,100194,100,99936,100,100237,100,99879,100,100427,100,99852,100,100452,100,99822,100,100549,100,99778,100
2019-06-28 09:59:18.335567029,100062,351,100024,51,100096,151,99989,151,100109,151,99987,151,100128,151,99978,151,100150,151,99938,151,100194,100,99936,100,100237,100,99879,100,100427,100,99852,100,100452,100,99822,100,100549,100,99778,100
2019-06-28 09:59:20.000000000,100062,351,99989,151,100096,151,99987,151,100109,151,99978,151,100128,151,99938,151,100150,151,99936,151,100194,100,99879,100,100237,100,99852,100,100427,100,99822,100,100452,100,99778,100,100549,100,99772,100
2019-06-28 09:59:29.394657421,100062,351,99989,151,100096,151,99987,151,100109,151,99978,151,100128,151,99938,151,100150,151,99936,151,100164,100,99879,100,100194,100,99852,100,100237,100,99822,100,100427,100,99778,100,100452,100,99772,100
2019-06-28 09:59:30.000000000,100062,386,99989,186,100096,184,99987,184,100109,184,99978,184,100128,100,99938,100,100150,100,99936,100,100164,100,99879,100,100194,100,99852,100,100237,100,99822,100,100427,100,99778,100,100452,100,99772,100
2019-06-28 09:59:32.332099064,100062,386,99989,186,100096,184,99987,184,100109,184,99984,100,100128,100,99978,184,100150,100,99938,100,100164,100,99936,100,100194,100,99879,100,100237,100,99852,100,100427,100,99822,100,100452,100,99778,100
2019-06-28 09:59:32.657397671,100062,286,99989,186,100096,184,99987,184,100109,184,99984,100,100128,100,99978,184,100150,100,99938,100,100164,100,99936,100,100194,100,99879,100,100237,100,99852,100,100427,100,99822,100,100452,100,99778,100
2019-06-28 09:59:40.000000000,100062,327,99989,227,100096,227,99987,227,100109,100,99984,100,100128,100,99978,100,100150,100,99938,100,100164,100,99936,100,100194,100,99879,100,100237,100,99852,100,100427,100,99822,100,100452,100,99778,100
2019-06-28 09:59:47.243745340,100062,327,100052,100,100096,227,99989,227,100109,100,99987,227,100128,100,99984,100,100150,100,99978,100,100164,100,99938,100,100194,100,99936,100,100237,100,99879,100,100427,100,99852,100,100452,100,99822,100
2019-06-28 09:59:50.000000000,100062,327,100052,227,100096,227,99989,227,100109,100,99987,100,100128,100,99984,100,100150,100,99978,100,100164,100,99938,100,100194,100,99936,100,100237,100,99879,100,100427,100,99852,100,100452,100,99822,100
2019-06-28 10:00:00.000000000,100062,327,100052,227,100096,227,99989,227,100109,100,99987,100,100128,100,99984,100,100150,100,99978,100,100164,100,99938,100,100194,100,99936,100,100237,100,99879,100,100427,100,99852,100,100452,100,99822,100
2019-06-28 10:00:02.839331327,100062,227,100052,227,100096,227,99989,227,100128,100,99987,100,100150,100,99984,100,100164,100,99978,100,100194,100,99938,100,100237,100,99936,100,100427,100,99879,100,100452,100,99852,100,100549,100,99822,100
2019-06-28 10:00:09.461260501,100062,227,100052,227,100096,227,99989,227,100128,100,99984,100,100150,100,99978,100,100164,100,99938,100,100194,100,99936,100,100237,100,99879,100,100427,100,99852,100,100452,100,99822,100,100549,100,99778,100
2019-06-28 10:00:10.000000000,100062,227,100052,227,100096,227,99989,227,100128,100,99984,100,100150,100,99978,100,100164,100,99938,100,100194,100,99936,100,100237,100,99879,100,100427,100,99852,100,100452,100,99822,100,100549,100,99778,100
2019-06-28 10:00:10.442387930,100062,227,100052,227,100096,227,99989,227,100128,100,99984,100,100150,100,99938,100,100164,100,99936,100,100194,100,99879,100,100237,100,99852,100,100427,100,99822,100,100452,100,99778,100,100512,100,99772,100
2019-06-28 10:00:20.000000000,100062,164,100052,164,100096,164,99989,164,100128,164,99984,164,100150,164,99938,164,100164,100,99936,100,100194,100,99879,100,100237,100,99852,100,100427,100,99822,100,100452,100,99778,100,100512,100,99772,100
2019-06-28 10:00:24.501752128,100062,64,100052,164,100096,164,99989,164,100128,164,99984,164,100150,164,99938,164,100164,100,99936,100,100194,100,99879,100,100237,100,99852,100,100427,100,99822,100,100452,100,99778,100,100512,100,99772,100
2019-06-28 10:00:26.839994667,100062,64,100052,164,100096,164,99989,164,100128,164,99984,164,100150,164,99938,164,100164,100,99936,100,100194,100,99879,100,100237,100,99852,100,100427,100,99822,100,100452,100,99778,100,100506,100,99772,100
2019-06-28 10:00:30.000000000,100096,354,100052,354,100128,100,99989,100,100150,100,99984,100,100164,100,99938,100,100194,100,99936,100,100237,100,99879,100,100427,100,99852,100,100452,100,99822,100,100506,100,99778,100,100512,100,99772,100
2019-06-28 10:00:40.000000000,100096,164,100052,164,100128,164,99989,164,100150,164,99984,164,100164,164,99938,164,100194,100,99936,100,100237,100,99879,100,100427,100,99852,100,100452,100,99822,100,100506,100,99778,100,100512,100,99772,100
2019-06-28 10:00:41.254282715,100096,64,100052,164,100128,164,99989,164,100150,164,99984,164,100164,164,99938,164,100194,100,99936,100,100237,100,99879,100,100427,100,99852,100,100452,100,99822,100,100506,100,99778,100,100512,100,99772,100
2019-06-28 10:00:42.183349088,100096,64,100062,100,100128,164,100052,164,100150,164,99989,64,100164,164,99984,164,100194,100,99938,164,100237,100,99936,100,100427,100,99879,100,100452,100,99852,100,100506,100,99822,100,100512,100,99778,100
2019-06-28 10:00:50.000000000,100128,186,100062,186,100150,184,100052,184,100164,184,99984,184,100194,100,99938,100,100237,100,99936,100,100427,100,99879,100,100452,100,99852,100,100506,100,99822,100,100512,100,99778,100,100549,100,99772,100
2019-06-28 10:01:00.000000000,100128,151,100062,151,100150,151,100052,151,100164,151,99984,151,100194,151,99938,151,100237,151,99936,151,100427,100,99879,100,100452,100,99852,100,100506,100,99822,100,100512,100,99778,100,100549,100,99772,100
2019-06-28 10:01:08.185660666,100128,51,100062,151,100150,151,100052,151,100164,151,99984,151,100194,51,99938,151,100237,151,99936,151,100427,100,99879,100,100452,100,99852,100,100506,100,99822,100,100512,100,99778,100,100549,100,99772,100
2019-06-28 10:01:10.000000000,100150,354,100062,354,100164,100,100052,100,100237,100,99984,100,100427,100,99938,100,100452,100,99936,100,100506,100,99879,100,100512,100,99852,100,100549,100,99822,100,100583,100,99778,100,100652,100,99772,100
2019-06-28 10:01:20.000000000,100150,186,100062,186,100164,184,100052,184,100237,184,99984,184,100427,100,99938,100,100452,100,99936,100,100506,100,99879,100,100512,100,99852,100,100549,100,99822,100,100583,100,99778,100,100652,100,99772,100
2019-06-28 10:01:21.075601005,100150,186,100062,186,100164,184,100052,184,100237,184,99984,184,100427,100,99938,100,100452,100,99936,100,100506,100,99879,100,100549,100,99852,100,100583,100,99822,100,100652,100,99778,100,100722,100,99772,100
2019-06-28 10:01:30.000000000,100150,227,100062,227,100164,227,100052,227,100237,100,99984,100,100427,100,99938,100,100452,100,99936,100,100506,100,99879,100,100549,100,99852,100,100583,100,99822,100,100652,100,99778,100,100722,100,99772,100
2019-06-28 10:01:40.000000000,100150,164,100062,164,100164,164,100052,164,100237,164,99984,164,100427,164,99938,164,100452,100,99936,100,100506,100,99879,100,100549,100,99852,100,100583,100,99822,100,100652,100,99778,100,100722,100,99772,100
2019-06-28 10:01:50.000000000,100150,186,100062,186,100164,184,100052,184,100237,184,99984,184,100427,100,99938,100,100452,100,99936,100,100506,100,99879,100,100549,100,99852,100,100583,100,99822,100,100652,100,99778,100,100722,100,99772,100
2019-06-28 10:02:00.000000000,100150,227,100062,227,100164,227,100052,227,100237,100,99984,100,100427,100,99938,100,100452,100,99936,100,100506,100,99879,100,100549,100,99852,100,100583,100,99822,100,100652,100,99778,100,100722,100,99772,100
2019-06-28 10:02:10.000000000,100150,354,100062,354,100164,100,100052,100,100237,100,99984,100,100427,100,99938,100,100452,100,99936,100,100506,100,99879,100,100549,100,99852,100,100583,100,99822,100,100652,100,99778,100,100722,100,99772,100
2019-06-28 10:02:20.000000000,100150,164,100062,164,100164,164,100052,164,100237,164,99984,164,100427,164,99938,164,100452,100,99936,100,100506,100,99879,100,100549,100,99852,100,100583,100,99822,100,100652,100,99778,100,100722,100,99772,100
2019-06-28 10:02:23.259925819,100150,164,100089,100,100164,164,100062,164,100237,164,100052,164,100427,164,99984,164,100452,100,99938,164,100506,100,99936,100,100549,100,99879,100,100583,100,99852,100,100652,100,99822,100,100722,100,99778,100
2019-06-28 10:02:30.000000000,100150,164,100089,164,100164,164,100062,164,100237,164,100052,164,100427,164,99984,164,100452,100,99938,100,100506,100,99936,100,100549,100,99879,100,100583,100,99852,100,100652,100,99822,100,100722,100,99778,100
2019-06-28 10:02:40.000000000,100150,354,100089,354,100164,100,100062,100,100237,100,100052,100,100427,100,99984,100,100452,100,99938,100,100506,100,99936,100,100549,100,99879,100,100583,100,99852,100,100652,100,99822,100,100722,100,99778,100
2019-06-28 10:02:49.091871431,100150,354,100089,354,100164,100,100062,100,100237,100,100052,100,100427,100,99984,100,100452,100,99943,100,100506,100,99938,100,100549,100,99936,100,100583,100,99879,100,100652,100,99852,100,100722,100,99822,100
2019-06-28 10:02:50.000000000,100150,186,100089,186,100164,184,100062,184,100237,184,100052,184,100427,100,99984,100,100452,100,99943,100,100506,100,99938,100,100549,100,99936,100,100583,100,99879,100,100652,100,99852,100,100722,100,99822,100
2019-06-28 10:02:54.688771989,100150,186,100089,186,100164,184,100067,100,100237,184,100062,184,100427,100,100052,184,100452,100,99984,100,100506,100,99943,100,100549,100,99938,100,100583,100,99936,100,100652,100,99879,100,100722,100,99852,100
2019-06-28 10:03:00.000000000,100150,164,100089,164,100164,164,100067,164,100237,164,100062,164,100427,164,100052,164,100452,100,99984,100,100506,100,99943,100,100549,100,99938,100,100583,100,99936,100,100652,100,99879,100,100722,100,99852,100
2019-06-28 10:03:10.000000000,100150,186,100089,186,100164,184,100067,184,100237,184,100062,184,100427,100,100052,100,100452,100,99984,100,100506,100,99943,100,100549,100,99938,100,100583,100,99936,100,100652,100,99879,100,100722,100,99852,100
2019-06-28 10:03:10.459517739,100150,186,100089,86,100164,184,100067,184,100237,184,100062,184,100427,100,100052,100,100452,100,99984,100,100506,100,99943,100,100549,100,99938,100,100583,100,99936,100,100652,100,99879,100,100722,100,99852,100
2019-06-28 10:03:20.000000000,100150,151,100067,151,100164,151,100062,151,100237,151,100052,151,100427,151,99984,151,100452,151,99943,151,100506,100,99938,100,100549,100,99936,100,100583,100,99879,100,100652,100,99852,100,100722,100,99822,100
2019-06-28 10:03:30.000000000,100150,227,100067,227,100164,227,100062,227,100237,100,100052,100,100427,100,99984,100,100452,100,99943,100,100506,100,99938,100,100549,100,99936,100,100583,100,99879,100,100652,100,99852,100,100722,100,99822,100
2019-06-28 10:03:38.298205746,100150,227,100067,127,100164,227,100062,227,100237,100,100052,100,100427,100,99984,100,100452,100,99943,100,100506,100,99938,100,100549,100,99936,100,100583,100,99879,100,100652,100,99852,100,100722,100,99822,100
2019-06-28 10:03:40.000000000,100150,186,100062,186,100164,184,100052,184,100237,184,99984,184,100427,100,99943,100,100452,100,99938,100,100506,100,99936,100,100549,100,99879,100,100583,100,99852,100,100652,100,99822,100,100722,100,99778,100
2019-06-28 10:03:49.093946602,100150,186,100062,186,100164,184,100052,184,100237,184,99984,184,100299,100,99943,100,100427,100,99938,100,100452,100,99936,100,100506,100,99879,100,100583,100,99852,100,100652,100,99822,100,100722,100,99778,100
2019-06-28 10:03:50.000000000,100150,186,100062,186,100164,184,100052,184,100237,184,99984,184,100299,100,99943,100,100427,100,99938,100,100452,100,99936,100,100506,100,99879,100,100583,100,99852,100,100652,100,99822,100,100722,100,99778,100
2019-06-28 10:03:50.363921287,100089,100,100062,186,100150,186,100052,184,100164,184,99984,184,100237,184,99943,100,100299,100,99938,100,100427,100,99936,100,100452,100,99879,100,100506,100,99852,100,100583,100,99822,100,100652,100,99778,100
2019-06-28 10:03:53.971178948,100089,100,100062,186,100139,100,100052,184,100150,186,99984,184,100164,184,99943,100,100237,184,99938,100,100299,100,99936,100,100427,100,99879,100,100452,100,99852,100,100506,100,99822,100,100583,100,99778,100
2019-06-28 10:03:57.906488724,100089,200,100062,186,100139,100,100052,184,100150,186,99984,184,100164,184,99943,100,100237,184,99938,100,100299,100,99936,100,100427,100,99879,100,100452,100,99852,100,100506,100,99822,100,100583,100,99778,100
2019-06-28 10:04:00.000000000,100089,251,100062,151,100139,151,100052,151,100150,151,99984,151,100164,151,99943,151,100237,151,99938,151,100299,100,99936,100,100427,100,99879,100,100452,100,99852,100,100506,100,99822,100,100583,100,99778,100
2019-06-28 10:04:10.000000000,100089,327,100062,227,100139,227,100052,227,100150,100,99984,100,100164,100,99943,100,100237,100,99938,100,100299,100,99936,100,100427,100,99879,100,100452,100,99852,100,100506,100,99822,100,100583,100,99778,100
2019-06-28 10:04:11.831260174,100089,327,100062,127,100139,227,100052,227,100164,100,99984,100,100237,100,99943,100,100299,100,99938,100,100427,100,99936,100,100452,100,99879,100,100506,100,99852,100,100583,100,99822,100,100652,100,99778,100
2019-06-28 10:04:16.008904949,100089,327,100062,127,100139,227,100052,227,100164,100,100034,100,100237,100,99984,100,100299,100,99943,100,100427,100,99938,100,100452,100,99936,100,100506,100,99879,100,100583,100,99852,100,100652,100,99822,100
2019-06-28 10:04:20.000000000,100089,286,100052,186,100139,184,100034,184,100164,184,99984,184,100237,100,99943,100,100299,100,99938,100,100427,100,99936,100,100452,100,99879,100,100506,100,99852,100,100583,100,99822,100,100652,100,99778,100
2019-06-28 10:04:21.660223184,100089,286,100052,186,100139,184,100034,184,100164,184,99984,184,100219,100,99943,100,100237,100,99938,100,100299,100,99936,100,100427,100,99879,100,100452,100,99852,100,100506,100,99822,100,100583,100,99778,100
2019-06-28 10:04:30.000000000,100089,454,100052,354,100139,100,100034,100,100164,100,99984,100,100219,100,99943,100,100237,100,99938,100,100299,100,99936,100,100427,100,99879,100,100452,100,99852,100,100506,100,99822,100,100583,100,99778,100
2019-06-28 10:04:32.494612164,100089,454,100052,254,100139,100,100034,100,100164,100,99984,100,100219,100,99943,100,100237,100,99938,100,100299,100,99936,100,100427,100,99879,100,100506,100,99852,100,100583,100,99822,100,100652,100,99778,100
2019-06-28 10:04:40.000000000,100089,251,100034,151,100139,151,99984,151,100164,151,99943,151,100219,151,99938,151,100237,151,99936,151,100299,100,99879,100,100427,100,99852,100,100506,100,99822,100,100583,100,99778,100,100652,100,99772,100
2019-06-28 10:04:50.000000000,100089,264,100034,164,100139,164,99984,164,100164,164,99943,164,100219,164,99938,164,100237,100,99936,100,100299,100,99879,100,100427,100,99852,100,100506,100,99822,100,100583,100,99778,100,100652,100,99772,100
2019-06-28 10:05:00.000000000,100089,327,100034,227,100139,227,99984,227,100164,100,99943,100,100219,100,99938,100,100237,100,99936,100,100299,100,99879,100,100427,100,99852,100,100506,100,99822,100,100583,100,99778,100,100652,100,99772,100
2019-06-28 10:05:10.000000000,100089,327,100034,227,100139,227,99984,227,100164,100,99943,100,100219,100,99938,100,100237,100,99936,100,100299,100,99879,100,100427,100,99852,100,100506,100,99822,100,100583,100,99778,100,100652,100,99772,100
2019-06-28 10:05:19.022407135,100089,327,100055,100,100139,227,100034,227,100164,100,99984,227,100219,100,99943,100,100237,100,99938,100,100299,100,99936,100,100427,100,99879,100,100506,100,99852,100,100583,100,99822,100,100652,100,99778,100
2019-06-28 10:05:20.000000000,100089,327,100055,227,100139,227,100034,227,100164,100,99984,100,100219,100,99943,100,100237,100,99938,100,100299,100,99936,100,100427,100,99879,100,100506,100,99852,100,100583,100,99822,100,100652,100,99778,100
2019-06-28 10:05:30.000000000,100089,286,100055,186,100139,184,100034,184,100164,184,99984,184,100219,100,99943,100,100237,100,99938,100,100299,100,99936,100,100427,100,99879,100,100506,100,99852,100,100583,100,99822,100,100652,100,99778,100
2019-06-28 10:05:40.000000000,100089,251,100055,151,100139,151,100034,151,100164,151,99984,151,100219,151,99943,151,100237,151,99938,151,100299,100,99936,100,100427,100,99879,100,100506,100,99852,100,100583,100,99822,100,100652,100,99778,100
2019-06-28 10:05:43.587446304,100062,100,100055,151,100089,251,100034,151,100139,151,99984,151,100164,151,99943,151,100219,151,99938,151,100237,151,99936,100,100299,100,99879,100,100427,100,99852,100,100506,100,99822,100,100583,100,99778,100
2019-06-28 10:05:50.000000000,100062,164,100055,164,100089,264,100034,164,100139,164,99984,164,100164,164,99943,164,100219,100,99938,100,100237,100,99936,100,100299,100,99879,100,100427,100,99852,100,100506,100,99822,100,100583,100,99778,100
2019-06-28 10:05:53.607365313,100062,264,100055,164,100089,264,100034,164,100139,164,99984,164,100164,164,99943,164,100219,100,99938,100,100237,100,99936,100,100299,100,99879,100,100427,100,99852,100,100506,100,99822,100,100583,100,99778,100
2019-06-28 10:05:57.794801970,100062,264,100055,64,100089,264,100034,164,100139,164,99984,164,100164,164,99943,164,100219,100,99938,100,100237,100,99936,100,100299,100,99879,100,100427,100,99852,100,100506,100,99822,100,100583,100,99778,100
2019-06-28 10:06:00.000000000,100062,264,100034,164,100089,264,99984,164,100139,164,99943,164,100164,164,99938,164,100219,100,99936,100,100237,100,99879,100,100299,100,99852,100,100427,100,99822,100,100506,100,99778,100,100583,100,99772,100
2019-06-28 10:06:09.384549290,100055,100,100034,164,100062,264,99984,164,100089,264,99943,164,100139,164,99938,164,100164,164,99936,100,100219,100,99879,100,100237,100,99852,100,100299,100,99822,100,100427,100,99778,100,100506,100,99772,100
2019-06-28 10:06:10.000000000,100055,227,100034,227,100062,327,99984,227,100089,200,99943,100,100139,100,99938,100,100164,100,99936,100,100219,100,99879,100,100237,100,99852,100,100299,100,99822,100,100427,100,99778,100,100506,100,99772,100
2019-06-28 10:06:10.522912594,100055,327,100034,227,100062,327,99984,227,100089,100,99943,100,100139,100,99938,100,100164,100,99936,100,100219,100,99879,100,100237,100,99852,100,100299,100,99822,100,100427,100,99778,100,100506,100,99772,100
2019-06-28 10:06:13.129505709,100055,327,100034,127,100062,327,99984,227,100089,100,99943,100,100139,100,99938,100,100164,100,99936,100,100219,100,99879,100,100237,100,99852,100,100299,100,99822,100,100427,100,99778,100,100506,100,99772,100
