,ask_price_1,ask_size_1,bid_price_1,bid_size_1,ask_price_2,ask_size_2,bid_price_2,bid_size_2,ask_price_3,ask_size_3,bid_price_3,bid_size_3,ask_price_4,ask_size_4,bid_price_4,bid_size_4,ask_price_5,ask_size_5,bid_price_5,bid_size_5,ask_price_6,ask_size_6,bid_price_6,bid_size_6,ask_price_7,ask_size_7,bid_price_7,bid_size_7,ask_price_8,ask_size_8,bid_price_8,bid_size_8,ask_price_9,ask_size_9,bid_price_9,bid_size_9,ask_price_10,ask_size_10,bid_price_10,bid_size_10
2019-06-28 09:30:00.000000003,100069,100,99924,100,,,,,,,,,,,,,,,,,,,,,,,,,,,,,,,,,,,,
2019-06-28 09:30:00.000000004,100069,100,99924,100,100106,100,,,,,,,,,,,,,,,,,,,,,,,,,,,,,,,,,,
2019-06-28 09:30:00.000000005,100069,100,99924,100,100106,100,,,100128,100,,,,,,,,,,,,,,,,,,,,,,,,,,,,,,
2019-06-28 09:30:00.000000007,100069,100,99953,100,100106,100,99924,100,100128,100,99908,100,,,,,,,,,,,,,,,,,,,,,,,,,,,,
2019-06-28 09:30:00.000000011,100026,100,99953,100,100049,100,99944,100,100069,100,99924,100,100105,100,99908,100,100106,100,,,100128,100,,,100182,100,,,,,,,,,,,,,,
2019-06-28 09:30:00.000000012,99988,100,99953,100,100026,100,99944,100,100049,100,99924,100,100069,100,99908,100,100105,100,,,100106,100,,,100128,100,,,100182,100,,,,,,,,,,
2019-06-28 09:30:00.000000015,99988,100,99953,100,100026,100,99944,100,100049,100,99924,100,100069,100,99923,100,100105,100,99908,100,100106,100,,,100128,100,,,100182,100,,,,,,,,,,
2019-06-28 09:30:00.000000016,100026,100,99953,100,100049,100,99944,100,100069,100,99924,100,100105,100,99923,100,100106,100,99908,100,100128,100,,,100182,100,,,,,,,,,,,,,,
2019-06-28 09:30:00.000000017,100026,100,99953,100,100049,100,99944,100,100069,100,99941,100,100105,100,99924,100,100106,100,99923,100,100128,100,99908,100,100182,100,,,,,,,,,,,,,,
2019-06-28 09:30:00.000000022,100049,100,99953,100,100069,100,99944,100,100105,100,99941,100,100106,100,99924,100,100128,100,99923,100,100182,100,99911,100,,,99908,100,,,,,,,,,,,,
2019-06-28 09:30:00.000000025,100049,100,99953,100,100069,100,99944,100,100105,100,99941,100,100106,100,99924,100,100128,100,99923,100,100143,100,99911,100,100182,100,99908,100,,,,,,,,,,,,
2019-06-28 09:30:00.000000027,100026,100,99988,100,100049,100,99953,100,100068,100,99944,100,100069,100,99941,100,100105,100,99924,100,100106,100,99923,100,100128,100,99922,100,100143,100,99911,100,100182,100,99908,100,,,,
2019-06-28 09:30:00.000000029,99992,100,99988,100,100026,100,99953,100,100049,100,99944,100,100068,100,99941,100,100069,100,99924,100,100105,100,99923,100,100106,100,99922,100,100128,100,99911,100,100143,100,99908,100,100182,100,99882,100
2019-06-28 09:30:00.000000030,99992,100,99988,100,100026,100,99984,100,100049,100,99953,100,100068,100,99944,100,100069,100,99941,100,100105,100,99924,100,100106,100,99923,100,100128,100,99922,100,100143,100,99911,100,100182,100,99908,100
2019-06-28 09:30:00.000000031,99992,100,99988,100,100026,100,99984,100,100049,100,99974,100,100068,100,99953,100,100069,100,99944,100,100105,100,99941,100,100106,100,99924,100,100128,100,99923,100,100143,100,99922,100,100182,100,99911,100
2019-06-28 09:30:00.000000035,99992,100,99988,200,100026,100,99984,100,100049,100,99974,100,100068,100,99953,100,100069,100,99944,100,100105,100,99941,100,100106,100,99940,100,100128,100,99924,100,100143,100,99923,100,100182,100,99922,100
2019-06-28 09:30:00.000000037,99992,100,99988,200,100026,100,99984,100,100049,100,99974,100,100068,100,99953,100,100069,100,99944,100,100105,100,99941,100,100106,100,99940,100,100128,100,99924,100,100143,100,99923,100,100144,100,99922,100
2019-06-28 09:30:00.000000041,99992,100,99988,200,100026,100,99984,100,100049,100,99974,100,100053,100,99953,100,100068,100,99944,100,100069,100,99941,100,100103,100,99940,100,100105,100,99924,100,100106,100,99923,100,100128,100,99922,100
2019-06-28 09:30:00.000000044,99992,100,99988,200,100026,100,99984,100,100049,100,99974,100,100053,100,99953,100,100068,100,99944,100,100069,100,99941,100,100103,100,99940,100,100105,100,99924,100,100106,100,99923,100,100128,100,99922,100
2019-06-28 09:30:00.000000046,99992,100,99988,200,100026,100,99985,100,100049,100,99984,100,100053,100,99974,100,100068,100,99953,100,100069,200,99944,100,100103,100,99941,100,100105,100,99940,100,100106,100,99924,100,100128,100,99923,100
2019-06-28 09:30:00.000000049,99992,100,99988,100,100026,100,99985,100,100049,100,99984,100,100053,100,99974,100,100068,100,99953,100,100069,200,99944,100,100103,100,99941,100,100105,100,99940,100,100106,100,99924,100,100128,100,99923,100
2019-06-28 09:30:00.000000050,99992,100,99988,100,100026,100,99985,100,100049,100,99984,100,100053,100,99974,100,100068,100,99953,100,100069,200,99944,100,100103,100,99941,100,100105,100,99940,100,100106,100,99933,100,100128,100,99924,100
2019-06-28 09:30:00.000000054,99992,100,99988,100,100026,100,99985,100,100049,100,99984,100,100053,100,99974,100,100068,100,99953,100,100069,200,99944,100,100103,100,99941,100,100105,100,99940,100,100106,100,99933,100,100128,100,99924,100
2019-06-28 09:30:00.000000058,99992,100,99988,100,100026,100,99985,100,100049,100,99984,100,100053,100,99983,100,100068,100,99974,100,100069,200,99953,100,100103,100,99944,100,100105,100,99941,100,100106,100,99940,100,100128,100,99933,100
2019-06-28 09:30:00.000000059,99992,100,99988,100,100026,100,99985,100,100049,100,99984,100,100053,100,99983,100,100068,100,99974,100,100069,200,99953,100,100103,100,99944,100,100105,100,99941,100,100106,100,99940,100,100112,100,99933,100
2019-06-28 09:30:00.000000060,99992,100,99988,100,100026,100,99985,100,100049,100,99984,100,100053,100,99983,100,100068,100,99974,100,100069,200,99953,100,100103,100,99950,100,100105,100,99944,100,100106,100,99941,100,100112,100,99940,100
2019-06-28 09:30:00.000000061,99992,100,99988,100,100026,100,99985,100,100049,100,99984,100,100052,100,99983,100,100053,100,99974,100,100068,100,99953,100,100069,200,99950,100,100103,100,99944,100,100105,100,99941,100,100106,100,99940,100
2019-06-28 09:30:00.000000064,99992,100,99988,100,100026,100,99985,100,100047,100,99984,100,100049,100,99983,100,100052,100,99974,100,100053,100,99953,100,100068,100,99950,100,100069,200,99944,100,100090,100,99941,100,100103,100,99940,100
2019-06-28 09:30:00.000000065,99992,100,99989,100,100026,100,99988,100,100047,100,99985,100,100049,100,99984,100,100052,100,99983,100,100053,100,99974,100,100068,100,99953,100,100069,200,99950,100,100090,100,99944,100,100103,100,99941,100
2019-06-28 09:30:00.000000069,99992,100,99989,100,100026,100,99988,100,100047,100,99985,100,100049,100,99984,100,100052,100,99983,100,100053,100,99974,100,100061,100,99953,100,100068,100,99950,100,100069,200,99944,100,100090,100,99941,100
2019-06-28 09:30:00.000000071,99992,100,99989,100,100026,100,99988,100,100047,100,99985,100,100049,100,99984,100,100052,100,99983,100,100053,100,99974,100,100061,100,99953,100,100068,100,99950,100,100069,200,99944,100,100090,100,99941,100
2019-06-28 09:30:00.000000074,99992,100,99988,100,100026,100,99985,100,100047,100,99984,100,100049,100,99983,100,100052,100,99974,100,100053,100,99953,100,100061,100,99950,100,100068,100,99944,100,100069,200,99941,100,100090,100,99940,100
2019-06-28 09:30:00.000000075,99992,100,99988,100,100026,100,99985,100,100030,100,99984,100,100047,100,99983,100,100049,100,99974,100,100052,100,99953,100,100053,100,99950,100,100061,100,99944,100,100068,100,99941,100,100069,200,99940,100
2019-06-28 09:30:00.000000076,99992,100,99988,100,100026,100,99985,100,100030,100,99984,100,100047,100,99983,100,100049,100,99974,100,100052,100,99953,100,100053,100,99950,100,100061,100,99944,100,100068,100,99941,100,100069,200,99940,100
2019-06-28 09:30:00.000000077,99992,100,99988,100,100026,100,99985,100,100030,100,99984,100,100047,100,99983,100,100049,100,99974,100,100052,100,99953,100,100053,100,99950,100,100061,100,99944,100,100068,100,99941,100,100069,200,99940,200
2019-06-28 09:30:00.000000078,99992,100,99988,100,99998,100,99985,100,100026,100,99984,100,100030,100,99983,100,100047,100,99974,100,100049,100,99953,100,100052,100,99950,100,100053,100,99944,100,100061,100,99941,100,100068,100,99940,200
2019-06-28 09:30:00.000000079,99992,100,99988,100,99998,100,99985,100,100026,100,99984,100,100030,100,99983,100,100047,100,99974,100,100049,100,99953,100,100052,100,99950,100,100053,100,99944,100,100061,100,99941,100,100068,100,99940,200
2019-06-28 09:30:00.000000081,99992,100,99988,100,99998,100,99985,100,100026,100,99984,100,100030,100,99983,100,100047,100,99974,100,100049,100,99953,100,100052,100,99950,100,100053,100,99944,100,100061,100,99941,100,100068,100,99940,200
2019-06-28 09:30:00.000000082,99992,100,99988,100,99998,100,99985,100,100026,100,99984,100,100030,100,99983,100,100047,100,99974,100,100049,100,99953,100,100052,100,99950,100,100053,100,99944,100,100061,100,99941,100,100068,100,99940,200
2019-06-28 09:30:00.000000083,99992,100,99988,100,99998,100,99985,100,100026,100,99984,100,100030,100,99983,100,100047,100,99974,100,100049,100,99953,100,100052,100,99950,100,100053,100,99944,100,100061,100,99941,100,100068,100,99940,200
2019-06-28 09:30:00.000000084,99992,100,99985,100,99998,100,99984,100,100026,100,99983,100,100030,100,99974,100,100047,100,99953,100,100049,100,99950,100,100052,100,99944,100,100053,100,99941,100,100061,100,99940,200,100068,100,99933,100
2019-06-28 09:30:00.000000086,99992,100,99985,100,99998,100,99984,100,100026,100,99983,100,100030,100,99974,100,100047,100,99953,100,100049,100,99950,100,100052,100,99947,100,100053,100,99944,100,100061,100,99941,100,100068,100,99940,200
2019-06-28 09:30:00.000000094,99992,100,99985,100,99998,100,99984,100,100026,100,99983,100,100030,100,99974,100,100039,100,99953,100,100047,100,99950,100,100049,100,99947,100,100052,100,99944,100,100053,100,99941,100,100061,100,99940,200
2019-06-28 09:30:00.000000095,99989,100,99985,100,99992,100,99984,100,99998,100,99983,100,100026,100,99974,100,100030,100,99953,100,100039,100,99950,100,100047,100,99947,100,100049,100,99944,100,100052,100,99941,100,100053,100,99940,200
2019-06-28 09:30:00.000000096,99989,100,99985,100,99992,100,99984,100,99998,100,99983,100,100026,100,99974,100,100030,100,99953,100,100039,100,99950,100,100047,100,99947,100,100049,100,99944,100,100052,100,99941,100,100053,100,99940,200
2019-06-28 09:30:00.000000097,99989,100,99985,100,99992,100,99984,100,99998,100,99983,100,100026,100,99974,100,100030,100,99953,100,100039,100,99950,100,100047,100,99947,100,100049,100,99944,100,100052,100,99941,100,100053,100,99940,200
2019-06-28 09:30:10.000000000,99989,505,99985,505,99992,100,99984,100,99998,100,99983,100,100026,100,99974,100,100030,100,99953,100,100039,100,99950,100,100047,100,99947,100,100049,100,99944,100,100052,100,99941,100,100053,100,99940,200
2019-06-28 09:30:20.000000000,99989,181,99985,181,99992,181,99984,181,99998,181,99983,181,100026,181,99974,181,100030,181,99953,181,100039,100,99950,100,100047,100,99947,100,100049,100,99944,100,100052,100,99941,100,100053,100,99940,200
2019-06-28 09:30:24.063874492,99989,181,99985,181,99992,181,99984,181,99998,181,99983,181,100026,181,99974,181,100030,181,99953,181,100039,100,99950,100,100047,100,99947,100,100049,100,99944,100,100052,100,99941,100,100053,100,99940,200
2019-06-28 09:30:30.000000000,99989,181,99985,181,99992,181,99984,181,99998,181,99983,181,100026,181,99974,181,100030,181,99953,181,100039,100,99950,100,100047,100,99947,100,100049,100,99944,100,100052,100,99941,100,100053,100,99940,200
2019-06-28 09:30:40.000000000,99989,181,99985,181,99992,181,99984,181,99998,181,99983,181,100026,181,99974,181,100030,181,99953,181,100039,100,99950,100,100047,100,99947,100,100049,100,99944,100,100052,100,99941,100,100053,100,99940,200
2019-06-28 09:30:43.250311995,99989,181,99985,81,99992,181,99984,181,99998,181,99983,181,100026,181,99974,181,100030,181,99953,181,100039,100,99950,100,100047,100,99947,100,100049,100,99944,100,100052,100,99941,100,100053,100,99940,200
2019-06-28 09:30:44.193160525,99989,181,99985,81,99992,181,99984,181,99998,181,99983,181,100026,181,99979,100,100030,181,99974,181,100039,100,99953,181,100047,100,99950,100,100049,100,99947,100,100053,100,99944,100,100061,100,99941,100
2019-06-28 09:30:50.000000000,99989,181,99984,181,99992,181,99983,181,99998,181,99979,181,100026,181,99974,181,100030,181,99953,181,100039,100,99950,100,100047,100,99947,100,100049,100,99944,100,100053,100,99941,100,100061,100,99940,200
2019-06-28 09:30:54.955772000,99989,181,99984,181,99992,181,99983,181,99998,181,99979,181,100026,181,99974,181,100030,81,99953,181,100039,100,99950,100,100047,100,99947,100,100049,100,99944,100,100053,100,99941,100,100061,100,99940,200
2019-06-28 09:31:00.000000000,99989,302,99984,302,99992,302,99983,302,99998,100,99979,100,100026,100,99974,100,100039,100,99953,100,100047,100,99950,100,100049,100,99947,100,100053,100,99944,100,100061,100,99941,100,100068,100,99940,200
2019-06-28 09:31:01.882703021,99989,302,99984,302,99992,302,99983,302,99998,100,99979,100,100026,100,99974,100,100047,100,99953,100,100049,100,99950,100,100053,100,99947,100,100061,100,99944,100,100068,100,99941,100,100069,200,99940,200
2019-06-28 09:31:10.000000000,99989,505,99984,505,99992,100,99983,100,99998,100,99979,100,100026,100,99974,100,100047,100,99953,100,100049,100,99950,100,100053,100,99947,100,100061,100,99944,100,100068,100,99941,100,100069,200,99940,200
2019-06-28 09:31:20.000000000,99989,302,99984,302,99992,302,99983,302,99998,100,99979,100,100026,100,99974,100,100047,100,99953,100,100049,100,99950,100,100053,100,99947,100,100061,100,99944,100,100068,100,99941,100,100069,200,99940,200
2019-06-28 09:31:29.404490451,99989,302,99984,202,99992,302,99983,302,99998,100,99979,100,100026,100,99974,100,100047,100,99953,100,100049,100,99950,100,100053,100,99947,100,100061,100,99944,100,100068,100,99941,100,100069,200,99940,200
2019-06-28 09:31:30.000000000,99989,181,99983,181,99992,181,99979,181,99998,181,99974,181,100026,181,99953,181,100047,181,99950,181,100049,100,99947,100,100053,100,99944,100,100061,100,99941,100,100068,100,99940,200,100069,200,99933,100
2019-06-28 09:31:40.000000000,99989,238,99983,238,99992,234,99979,234,99998,234,99974,234,100026,100,99953,100,100047,100,99950,100,100049,100,99947,100,100053,100,99944,100,100061,100,99941,100,100068,100,99940,200,100069,200,99933,100
2019-06-28 09:31:50.000000000,99989,302,99983,302,99992,302,99979,302,99998,100,99974,100,100026,100,99953,100,100047,100,99950,100,100049,100,99947,100,100053,100,99944,100,100061,100,99941,100,100068,100,99940,200,100069,200,99933,100
2019-06-28 09:32:00.000000000,99989,238,99983,238,99992,234,99979,234,99998,234,99974,234,100026,100,99953,100,100047,100,99950,100,100049,100,99947,100,100053,100,99944,100,100061,100,99941,100,100068,100,99940,200,100069,200,99933,100
2019-06-28 09:32:10.000000000,99989,505,99983,505,99992,100,99979,100,99998,100,99974,100,100026,100,99953,100,100047,100,99950,100,100049,100,99947,100,100053,100,99944,100,100061,100,99941,100,100068,100,99940,200,100069,200,99933,100
2019-06-28 09:32:20.000000000,99989,505,99983,505,99992,100,99979,100,99998,100,99974,100,100026,100,99953,100,100047,100,99950,100,100049,100,99947,100,100053,100,99944,100,100061,100,99941,100,100068,100,99940,200,100069,200,99933,100
2019-06-28 09:32:30.000000000,99989,181,99983,181,99992,181,99979,181,99998,181,99974,181,100026,181,99953,181,100047,181,99950,181,100049,100,99947,100,100053,100,99944,100,100061,100,99941,100,100068,100,99940,200,100069,200,99933,100
2019-06-28 09:32:40.000000000,99989,505,99983,505,99992,100,99979,100,99998,100,99974,100,100026,100,99953,100,100047,100,99950,100,100049,100,99947,100,100053,100,99944,100,100061,100,99941,100,100068,100,99940,200,100069,200,99933,100
2019-06-28 09:32:47.514529255,99989,505,99983,405,99992,100,99979,100,99998,100,99974,100,100026,100,99953,100,100047,100,99950,100,100049,100,99947,100,100053,100,99944,100,100061,100,99941,100,100068,100,99940,200,100069,200,99933,100
2019-06-28 09:32:50.000000000,99989,302,99979,302,99992,302,99974,302,99998,100,99953,100,100026,100,99950,100,100047,100,99947,100,100049,100,99944,100,100053,100,99941,100,100061,100,99940,200,100068,100,99933,100,100069,200,99924,100
2019-06-28 09:33:00.000000000,99989,505,99979,505,99992,100,99974,100,99998,100,99953,100,100026,100,99950,100,100047,100,99947,100,100049,100,99944,100,100053,100,99941,100,100061,100,99940,200,100068,100,99933,100,100069,200,99924,100
2019-06-28 09:33:10.000000000,99989,505,99979,505,99992,100,99974,100,99998,100,99953,100,100026,100,99950,100,100047,100,99947,100,100049,100,99944,100,100053,100,99941,100,100061,100,99940,200,100068,100,99933,100,100069,200,99924,100
2019-06-28 09:33:10.654587904,99984,100,99979,505,99989,505,99974,100,99992,100,99953,100,99998,100,99950,100,100026,100,99947,100,100047,100,99944,100,100049,100,99941,100,100053,100,99940,200,100061,100,99933,100,100068,100,99924,100
2019-06-28 09:33:20.000000000,99984,181,99979,181,99989,181,99974,181,99992,181,99953,181,99998,181,99950,181,100026,181,99947,181,100047,100,99944,100,100049,100,99941,100,100053,100,99940,200,100061,100,99933,100,100068,100,99924,100
2019-06-28 09:33:27.416495855,99984,281,99979,181,99989,181,99974,181,99992,181,99953,181,99998,181,99950,181,100026,181,99947,181,100047,100,99944,100,100049,100,99941,100,100053,100,99940,200,100061,100,99933,100,100068,100,99923,100
2019-06-28 09:33:30.000000000,99984,338,99979,238,99989,234,99974,234,99992,234,99953,234,99998,100,99950,100,100026,100,99947,100,100047,100,99944,100,100049,100,99941,100,100053,100,99940,200,100061,100,99933,100,100068,100,99923,100
2019-06-28 09:33:36.743097374,99984,338,99979,138,99989,234,99974,234,99992,234,99953,234,99998,100,99950,100,100026,100,99947,100,100047,100,99944,100,100049,100,99941,100,100053,100,99940,200,100061,100,99933,100,100068,100,99923,100
2019-06-28 09:33:40.000000000,99984,301,99974,201,99989,201,99953,201,99992,201,99950,201,99998,201,99947,201,100026,100,99944,100,100047,100,99941,100,100049,100,99940,200,100053,100,99933,100,100061,100,99923,100,100068,100,99911,200
2019-06-28 09:33:42.998700451,99984,301,99974,101,99989,201,99953,201,99992,201,99950,201,99998,201,99947,201,100026,100,99944,100,100047,100,99941,100,100049,100,99940,200,100053,100,99933,100,100061,100,99923,100,100068,100,99911,200
2019-06-28 09:33:44.681060177,99984,301,99974,1,99989,201,99953,201,99992,201,99950,201,99998,201,99947,201,100026,100,99944,100,100047,100,99941,100,100049,100,99940,200,100053,100,99933,100,100061,100,99923,100,100068,100,99911,200
2019-06-28 09:33:50.000000000,99984,301,99953,201,99989,201,99950,201,99992,201,99947,201,99998,201,99944,201,100026,100,99941,100,100047,100,99940,200,100049,100,99933,100,100053,100,99923,100,100061,100,99911,200,100068,100,99882,100
2019-06-28 09:34:00.000000000,99984,301,99953,201,99989,201,99950,201,99992,201,99947,201,99998,201,99944,201,100026,100,99941,100,100047,100,99940,200,100049,100,99933,100,100053,100,99923,100,100061,100,99911,200,100068,100,99882,100
2019-06-28 09:34:10.000000000,99984,605,99953,505,99989,100,99950,100,99992,100,99947,100,99998,100,99944,100,100026,100,99941,100,100047,100,99940,200,100049,100,99933,100,100053,100,99923,100,100061,100,99911,200,100068,100,99882,100
2019-06-28 09:34:18.148686511,99984,605,99953,505,99989,100,99950,100,99992,100,99947,100,99998,100,99944,100,100026,100,99941,100,100047,100,99940,200,100049,100,99933,100,100053,100,99923,100,100061,100,99911,200,100068,100,99882,100
2019-06-28 09:34:20.000000000,99984,338,99953,238,99989,234,99950,234,99992,234,99947,234,99998,100,99944,100,100026,100,99941,100,100047,100,99940,200,100049,100,99933,100,100053,100,99923,100,100061,100,99911,200,100068,100,99882,100
2019-06-28 09:34:22.610846387,99984,338,99953,138,99989,234,99950,234,99992,234,99947,234,99998,100,99944,100,100026,100,99941,100,100047,100,99940,200,100049,100,99933,100,100053,100,99923,100,100061,100,99911,200,100068,100,99882,100
2019-06-28 09:34:30.000000000,99984,281,99950,181,99989,181,99947,181,99992,181,99944,181,99998,181,99941,181,100026,181,99940,281,100047,100,99933,100,100049,100,99923,100,100053,100,99911,200,100061,100,99882,100,100068,100,99881,100
2019-06-28 09:34:40.000000000,99984,301,99950,201,99989,201,99947,201,99992,201,99944,201,99998,201,99941,201,100026,100,99940,200,100047,100,99933,100,100049,100,99923,100,100053,100,99911,200,100061,100,99882,100,100068,100,99881,100
2019-06-28 09:34:50.000000000,99984,605,99950,505,99989,100,99947,100,99992,100,99944,100,99998,100,99941,100,100026,100,99940,200,100047,100,99933,100,100049,100,99923,100,100053,100,99911,200,100061,100,99882,100,100068,100,99881,100
2019-06-28 09:34:52.072432156,99974,100,99950,505,99984,605,99947,100,99989,100,99944,100,99992,100,99941,100,99998,100,99940,200,100026,100,99933,100,100047,100,99923,100,100049,100,99911,200,100053,100,99882,100,100061,100,99881,100
2019-06-28 09:35:00.000000000,99974,201,99950,201,99984,301,99947,201,99989,201,99944,201,99992,201,99941,201,99998,100,99940,200,100026,100,99933,100,100047,100,99923,100,100049,100,99911,200,100053,100,99882,100,100061,100,99881,100
2019-06-28 09:35:10.000000000,99974,181,99950,181,99984,281,99947,181,99989,181,99944,181,99992,181,99941,181,99998,181,99940,281,100026,100,99933,100,100047,100,99923,100,100049,100,99911,200,100053,100,99882,100,100061,100,99881,100
2019-06-28 09:35:20.000000000,99974,238,99950,238,99984,334,99947,234,99989,234,99944,234,99992,100,99941,100,99998,100,99940,200,100026,100,99933,100,100047,100,99923,100,100049,100,99911,200,100053,100,99882,100,100061,100,99881,100
2019-06-28 09:35:24.068603911,99974,238,99950,138,99984,334,99947,234,99989,234,99944,234,99992,100,99941,100,99998,100,99940,200,100026,100,99933,100,100049,100,99923,100,100053,100,99911,200,100061,100,99882,100,100068,100,99881,100
2019-06-28 09:35:30.000000000,99974,238,99947,238,99984,334,99944,234,99989,234,99941,234,99992,100,99940,200,99998,100,99933,100,100026,100,99923,100,100049,100,99911,200,100053,100,99882,100,100061,100,99881,100,100068,100,99873,100
2019-06-28 09:35:34.244834982,99974,238,99947,238,99984,334,99944,234,99989,234,99941,234,99992,100,99940,200,99998,100,99933,100,100026,100,99923,100,100049,100,99911,200,100053,100,99882,100,100061,100,99881,100,100068,100,99873,100
2019-06-28 09:35:40.000000000,99974,505,99947,505,99984,200,99944,100,99989,100,99941,100,99992,100,99940,200,99998,100,99933,100,100026,100,99923,100,100049,100,99911,200,100053,100,99882,100,100061,100,99881,100,100068,100,99873,100
2019-06-28 09:35:50.000000000,99974,181,99947,181,99984,281,99944,181,99989,181,99941,181,99992,181,99940,281,99998,181,99933,181,100026,100,99923,100,100049,100,99911,200,100053,100,99882,100,100061,100,99881,100,100068,100,99873,100
2019-06-28 09:36:00.000000000,99974,302,99947,302,99984,402,99944,302,99989,100,99941,100,99992,100,99940,200,99998,100,99933,100,100026,100,99923,100,100049,100,99911,200,100053,100,99882,100,100061,100,99881,100,100068,100,99873,100
2019-06-28 09:36:04.821809019,99974,302,99947,302,99984,402,99944,302,99989,100,99941,100,99992,100,99940,200,99998,100,99933,100,100026,100,99923,100,100049,100,99911,100,100053,100,99882,100,100061,100,99881,100,100068,100,99873,100
2019-06-28 09:36:10.000000000,99974,302,99947,302,99984,402,99944,302,99989,100,99941,100,99992,100,99940,200,99998,100,99933,100,100026,100,99923,100,100049,100,99911,100,100053,100,99882,100,100061,100,99881,100,100068,100,99873,100
2019-06-28 09:36:20.000000000,99974,238,99947,238,99984,334,99944,234,99989,234,99941,234,99992,100,99940,200,99998,100,99933,100,100026,100,99923,100,100049,100,99911,100,100053,100,99882,100,100061,100,99881,100,100068,100,99873,100
2019-06-28 09:36:25.604111230,99974,238,99954,100,99984,334,99947,238,99989,234,99944,234,99992,100,99941,234,99998,100,99940,200,100026,100,99933,100,100049,100,99923,100,100053,100,99911,100,100061,100,99882,100,100068,100,99881,100
2019-06-28 09:36:30.000000000,99974,238,99954,238,99984,334,99947,234,99989,234,99944,234,99992,100,99941,100,99998,100,99940,200,100026,100,99933,100,100049,100,99923,100,100053,100,99911,100,100061,100,99882,100,100068,100,99881,100
2019-06-28 09:36:40.000000000,99974,505,99954,505,99984,200,99947,100,99989,100,99944,100,99992,100,99941,100,99998,100,99940,200,100026,100,99933,100,100049,100,99923,100,100053,100,99911,100,100061,100,99882,100,100068,100,99881,100
2019-06-28 09:36:50.000000000,99974,505,99954,505,99984,200,99947,100,99989,100,99944,100,99992,100,99941,100,99998,100,99940,200,100026,100,99933,100,100049,100,99923,100,100053,100,99911,100,100061,100,99882,100,100068,100,99881,100
2019-06-28 09:36:50.727963571,99974,505,99954,405,99984,200,99947,100,99989,100,99944,100,99992,100,99941,100,99998,100,99940,200,100026,100,99933,100,100049,100,99923,100,100053,100,99911,100,100061,100,99882,100,100068,100,99881,100
2019-06-28 09:37:00.000000000,99974,505,99947,505,99984,200,99944,100,99989,100,99941,100,99992,100,99940,200,99998,100,99933,100,100026,100,99923,100,100049,100,99911,100,100053,100,99882,100,100061,100,99881,100,100068,100,99873,100
2019-06-28 09:37:05.212343485,99974,405,99947,505,99984,200,99944,100,99989,100,99941,100,99992,100,99940,200,99998,100,99933,100,100026,100,99923,100,100049,100,99911,100,100053,100,99882,100,100061,100,99881,100,100068,100,99873,100
2019-06-28 09:37:10.000000000,99984,301,99947,201,99989,201,99944,201,99992,201,99941,201,99998,201,99940,301,100026,100,99933,100,100049,100,99923,100,100053,100,99911,100,100061,100,99882,100,100068,100,99881,100,100069,200,99873,100
2019-06-28 09:37:20.000000000,99984,338,99947,238,99989,234,99944,234,99992,234,99941,234,99998,100,99940,200,100026,100,99933,100,100049,100,99923,100,100053,100,99911,100,100061,100,99882,100,100068,100,99881,100,100069,200,99873,100
2019-06-28 09:37:30.000000000,99984,301,99947,201,99989,201,99944,201,99992,201,99941,201,99998,201,99940,301,100026,100,99933,100,100049,100,99923,100,100053,100,99911,100,100061,100,99882,100,100068,100,99881,100,100069,200,99873,100
2019-06-28 09:37:34.777861695,99984,301,99947,201,99989,201,99944,201,99992,201,99941,101,99998,201,99940,301,100026,100,99933,100,100049,100,99923,100,100053,100,99911,100,100061,100,99882,100,100068,100,99881,100,100069,200,99873,100
2019-06-28 09:37:40.000000000,99984,281,99947,181,99989,181,99944,181,99992,181,99940,281,99998,181,99933,181,100026,181,99923,181,100049,100,99911,100,100053,100,99882,100,100061,100,99881,100,100068,100,99873,100,100069,200,99872,100
2019-06-28 09:37:50.000000000,99984,338,99947,238,99989,234,99944,234,99992,234,99940,334,99998,100,99933,100,100026,100,99923,100,100049,100,99911,100,100053,100,99882,100,100061,100,99881,100,100068,100,99873,100,100069,200,99872,100
2019-06-28 09:38:00.000000000,99984,605,99947,505,99989,100,99944,100,99992,100,99940,200,99998,100,99933,100,100026,100,99923,100,100049,100,99911,100,100053,100,99882,100,100061,100,99881,100,100068,100,99873,100,100069,200,99872,100
2019-06-28 09:38:10.000000000,99984,402,99947,302,99989,302,99944,302,99992,100,99940,200,99998,100,99933,100,100026,100,99923,100,100049,100,99911,100,100053,100,99882,100,100061,100,99881,100,100068,100,99873,100,100069,200,99872,100
2019-06-28 09:38:20.000000000,99984,402,99947,302,99989,302,99944,302,99992,100,99940,200,99998,100,99933,100,100026,100,99923,100,100049,100,99911,100,100053,100,99882,100,100061,100,99881,100,100068,100,99873,100,100069,200,99872,100
2019-06-28 09:38:24.071896503,99973,100,99947,302,99984,402,99944,302,99989,302,99940,200,99992,100,99933,100,99998,100,99923,100,100026,100,99911,100,100049,100,99882,100,100053,100,99881,100,100061,100,99873,100,100068,100,99872,100
2019-06-28 09:38:30.000000000,99973,505,99947,505,99984,200,99944,100,99989,100,99940,200,99992,100,99933,100,99998,100,99923,100,100026,100,99911,100,100049,100,99882,100,100053,100,99881,100,100061,100,99873,100,100068,100,99872,100
2019-06-28 09:38:32.831809929,99973,505,99947,405,99984,200,99944,100,99989,100,99940,200,99992,100,99933,100,99998,100,99923,100,100026,100,99911,100,100049,100,99882,100,100053,100,99881,100,100061,100,99873,100,100068,100,99872,100
2019-06-28 09:38:40.000000000,99973,201,99944,201,99984,301,99940,301,99989,201,99933,201,99992,201,99923,201,99998,100,99911,100,100026,100,99882,100,100049,100,99881,100,100053,100,99873,100,100061,100,99872,100,100068,100,99846,100
2019-06-28 09:38:50.000000000,99973,238,99944,238,99984,334,99940,334,99989,234,99933,234,99992,100,99923,100,99998,100,99911,100,100026,100,99882,100,100049,100,99881,100,100053,100,99873,100,100061,100,99872,100,100068,100,99846,100
2019-06-28 09:38:50.753423338,99973,238,99944,238,99984,334,99940,334,99989,234,99933,134,99992,100,99923,100,99998,100,99911,100,100026,100,99882,100,100049,100,99881,100,100053,100,99873,100,100061,100,99872,100,100068,100,99846,100
2019-06-28 09:39:00.000000000,99973,181,99944,181,99984,281,99940,281,99989,181,99923,181,99992,181,99911,181,99998,181,99882,181,100026,100,99881,100,100049,100,99873,100,100053,100,99872,100,100061,100,99846,100,100068,100,99812,100
2019-06-28 09:39:05.597854672,99973,181,99944,81,99984,281,99940,281,99989,181,99923,181,99992,181,99911,181,99998,181,99882,181,100026,100,99881,100,100049,100,99873,100,100053,100,99872,100,100061,100,99846,100,100068,100,99812,100
2019-06-28 09:39:10.000000000,99973,181,99940,281,99984,281,99923,181,99989,181,99911,181,99992,181,99882,181,99998,181,99881,181,100026,100,99873,100,100049,100,99872,100,100053,100,99846,100,100061,100,99812,100,100068,100,99721,100
2019-06-28 09:39:12.063099899,99973,181,99940,281,99984,281,99923,181,99989,181,99911,181,99992,181,99882,181,99998,181,99881,181,100026,100,99873,100,100049,100,99872,100,100053,100,99846,100,100061,100,99812,100,100068,100,99721,100
2019-06-28 09:39:20.000000000,99973,201,99940,301,99984,301,99923,201,99989,201,99911,201,99992,201,99882,201,99998,100,99881,100,100026,100,99873,100,100049,100,99872,100,100053,100,99846,100,100061,100,99812,100,100068,100,99721,100
2019-06-28 09:39:22.009372435,99973,201,99940,301,99984,301,99923,201,99989,201,99911,201,99992,201,99882,201,99998,100,99881,100,100026,100,99873,100,100049,100,99872,100,100053,100,99846,100,100061,100,99812,100,100068,100,99721,100
2019-06-28 09:39:27.547014192,99973,201,99940,301,99984,301,99923,201,99989,201,99911,201,99992,201,99882,201,99998,100,99881,100,100026,100,99873,100,100049,100,99872,100,100053,100,99846,100,100061,100,99812,100,100068,100,99721,100
2019-06-28 09:39:30.000000000,99973,201,99940,301,99984,301,99923,201,99989,201,99911,201,99992,201,99882,201,99998,100,99881,100,100026,100,99873,100,100049,100,99872,100,100053,100,99846,100,100061,100,99812,100,100068,100,99721,100
2019-06-28 09:39:40.000000000,99973,505,99940,605,99984,200,99923,100,99989,100,99911,100,99992,100,99882,100,99998,100,99881,100,100026,100,99873,100,100049,100,99872,100,100053,100,99846,100,100061,100,99812,100,100068,100,99721,100
2019-06-28 09:39:49.129249726,99973,505,99940,505,99984,200,99923,100,99989,100,99911,100,99992,100,99882,100,99998,100,99881,100,100026,100,99873,100,100049,100,99872,100,100053,100,99846,100,100061,100,99812,100,100068,100,99721,100
2019-06-28 09:39:50.000000000,99973,201,99940,201,99984,301,99923,201,99989,201,99911,201,99992,201,99882,201,99998,100,99881,100,100026,100,99873,100,100049,100,99872,100,100053,100,99846,100,100061,100,99812,100,100068,100,99721,100
2019-06-28 09:39:51.219553258,99973,201,99940,201,99984,301,99923,201,99989,201,99911,201,99992,201,99882,201,99998,100,99881,100,100026,100,99873,100,100049,100,99872,100,100053,100,99846,100,100061,100,99721,100,100068,100,99505,100
2019-06-28 09:40:00.000000000,99973,181,99940,181,99984,281,99923,181,99989,181,99911,181,99992,181,99882,181,99998,181,99881,181,100026,100,99873,100,100049,100,99872,100,100053,100,99846,100,100061,100,99721,100,100068,100,99505,100
2019-06-28 09:40:10.000000000,99973,238,99940,238,99984,334,99923,234,99989,234,99911,234,99992,100,99882,100,99998,100,99881,100,100026,100,99873,100,100049,100,99872,100,100053,100,99846,100,100061,100,99721,100,100068,100,99505,100
2019-06-28 09:40:11.828085774,99973,238,99940,138,99984,334,99923,234,99989,234,99911,234,99992,100,99882,100,99998,100,99873,100,100026,100,99872,100,100049,100,99846,100,100053,100,99721,100,100061,100,99505,100,100068,100,99359,100
2019-06-28 09:40:20.000000000,99973,238,99923,238,99984,334,99911,234,99989,234,99882,234,99992,100,99873,100,99998,100,99872,100,100026,100,99846,100,100049,100,99721,100,100053,100,99505,100,100061,100,99359,100,100068,100,99186,100
2019-06-28 09:40:30.000000000,99973,201,99923,201,99984,301,99911,201,99989,201,99882,201,99992,201,99873,201,99998,100,99872,100,100026,100,99846,100,100049,100,99721,100,100053,100,99505,100,100061,100,99359,100,100068,100,99186,100
2019-06-28 09:40:35.860216344,99973,201,99923,101,99984,301,99911,201,99989,201,99882,201,99992,201,99873,201,99998,100,99872,100,100026,100,99846,100,100049,100,99721,100,100053,100,99505,100,100061,100,99359,100,100068,100,99186,100
2019-06-28 09:40:36.908632397,99940,100,99923,101,99973,201,99911,201,99984,301,99882,201,99989,201,99873,201,99992,201,99872,100,99998,100,99846,100,100049,100,99721,100,100053,100,99505,100,100061,100,99359,100,100068,100,99186,100
2019-06-28 09:40:40.000000000,99940,201,99911,201,99973,201,99882,201,99984,301,99873,201,99989,201,99872,201,99992,100,99846,100,99998,100,99721,100,100049,100,99505,100,100053,100,99359,100,100061,100,99186,100,100068,100,99130,100
2019-06-28 09:40:50.000000000,99940,181,99911,181,99973,181,99882,181,99984,281,99873,181,99989,181,99872,181,99992,181,99846,181,99998,100,99721,100,100049,100,99505,100,100053,100,99359,100,100061,100,99186,100,100068,100,99130,100
2019-06-28 09:41:00.000000000,99940,302,99911,302,99973,302,99882,302,99984,200,99873,100,99989,100,99872,100,99992,100,99846,100,99998,100,99721,100,100049,100,99505,100,100053,100,99359,100,100061,100,99186,100,100068,100,99130,100
2019-06-28 09:41:10.000000000,99940,505,99911,505,99973,100,99882,100,99984,200,99873,100,99989,100,99872,100,99992,100,99846,100,99998,100,99721,100,100049,100,99505,100,100053,100,99359,100,100061,100,99186,100,100068,100,99130,100
2019-06-28 09:41:16.737433888,99940,405,99911,405,99973,100,99882,100,99984,200,99873,100,99989,100,99872,100,99992,100,99846,100,99998,100,99721,100,100049,100,99505,100,100053,100,99359,100,100061,100,99186,100,100068,100,99130,100
2019-06-28 09:41:20.000000000,99973,238,99882,238,99984,334,99873,234,99989,234,99872,234,99992,100,99846,100,99998,100,99721,100,100049,100,99505,100,100053,100,99359,100,100061,100,99186,100,100068,100,99130,100,100069,200,,
2019-06-28 09:41:27.853167212,99973,138,99882,238,99984,334,99873,234,99989,234,99872,234,99992,100,99846,100,99998,100,99721,100,100049,100,99505,100,100053,100,99359,100,100061,100,99186,100,100068,100,99130,100,100069,200,,
2019-06-28 09:41:30.000000000,99984,281,99882,181,99989,181,99873,181,99992,181,99872,181,99998,181,99846,181,100049,181,99721,181,100053,100,99505,100,100061,100,99359,100,100068,100,99186,100,100069,200,99130,100,100070,100,,
2019-06-28 09:41:38.848229731,99984,281,99882,181,99989,181,99873,181,99992,181,99872,181,99997,100,99846,181,99998,181,99721,181,100049,181,99505,100,100053,100,99359,100,100061,100,99186,100,100068,100,99130,100,100069,200,,
2019-06-28 09:41:40.000000000,99984,301,99882,201,99989,201,99873,201,99992,201,99872,201,99997,201,99846,201,99998,100,99721,100,100049,100,99505,100,100053,100,99359,100,100061,100,99186,100,100068,100,99130,100,100069,200,,
2019-06-28 09:41:40.390138904,99984,301,99882,201,99989,201,99873,201,99992,201,99872,201,99997,201,99846,201,99998,100,99721,100,100049,100,99505,100,100053,100,99359,100,100061,100,99186,100,100069,200,99130,100,100070,100,,
2019-06-28 09:41:40.603538303,99984,301,99882,201,99989,201,99873,201,99992,201,99872,201,99997,201,99846,201,99998,100,99721,100,100049,100,99505,100,100053,100,99359,100,100061,100,99186,100,100069,200,99130,100,100070,100,,
2019-06-28 09:41:50.000000000,99984,301,99882,201,99989,201,99873,201,99992,201,99872,201,99997,201,99846,201,99998,100,99721,100,100049,100,99505,100,100053,100,99359,100,100061,100,99186,100,100069,200,99130,100,100070,100,,
2019-06-28 09:42:00.000000000,99984,605,99882,505,99989,100,99873,100,99992,100,99872,100,99997,100,99846,100,99998,100,99721,100,100049,100,99505,100,100053,100,99359,100,100061,100,99186,100,100069,200,99130,100,100070,100,,
2019-06-28 09:42:10.000000000,99984,301,99882,201,99989,201,99873,201,99992,201,99872,201,99997,201,99846,201,99998,100,99721,100,100049,100,99505,100,100053,100,99359,100,100061,100,99186,100,100069,200,99130,100,100070,100,,
2019-06-28 09:42:14.714371398,99984,301,99940,100,99989,201,99882,201,99992,201,99873,201,99997,201,99872,201,99998,100,99846,201,100053,100,99721,100,100061,100,99505,100,100069,200,99359,100,100070,100,99186,100,100084,100,99130,100
2019-06-28 09:42:17.825793702,99962,100,99940,100,99984,301,99882,201,99989,201,99873,101,99992,201,99872,201,99997,201,99846,201,99998,100,99721,100,100053,100,99505,100,100061,100,99359,100,100069,200,99186,100,100070,100,99130,100
2019-06-28 09:42:20.000000000,99962,238,99940,238,99984,334,99882,234,99989,234,99872,234,99992,100,99846,100,99997,100,99721,100,99998,100,99505,100,100053,100,99359,100,100061,100,99186,100,100069,200,99130,100,100070,100,,
2019-06-28 09:42:24.516405381,99962,238,99940,338,99984,334,99882,234,99989,234,99872,234,99992,100,99846,100,99997,100,99721,100,99998,100,99505,100,100053,100,99359,100,100061,100,99186,100,100069,200,99130,100,100070,100,,
2019-06-28 09:42:30.000000000,99962,238,99940,338,99984,334,99882,234,99989,234,99872,234,99992,100,99846,100,99997,100,99721,100,99998,100,99505,100,100053,100,99359,100,100061,100,99186,100,100069,200,99130,100,100070,100,,
2019-06-28 09:42:40.000000000,99962,505,99940,605,99984,200,99882,100,99989,100,99872,100,99992,100,99846,100,99997,100,99721,100,99998,100,99505,100,100053,100,99359,100,100061,100,99186,100,100069,200,99130,100,100070,100,,
2019-06-28 09:42:50.000000000,99962,505,99940,605,99984,200,99882,100,99989,100,99872,100,99992,100,99846,100,99997,100,99721,100,99998,100,99505,100,100053,100,99359,100,100061,100,99186,100,100069,200,99130,100,100070,100,,
2019-06-28 09:42:50.576326917,99962,505,99940,605,99984,200,99882,100,99989,100,99872,100,99992,100,99846,100,99997,100,99721,100,99998,100,99505,100,100053,100,99359,100,100061,100,99186,100,100069,200,99130,100,100070,100,,
2019-06-28 09:42:51.707941944,99962,405,99940,605,99984,200,99882,100,99989,100,99872,100,99992,100,99846,100,99997,100,99721,100,99998,100,99505,100,100053,100,99359,100,100061,100,99186,100,100069,200,99130,100,100070,100,,
2019-06-28 09:43:00.000000000,99984,338,99940,338,99989,234,99882,234,99992,234,99872,234,99997,100,99846,100,99998,100,99721,100,100053,100,99505,100,100061,100,99359,100,100069,200,99186,100,100070,100,99130,100,100084,100,,
2019-06-28 09:43:01.371551492,99984,338,99961,100,99989,234,99940,338,99992,234,99882,234,99997,100,99872,234,99998,100,99846,100,100053,100,99721,100,100061,100,99505,100,100069,200,99359,100,100070,100,99186,100,100084,100,99130,100
2019-06-28 09:43:10.000000000,99984,338,99961,238,99989,234,99940,334,99992,234,99882,234,99997,100,99872,100,99998,100,99846,100,100053,100,99721,100,100061,100,99505,100,100069,200,99359,100,100070,100,99186,100,100084,100,99130,100
2019-06-28 09:43:11.431765465,99984,338,99961,238,99989,234,99940,334,99992,234,99882,234,99997,100,99872,100,99998,100,99846,100,100053,100,99721,100,100061,100,99505,100,100069,200,99359,100,100070,100,99186,100,100084,100,99130,100
2019-06-28 09:43:15.250646315,99984,338,99962,100,99989,234,99961,238,99992,234,99940,334,99997,100,99882,234,99998,100,99872,100,100053,100,99846,100,100061,100,99721,100,100069,200,99505,100,100070,100,99359,100,100084,100,99186,100
2019-06-28 09:43:18.399882693,99984,338,99962,200,99989,234,99961,238,99992,234,99940,334,99997,100,99882,234,99998,100,99872,100,100053,100,99846,100,100061,100,99721,100,100069,200,99505,100,100070,100,99359,100,100084,100,99186,100
2019-06-28 09:43:20.000000000,99984,402,99962,402,99989,302,99961,302,99992,100,99940,200,99997,100,99882,100,99998,100,99872,100,100053,100,99846,100,100061,100,99721,100,100069,200,99505,100,100070,100,99359,100,100084,100,99186,100
2019-06-28 09:43:27.373412436,99984,402,99962,402,99989,302,99961,302,99992,100,99940,200,99997,100,99882,100,99998,100,99872,100,100053,100,99846,100,100061,100,99721,100,100069,200,99505,100,100070,100,99359,100,100084,100,99186,100
2019-06-28 09:43:30.000000000,99984,338,99962,338,99989,234,99961,234,99992,234,99940,334,99997,100,99882,100,99998,100,99872,100,100053,100,99846,100,100061,100,99721,100,100069,200,99505,100,100070,100,99359,100,100084,100,99186,100
2019-06-28 09:43:40.000000000,99984,301,99962,301,99989,201,99961,201,99992,201,99940,301,99997,201,99882,201,99998,100,99872,100,100053,100,99846,100,100061,100,99721,100,100069,200,99505,100,100070,100,99359,100,100084,100,99186,100
2019-06-28 09:43:40.382996736,99984,301,99962,301,99989,201,99961,201,99992,201,99940,301,99997,201,99882,201,99998,100,99872,100,100053,100,99846,100,100061,100,99721,100,100069,200,99505,100,100070,100,99359,100,100084,100,99186,100
2019-06-28 09:43:50.000000000,99984,605,99962,605,99989,100,99961,100,99992,100,99940,200,99997,100,99882,100,99998,100,99872,100,100053,100,99846,100,100061,100,99721,100,100069,200,99505,100,100070,100,99359,100,100084,100,99186,100
2019-06-28 09:43:55.437134412,99984,505,99962,605,99989,100,99961,100,99992,100,99940,200,99997,100,99882,100,99998,100,99872,100,100053,100,99846,100,100061,100,99721,100,100069,200,99505,100,100070,100,99359,100,100084,100,99186,100
2019-06-28 09:44:00.000000000,99984,181,99962,281,99989,181,99961,181,99992,181,99940,281,99997,181,99882,181,99998,181,99872,181,100053,100,99846,100,100061,100,99721,100,100069,200,99505,100,100070,100,99359,100,100084,100,99186,100
2019-06-28 09:44:05.218413156,99984,81,99962,281,99989,181,99961,181,99992,181,99940,281,99997,181,99882,181,99998,181,99872,181,100053,100,99846,100,100061,100,99721,100,100069,200,99505,100,100070,100,99359,100,100084,100,99186,100
2019-06-28 09:44:06.056675141,99989,181,99984,19,99992,181,99962,281,99997,181,99961,181,99998,181,99940,281,100053,100,99882,181,100061,100,99872,181,100069,200,99846,100,100070,100,99721,100,100084,100,99505,100,100089,100,99359,100
2019-06-28 09:44:10.000000000,99989,181,99984,100,99992,181,99962,281,99997,181,99961,181,99998,181,99940,281,100053,181,99882,181,100061,100,99872,100,100069,200,99846,100,100070,100,99721,100,100084,100,99505,100,100089,100,99359,100
2019-06-28 09:44:17.016236617,99989,81,99984,100,99992,181,99962,281,99997,181,99961,181,99998,181,99940,281,100053,181,99882,181,100061,100,99872,100,100069,200,99846,100,100070,100,99721,100,100084,100,99505,100,100089,100,99359,100
2019-06-28 09:44:20.000000000,99992,238,99984,157,99997,234,99962,334,99998,234,99961,234,100053,100,99940,200,100061,100,99882,100,100069,200,99872,100,100070,100,99846,100,100084,100,99721,100,100089,100,99505,100,100090,100,99359,100
2019-06-28 09:44:20.514199818,99992,238,99984,157,99997,234,99962,334,99998,234,99961,234,100053,100,99940,200,100061,100,99882,100,100069,200,99872,100,100070,100,99846,100,100084,100,99721,100,100089,100,99505,100,100090,100,99359,100
2019-06-28 09:44:28.456096312,99992,138,99984,157,99997,234,99962,334,99998,234,99961,234,100053,100,99940,200,100061,100,99882,100,100069,200,99872,100,100070,100,99721,100,100084,100,99505,100,100089,100,99359,100,100090,100,99186,100
2019-06-28 09:44:30.000000000,99997,302,99984,221,99998,302,99962,402,100053,100,99961,100,100061,100,99940,200,100069,200,99882,100,100070,100,99872,100,100084,100,99721,100,100089,100,99505,100,100090,100,99359,100,100103,100,99186,100
2019-06-28 09:44:32.273749955,99997,302,99984,221,99998,302,99962,402,100053,100,99961,100,100061,100,99940,200,100069,200,99882,100,100070,100,99872,100,100084,100,99721,100,100089,100,99505,100,100090,100,99359,100,100103,100,99186,100
2019-06-28 09:44:39.949138011,99997,202,99984,221,99998,302,99962,402,100053,100,99961,100,100061,100,99940,200,100069,200,99882,100,100070,100,99872,100,100084,100,99721,100,100089,100,99359,100,100090,100,99186,100,100103,100,99130,100
2019-06-28 09:44:40.000000000,99998,238,99984,157,100053,234,99962,334,100061,234,99961,234,100069,200,99940,200,100070,100,99882,100,100084,100,99872,100,100089,100,99721,100,100090,100,99359,100,100103,100,99186,100,100128,100,99130,100
2019-06-28 09:44:40.336980620,99998,238,99984,157,100053,234,99962,334,100061,234,99961,234,100069,200,99940,200,100070,100,99882,100,100084,100,99872,100,100089,100,99721,100,100090,100,99359,100,100128,100,99186,100,100143,100,99130,100
2019-06-28 09:44:44.433059197,99998,238,99992,100,100053,234,99984,157,100061,234,99962,334,100069,200,99961,234,100070,100,99940,200,100084,100,99882,100,100089,100,99872,100,100090,100,99721,100,100128,100,99359,100,100143,100,99186,100
2019-06-28 09:44:50.000000000,99998,201,99992,201,100053,201,99984,120,100061,201,99962,301,100069,301,99961,201,100070,100,99940,200,100084,100,99882,100,100089,100,99872,100,100090,100,99721,100,100128,100,99359,100,100143,100,99186,100
2019-06-28 09:44:57.409628821,99998,201,99992,201,100053,201,99984,120,100061,201,99962,301,100069,301,99961,201,100070,100,99940,200,100084,100,99882,100,100089,100,99872,100,100090,100,99721,100,100128,100,99359,100,100143,100,99186,100
2019-06-28 09:45:00.000000000,99998,181,99992,181,100053,181,99984,100,100061,181,99962,281,100069,281,99961,181,100070,181,99940,281,100084,100,99882,100,100089,100,99872,100,100090,100,99721,100,100128,100,99359,100,100143,100,99186,100
2019-06-28 09:45:10.000000000,99998,505,99992,505,100053,100,99984,19,100061,100,99962,200,100069,200,99961,100,100070,100,99940,200,100084,100,99882,100,100089,100,99872,100,100090,100,99721,100,100128,100,99359,100,100143,100,99186,100
2019-06-28 09:45:20.000000000,99998,201,99992,201,100053,201,99984,120,100061,201,99962,301,100069,301,99961,201,100070,100,99940,200,100084,100,99882,100,100089,100,99872,100,100090,100,99721,100,100128,100,99359,100,100143,100,99186,100
2019-06-28 09:45:20.854762807,99998,101,99992,201,100053,201,99984,120,100061,201,99962,301,100069,301,99961,201,100070,100,99940,200,100084,100,99882,100,100089,100,99872,100,100090,100,99721,100,100128,100,99359,100,100143,100,99186,100
2019-06-28 09:45:26.197878768,99998,101,99997,100,100053,201,99992,201,100061,201,99984,120,100069,301,99962,301,100070,100,99961,201,100084,100,99940,200,100089,100,99882,100,100090,100,99872,100,100128,100,99721,100,100143,100,99359,100
2019-06-28 09:45:27.803010697,99998,101,99992,201,100053,201,99984,120,100061,201,99962,301,100069,301,99961,101,100070,100,99940,200,100084,100,99882,100,100089,100,99872,100,100090,100,99721,100,100128,100,99359,100,100143,100,99186,100
2019-06-28 09:45:30.000000000,100053,238,99992,238,100061,234,99984,153,100069,334,99962,334,100070,100,99940,200,100084,100,99882,100,100089,100,99872,100,100090,100,99721,100,100128,100,99359,100,100143,100,99186,100,100144,100,99130,100
2019-06-28 09:45:36.083201028,100053,138,99992,238,100061,234,99984,153,100069,334,99962,334,100070,100,99940,200,100084,100,99882,100,100089,100,99872,100,100090,100,99721,100,100128,100,99359,100,100143,100,99186,100,100390,100,99130,100
2019-06-28 09:45:40.000000000,100061,302,99992,302,100069,402,99984,221,100070,100,99962,200,100084,100,99940,200,100089,100,99882,100,100090,100,99872,100,100128,100,99721,100,100143,100,99359,100,100390,100,99186,100,100395,100,99130,100
2019-06-28 09:45:45.442382069,100061,302,99992,302,100069,402,99984,221,100070,100,99962,100,100084,100,99940,200,100089,100,99882,100,100090,100,99872,100,100128,100,99721,100,100143,100,99359,100,100390,100,99186,100,100395,100,99130,100
2019-06-28 09:45:50.000000000,100061,302,99992,302,100069,402,99984,221,100070,100,99962,100,100084,100,99940,200,100089,100,99882,100,100090,100,99872,100,100128,100,99721,100,100143,100,99359,100,100390,100,99186,100,100395,100,99130,100
2019-06-28 09:45:59.035467100,100061,202,99992,302,100069,402,99984,221,100070,100,99962,100,100084,100,99940,200,100089,100,99882,100,100090,100,99872,100,100128,100,99721,100,100143,100,99359,100,100390,100,99186,100,100489,100,99130,100
2019-06-28 09:46:00.000000000,100069,301,99992,201,100070,201,99984,120,100084,201,99962,201,100089,201,99940,301,100090,100,99882,100,100128,100,99872,100,100143,100,99721,100,100390,100,99359,100,100489,100,99186,100,100607,100,99130,100
2019-06-28 09:46:09.005822867,100064,100,99992,201,100069,301,99984,120,100070,201,99962,201,100084,201,99940,301,100089,201,99882,100,100090,100,99872,100,100128,100,99721,100,100143,100,99359,100,100390,100,99186,100,100489,100,99130,100
2019-06-28 09:46:10.000000000,100064,181,99992,181,100069,281,99984,100,100070,181,99962,181,100084,181,99940,281,100089,181,99882,181,100090,100,99872,100,100128,100,99721,100,100143,100,99359,100,100390,100,99186,100,100489,100,99130,100
2019-06-28 09:46:20.000000000,100064,505,99992,505,100069,200,99984,19,100070,100,99962,100,100084,100,99940,200,100089,100,99882,100,100090,100,99872,100,100128,100,99721,100,100143,100,99359,100,100390,100,99186,100,100489,100,99130,100
2019-06-28 09:46:29.820437059,100064,505,99992,505,100069,200,99984,19,100070,100,99962,100,100084,100,99940,200,100089,100,99882,100,100090,100,99872,100,100128,100,99721,100,100143,100,99566,100,100390,100,99359,100,100489,100,99186,100
2019-06-28 09:46:30.000000000,100064,505,99992,505,100069,200,99984,19,100070,100,99962,100,100084,100,99940,200,100089,100,99882,100,100090,100,99872,100,100128,100,99721,100,100143,100,99566,100,100390,100,99359,100,100489,100,99186,100
2019-06-28 09:46:30.678073524,100064,505,99992,405,100069,200,99984,19,100084,100,99962,100,100089,100,99940,200,100090,100,99882,100,100128,100,99872,100,100143,100,99721,100,100390,100,99566,100,100489,100,99359,100,100607,100,99186,100
2019-06-28 09:46:40.000000000,100064,302,99984,221,100069,402,99962,302,100084,100,99940,200,100089,100,99882,100,100090,100,99872,100,100128,100,99721,100,100143,100,99566,100,100390,100,99359,100,100489,100,99186,100,100607,100,99130,100
2019-06-28 09:46:50.000000000,100064,201,99984,120,100069,301,99962,201,100084,201,99940,301,100089,201,99882,201,100090,100,99872,100,100128,100,99721,100,100143,100,99566,100,100390,100,99359,100,100489,100,99186,100,100607,100,99130,100
2019-06-28 09:46:55.167132648,100064,201,99984,20,100069,301,99962,201,100084,201,99940,301,100089,201,99882,201,100090,100,99872,100,100128,100,99721,100,100143,100,99566,100,100489,100,99359,100,100607,100,99186,100,100663,100,99130,100
2019-06-28 09:47:00.000000000,100064,201,99962,201,100069,301,99940,301,100084,201,99882,201,100089,201,99872,201,100090,100,99721,100,100128,100,99566,100,100143,100,99359,100,100489,100,99186,100,100607,100,99130,100,100663,100,,
2019-06-28 09:47:03.415497144,99992,100,99962,201,100064,201,99940,201,100069,301,99882,201,100084,201,99872,201,100089,201,99721,100,100090,100,99566,100,100128,100,99359,100,100143,100,99186,100,100489,100,99130,100,100607,100,,
2019-06-28 09:47:04.417076322,99992,200,99962,201,100064,201,99940,201,100069,301,99882,201,100084,201,99872,201,100089,201,99721,100,100090,100,99566,100,100128,100,99359,100,100143,100,99186,100,100489,100,99130,100,100607,100,,
2019-06-28 09:47:10.000000000,99992,301,99962,201,100064,201,99940,201,100069,301,99882,201,100084,201,99872,201,100089,100,99721,100,100090,100,99566,100,100128,100,99359,100,100143,100,99186,100,100489,100,99130,100,100607,100,,
2019-06-28 09:47:20.000000000,99992,281,99962,181,100064,181,99940,181,100069,281,99882,181,100084,181,99872,181,100089,181,99721,181,100090,100,99566,100,100128,100,99359,100,100143,100,99186,100,100489,100,99130,100,100607,100,,
2019-06-28 09:47:20.004715430,99992,381,99962,181,100064,181,99940,181,100069,281,99882,181,100084,181,99872,181,100089,181,99721,181,100090,100,99566,100,100128,100,99359,100,100143,100,99186,100,100489,100,99130,100,100607,100,,
2019-06-28 09:47:28.981242889,99992,381,99962,81,100064,181,99940,181,100069,281,99882,181,100084,181,99872,181,100089,181,99721,181,100090,100,99566,100,100128,100,99359,100,100143,100,99186,100,100489,100,99130,100,100607,100,,
2019-06-28 09:47:30.000000000,99992,502,99940,302,100064,302,99882,302,100069,200,99872,100,100084,100,99721,100,100089,100,99566,100,100090,100,99359,100,100128,100,99186,100,100143,100,99130,100,100489,100,,,100607,100,,
2019-06-28 09:47:40.000000000,99992,381,99940,181,100064,181,99882,181,100069,281,99872,181,100084,181,99721,181,100089,181,99566,181,100090,100,99359,100,100128,100,99186,100,100143,100,99130,100,100489,100,,,100607,100,,
2019-06-28 09:47:41.775563166,99992,381,99940,181,100064,181,99882,181,100069,281,99872,181,100084,181,99721,181,100089,181,99566,181,100090,100,99359,100,100128,100,99186,100,100143,100,99130,100,100206,100,,,100489,100,,
2019-06-28 09:47:50.000000000,99992,401,99940,201,100064,201,99882,201,100069,301,99872,201,100084,201,99721,201,100089,100,99566,100,100090,100,99359,100,100128,100,99186,100,100143,100,99130,100,100206,100,,,100489,100,,
2019-06-28 09:47:50.006445833,99992,301,99940,201,100064,201,99882,201,100069,301,99872,201,100084,201,99721,201,100089,100,99566,100,100090,100,99359,100,100143,100,99186,100,100206,100,99130,100,100489,100,,,100607,100,,
2019-06-28 09:48:00.000000000,99992,301,99940,201,100064,201,99882,201,100069,301,99872,201,100084,201,99721,201,100089,100,99566,100,100090,100,99359,100,100143,100,99186,100,100206,100,99130,100,100489,100,,,100607,100,,
2019-06-28 09:48:00.518555067,99992,301,99940,201,100064,201,99882,201,100069,301,99872,201,100084,201,99721,201,100089,100,99710,100,100090,100,99566,100,100143,100,99359,100,100206,100,99186,100,100489,100,99130,100,100607,100,,
2019-06-28 09:48:10.000000000,99992,402,99940,302,100064,302,99882,302,100069,200,99872,100,100084,100,99721,100,100089,100,99710,100,100090,100,99566,100,100143,100,99359,100,100206,100,99186,100,100489,100,99130,100,100607,100,,
2019-06-28 09:48:12.625689944,99992,302,99940,302,100064,302,99882,302,100069,100,99872,100,100084,100,99721,100,100089,100,99710,100,100090,100,99566,100,100143,100,99359,100,100206,100,99186,100,100489,100,99130,100,100607,100,,
2019-06-28 09:48:18.494082573,99992,202,99940,302,100064,302,99882,302,100069,100,99872,100,100084,100,99721,100,100089,100,99710,100,100090,100,99566,100,100143,100,99359,100,100206,100,99186,100,100489,100,99130,100,100607,100,,
2019-06-28 09:48:20.000000000,100064,181,99940,181,100069,181,99882,181,100084,181,99872,181,100089,181,99721,181,100090,181,99710,181,100143,100,99566,100,100206,100,99359,100,100489,100,99186,100,100607,100,99130,100,100663,100,,
2019-06-28 09:48:30.000000000,100064,181,99940,181,100069,181,99882,181,100084,181,99872,181,100089,181,99721,181,100090,181,99710,181,100143,100,99566,100,100206,100,99359,100,100489,100,99186,100,100607,100,99130,100,100663,100,,
2019-06-28 09:48:35.795367389,100064,181,99992,100,100069,181,99940,181,100084,181,99882,181,100089,181,99872,181,100090,181,99721,181,100143,100,99710,181,100206,100,99566,100,100489,100,99359,100,100607,100,99186,100,100663,100,99130,100
2019-06-28 09:48:40.000000000,100064,181,99992,181,100069,181,99940,181,100084,181,99882,181,100089,181,99872,181,100090,181,99721,181,100143,100,99710,100,100206,100,99566,100,100489,100,99359,100,100607,100,99186,100,100663,100,99130,100
2019-06-28 09:48:50.000000000,100064,505,99992,505,100069,100,99940,100,100084,100,99882,100,100089,100,99872,100,100090,100,99721,100,100143,100,99710,100,100206,100,99566,100,100489,100,99359,100,100607,100,99186,100,100663,100,99130,100
2019-06-28 09:48:56.857639521,100064,405,99992,505,100069,100,99940,100,100084,100,99882,100,100089,100,99872,100,100090,100,99721,100,100143,100,99710,100,100489,100,99566,100,100607,100,99359,100,100663,100,99186,100,,,99130,100
2019-06-28 09:49:00.000000000,100069,201,99992,201,100084,201,99940,201,100089,201,99882,201,100090,201,99872,201,100143,100,99721,100,100489,100,99710,100,100607,100,99566,100,100663,100,99359,100,,,99186,100,,,99130,100
2019-06-28 09:49:02.957320313,100069,201,99992,201,100084,201,99940,201,100089,201,99882,201,100090,201,99872,201,100143,100,99721,100,100489,100,99710,100,100607,100,99566,100,100632,100,99359,100,100663,100,99186,100,,,99130,100
2019-06-28 09:49:10.000000000,100069,181,99992,181,100084,181,99940,181,100089,181,99882,181,100090,181,99872,181,100143,181,99721,181,100489,100,99710,100,100607,100,99566,100,100632,100,99359,100,100663,100,99186,100,,,99130,100
2019-06-28 09:49:12.410901035,100069,81,99992,181,100084,181,99940,181,100089,181,99882,181,100090,181,99872,181,100143,181,99721,181,100489,100,99710,100,100607,100,99566,100,100632,100,99359,100,100663,100,99186,100,,,99130,100
2019-06-28 09:49:12.531368238,100069,81,100064,100,100084,181,99992,181,100089,181,99940,181,100090,181,99882,181,100143,181,99872,181,100489,100,99721,181,100607,100,99710,100,100632,100,99566,100,100663,100,99359,100,,,99186,100
2019-06-28 09:49:20.000000000,100084,238,100064,238,100089,234,99992,234,100090,234,99940,234,100143,100,99882,100,100489,100,99872,100,100607,100,99721,100,100632,100,99710,100,100663,100,99566,100,,,99359,100,,,99186,100
2019-06-28 09:49:25.366105634,100084,138,100064,238,100089,234,99992,234,100090,234,99940,234,100143,100,99882,100,100489,100,99872,100,100607,100,99721,100,100632,100,99710,100,100663,100,99566,100,100732,100,99359,100,,,99186,100
2019-06-28 09:49:29.608066127,100084,38,100064,238,100089,234,99992,234,100090,234,99940,234,100143,100,99882,100,100489,100,99872,100,100607,100,99721,100,100632,100,99710,100,100663,100,99566,100,100732,100,99359,100,,,99186,100
2019-06-28 09:49:30.000000000,100089,505,100064,505,100090,100,99992,100,100143,100,99940,100,100489,100,99882,100,100607,100,99872,100,100632,100,99721,100,100663,100,99710,100,100732,100,99566,100,,,99359,100,,,99186,100
2019-06-28 09:49:40.000000000,100089,505,100064,505,100090,100,99992,100,100143,100,99940,100,100489,100,99882,100,100607,100,99872,100,100632,100,99721,100,100663,100,99710,100,100732,100,99566,100,,,99359,100,,,99186,100
2019-06-28 09:49:50.000000000,100089,505,100064,505,100090,100,99992,100,100143,100,99940,100,100489,100,99882,100,100607,100,99872,100,100632,100,99721,100,100663,100,99710,100,100732,100,99566,100,,,99359,100,,,99186,100
2019-06-28 09:50:00.000000000,100089,201,100064,201,100090,201,99992,201,100143,201,99940,201,100489,201,99882,201,100607,100,99872,100,100632,100,99721,100,100663,100,99710,100,100732,100,99566,100,,,99359,100,,,99186,100
2019-06-28 09:50:10.000000000,100089,302,100064,302,100090,302,99992,302,100143,100,99940,100,100489,100,99882,100,100607,100,99872,100,100632,100,99721,100,100663,100,99710,100,100732,100,99566,100,,,99359,100,,,99186,100
2019-06-28 09:50:19.794640668,100089,202,100064,302,100090,302,99992,302,100143,100,99940,100,100489,100,99882,100,100607,100,99872,100,100632,100,99721,100,100663,100,99710,100,100732,100,99566,100,,,99359,100,,,99186,100
2019-06-28 09:50:20.000000000,100090,238,100064,238,100143,234,99992,234,100489,234,99940,234,100607,100,99882,100,100632,100,99872,100,100663,100,99721,100,100732,100,99710,100,,,99566,100,,,99359,100,,,99186,100
2019-06-28 09:50:21.957180917,100090,238,100064,238,100143,234,99992,234,100489,234,99940,234,100607,100,99882,100,100632,100,99872,100,100663,100,99721,100,100732,100,99710,100,101134,100,99566,100,,,99359,100,,,99186,100
2019-06-28 09:50:26.169383580,100090,238,100064,238,100143,234,99992,234,100489,234,99940,234,100607,100,99882,100,100632,100,99872,100,100663,100,99721,100,100732,100,99710,100,101134,100,99566,100,101202,100,99359,100,,,99186,100
2019-06-28 09:50:30.000000000,100090,201,100064,201,100143,201,99992,201,100489,201,99940,201,100607,201,99882,201,100632,100,99872,100,100663,100,99721,100,100732,100,99710,100,101134,100,99566,100,101202,100,99359,100,,,99186,100
2019-06-28 09:50:31.490002105,100090,101,100064,201,100143,201,99992,201,100489,201,99940,201,100607,201,99882,201,100632,100,99872,100,100663,100,99721,100,100732,100,99710,100,101134,100,99566,100,101202,100,99359,100,,,99186,100
2019-06-28 09:50:40.000000000,100143,201,100064,201,100489,201,99992,201,100607,201,99940,201,100632,201,99882,201,100663,100,99872,100,100732,100,99721,100,101134,100,99710,100,101202,100,99566,100,,,99359,100,,,99186,100
2019-06-28 09:50:50.000000000,100143,201,100064,201,100489,201,99992,201,100607,201,99940,201,100632,201,99882,201,100663,100,99872,100,100732,100,99721,100,101134,100,99710,100,101202,100,99566,100,,,99359,100,,,99186,100
2019-06-28 09:51:00.000000000,100143,505,100064,505,100489,100,99992,100,100607,100,99940,100,100632,100,99882,100,100663,100,99872,100,100732,100,99721,100,101134,100,99710,100,101202,100,99566,100,,,99359,100,,,99186,100
2019-06-28 09:51:05.816165270,100143,405,100064,505,100489,100,99992,100,100607,100,99940,100,100632,100,99882,100,100663,100,99872,100,100732,100,99721,100,101134,100,99710,100,101202,100,99566,100,,,99359,100,,,99186,100
2019-06-28 09:51:10.000000000,100489,181,100064,181,100607,181,99992,181,100632,181,99940,181,100663,181,99882,181,100732,181,99872,181,101134,100,99721,100,101202,100,99710,100,,,99566,100,,,99359,100,,,99186,100
2019-06-28 09:51:11.470562586,100489,81,100064,181,100607,181,99992,181,100632,181,99940,181,100663,181,99882,181,100732,181,99872,181,101134,100,99721,100,101202,100,99710,100,,,99566,100,,,99359,100,,,99186,100
2019-06-28 09:51:20.000000000,100607,302,100064,302,100632,302,99992,302,100663,100,99940,100,100732,100,99882,100,101134,100,99872,100,101202,100,99721,100,,,99710,100,,,99566,100,,,99359,100,,,99186,100
2019-06-28 09:51:25.385525455,100607,302,100064,302,100632,302,99992,302,100659,100,99940,100,100663,100,99882,100,100732,100,99872,100,101134,100,99721,100,101202,100,99710,100,,,99566,100,,,99359,100,,,99186,100
2019-06-28 09:51:30.000000000,100607,238,100064,238,100632,234,99992,234,100659,234,99940,234,100663,100,99882,100,100732,100,99872,100,101134,100,99721,100,101202,100,99710,100,,,99566,100,,,99359,100,,,99186,100
2019-06-28 09:51:40.000000000,100607,201,100064,201,100632,201,99992,201,100659,201,99940,201,100663,201,99882,201,100732,100,99872,100,101134,100,99721,100,101202,100,99710,100,,,99566,100,,,99359,100,,,99186,100
2019-06-28 09:51:50.000000000,100607,505,100064,505,100632,100,99992,100,100659,100,99940,100,100663,100,99882,100,100732,100,99872,100,101134,100,99721,100,101202,100,99710,100,,,99566,100,,,99359,100,,,99186,100
2019-06-28 09:51:52.341078969,100607,505,100264,100,100632,100,100064,505,100659,100,99992,100,100663,100,99940,100,100732,100,99872,100,101134,100,99721,100,101202,100,99710,100,,,99566,100,,,99359,100,,,99186,100
2019-06-28 09:51:59.040621687,100390,100,100264,100,100607,505,100064,505,100632,100,99992,100,100659,100,99940,100,100663,100,99872,100,100732,100,99721,100,101134,100,99710,100,101202,100,99566,100,,,99359,100,,,99186,100
2019-06-28 09:52:00.000000000,100390,201,100264,201,100607,201,100064,201,100632,201,99992,201,100659,201,99940,201,100663,100,99872,100,100732,100,99721,100,101134,100,99710,100,101202,100,99566,100,,,99359,100,,,99186,100
2019-06-28 09:52:10.000000000,100390,201,100264,201,100607,201,100064,201,100632,201,99992,201,100659,201,99940,201,100663,100,99872,100,100732,100,99721,100,101134,100,99710,100,101202,100,99566,100,,,99359,100,,,99186,100
2019-06-28 09:52:10.932376016,100390,201,100264,101,100607,101,100064,201,100632,201,99992,201,100659,201,99940,201,100663,100,99872,100,100732,100,99721,100,101134,100,99710,100,101202,100,99566,100,,,99359,100,,,99186,100
2019-06-28 09:52:11.235621007,100390,201,100264,101,100607,101,100064,201,100632,201,100000,100,100659,201,99992,201,100663,100,99940,201,100732,100,99872,100,101134,100,99721,100,101202,100,99710,100,,,99566,100,,,99359,100
2019-06-28 09:52:20.000000000,100390,505,100064,505,100632,100,100000,100,100659,100,99992,100,100663,100,99940,100,100732,100,99872,100,101134,100,99721,100,101202,100,99710,100,,,99566,100,,,99359,100,,,99186,100
2019-06-28 09:52:30.000000000,100390,302,100064,302,100632,302,100000,302,100659,100,99992,100,100663,100,99940,100,100732,100,99872,100,101134,100,99721,100,101202,100,99710,100,,,99566,100,,,99359,100,,,99186,100
2019-06-28 09:52:40.000000000,100390,181,100064,181,100632,181,100000,181,100659,181,99992,181,100663,181,99940,181,100732,181,99872,181,101134,100,99721,100,101202,100,99710,100,,,99566,100,,,99359,100,,,99186,100
2019-06-28 09:52:46.370778327,100389,100,100064,81,100390,181,100000,181,100632,181,99992,181,100659,181,99940,181,100663,181,99872,181,100732,181,99721,100,101134,100,99710,100,101202,100,99566,100,,,99359,100,,,99186,100
2019-06-28 09:52:50.000000000,100389,302,100000,302,100390,302,99992,302,100632,100,99940,100,100659,100,99872,100,100663,100,99721,100,100732,100,99710,100,101134,100,99566,100,101202,100,99359,100,,,99186,100,,,99130,100
2019-06-28 09:52:50.178377364,100196,100,100000,302,100389,302,99992,302,100390,302,99940,100,100632,100,99872,100,100659,100,99721,100,100663,100,99710,100,100732,100,99566,100,101134,100,99359,100,101202,100,99186,100,,,99130,100
2019-06-28 09:52:50.363903168,100196,100,100188,100,100389,302,100000,302,100390,302,99992,302,100632,100,99940,100,100659,100,99872,100,100663,100,99721,100,100732,100,99710,100,101134,100,99566,100,101202,100,99359,100,,,99186,100
2019-06-28 09:52:54.183210852,100389,302,100188,100,100390,302,100000,302,100632,100,99992,302,100659,100,99940,100,100663,100,99872,100,100732,100,99721,100,101134,100,99710,100,101202,100,99566,100,,,99359,100,,,99186,100
2019-06-28 09:53:00.000000000,100389,181,100188,181,100390,181,100000,181,100632,181,99992,181,100659,181,99940,181,100663,181,99872,181,100732,100,99721,100,101134,100,99710,100,101202,100,99566,100,,,99359,100,,,99186,100
2019-06-28 09:53:05.288383034,100389,181,100303,100,100390,181,100188,181,100632,181,100000,81,100659,181,99992,181,100663,181,99940,181,100732,100,99872,181,101134,100,99721,100,101202,100,99710,100,,,99566,100,,,99359,100
2019-06-28 09:53:10.000000000,100389,201,100303,201,100390,201,100188,201,100632,201,99992,201,100659,201,99940,201,100663,100,99872,100,100732,100,99721,100,101134,100,99710,100,101202,100,99566,100,,,99359,100,,,99186,100
2019-06-28 09:53:15.482627952,100389,201,100303,201,100390,201,100188,201,100632,201,100184,100,100659,201,99992,201,100732,100,99940,201,101134,100,99872,100,101202,100,99721,100,,,99710,100,,,99566,100,,,99359,100
2019-06-28 09:53:20.000000000,100389,181,100303,181,100390,181,100188,181,100632,181,100184,181,100659,181,99992,181,100732,181,99940,181,101134,100,99872,100,101202,100,99721,100,,,99710,100,,,99566,100,,,99359,100
2019-06-28 09:53:21.207990487,100389,181,100328,100,100390,181,100303,181,100632,181,100188,181,100659,181,100184,181,100732,181,99992,181,101134,100,99940,181,101202,100,99872,100,,,99721,100,,,99710,100,,,99566,100
2019-06-28 09:53:30.000000000,100389,505,100328,505,100390,100,100303,100,100632,100,100188,100,100659,100,100184,100,100732,100,99992,100,101134,100,99940,100,101202,100,99872,100,,,99721,100,,,99710,100,,,99566,100
2019-06-28 09:53:40.000000000,100389,302,100328,302,100390,302,100303,302,100632,100,100188,100,100659,100,100184,100,100732,100,99992,100,101134,100,99940,100,101202,100,99872,100,,,99721,100,,,99710,100,,,99566,100
2019-06-28 09:53:50.000000000,100389,181,100328,181,100390,181,100303,181,100632,181,100188,181,100659,181,100184,181,100732,181,99992,181,101134,100,99940,100,101202,100,99872,100,,,99721,100,,,99710,100,,,99566,100
2019-06-28 09:53:51.134300308,100388,100,100328,181,100389,181,100303,181,100390,181,100188,181,100632,181,100184,181,100659,181,99992,181,100732,181,99940,100,101134,100,99872,100,101202,100,99721,100,,,99710,100,,,99566,100
2019-06-28 09:53:52.369730153,100388,100,100339,100,100389,181,100328,181,100390,181,100303,181,100632,181,100188,181,100659,181,100184,181,100732,181,99992,181,101134,100,99940,100,101202,100,99872,100,,,99721,100,,,99710,100
2019-06-28 09:54:00.000000000,100388,181,100339,181,100389,181,100328,181,100390,181,100303,181,100632,181,100188,181,100659,181,100184,181,100732,100,99992,100,101134,100,99940,100,101202,100,99872,100,,,99721,100,,,99710,100
2019-06-28 09:54:10.000000000,100388,505,100339,505,100389,100,100328,100,100390,100,100303,100,100632,100,100188,100,100659,100,100184,100,100732,100,99992,100,101134,100,99940,100,101202,100,99872,100,,,99721,100,,,99710,100
2019-06-28 09:54:20.000000000,100388,302,100339,302,100389,302,100328,302,100390,100,100303,100,100632,100,100188,100,100659,100,100184,100,100732,100,99992,100,101134,100,99940,100,101202,100,99872,100,,,99721,100,,,99710,100
2019-06-28 09:54:22.245083588,100388,302,100339,302,100389,302,100328,302,100390,100,100303,100,100557,100,100188,100,100632,100,100184,100,100659,100,99992,100,100732,100,99940,100,101134,100,99872,100,,,99721,100,,,99710,100
2019-06-28 09:54:30.000000000,100388,302,100339,302,100389,302,100328,302,100390,100,100303,100,100557,100,100188,100,100632,100,100184,100,100659,100,99992,100,100732,100,99940,100,101134,100,99872,100,,,99721,100,,,99710,100
2019-06-28 09:54:34.271401884,100388,302,100352,100,100389,302,100339,302,100390,100,100328,302,100557,100,100303,100,100632,100,100188,100,100659,100,100184,100,100732,100,99992,100,101134,100,99940,100,,,99872,100,,,99721,100
2019-06-28 09:54:40.000000000,100388,238,100352,238,100389,234,100339,234,100390,234,100328,234,100557,100,100303,100,100632,100,100188,100,100659,100,100184,100,100732,100,99992,100,101134,100,99940,100,,,99872,100,,,99721,100
2019-06-28 09:54:50.000000000,100388,505,100352,505,100389,100,100339,100,100390,100,100328,100,100557,100,100303,100,100632,100,100188,100,100659,100,100184,100,100732,100,99992,100,101134,100,99940,100,,,99872,100,,,99721,100
2019-06-28 09:54:54.474323611,100388,505,100352,505,100389,100,100339,100,100390,100,100328,100,100539,100,100303,100,100557,100,100188,100,100632,100,100184,100,100659,100,99992,100,100732,100,99940,100,101134,100,99872,100,,,99721,100
2019-06-28 09:54:55.362425383,100388,405,100352,505,100389,100,100339,100,100539,100,100328,100,100557,100,100303,100,100632,100,100188,100,100659,100,100184,100,100732,100,99992,100,101134,100,99940,100,,,99872,100,,,99721,100
2019-06-28 09:55:00.000000000,100389,505,100352,505,100539,100,100339,100,100557,100,100328,100,100632,100,100303,100,100659,100,100188,100,100732,100,100184,100,101134,100,99992,100,,,99940,100,,,99872,100,,,99721,100
2019-06-28 09:55:10.000000000,100389,181,100352,181,100539,181,100339,181,100557,181,100328,181,100632,181,100303,181,100659,181,100188,181,100732,100,100184,100,101134,100,99992,100,,,99940,100,,,99872,100,,,99721,100
2019-06-28 09:55:20.000000000,100389,181,100352,181,100539,181,100339,181,100557,181,100328,181,100632,181,100303,181,100659,181,100188,181,100732,100,100184,100,101134,100,99992,100,,,99940,100,,,99872,100,,,99721,100
2019-06-28 09:55:30.000000000,100389,201,100352,201,100539,201,100339,201,100557,201,100328,201,100632,201,100303,201,100659,100,100188,100,100732,100,100184,100,101134,100,99992,100,,,99940,100,,,99872,100,,,99721,100
2019-06-28 09:55:40.000000000,100389,505,100352,505,100539,100,100339,100,100557,100,100328,100,100632,100,100303,100,100659,100,100188,100,100732,100,100184,100,101134,100,99992,100,,,99940,100,,,99872,100,,,99721,100
2019-06-28 09:55:40.401885981,100389,505,100352,405,100539,100,100339,100,100557,100,100328,100,100632,100,100303,100,100659,100,100188,100,100732,100,100184,100,101134,100,99992,100,,,99940,100,,,99872,100,,,99721,100
2019-06-28 09:55:41.257241479,100389,505,100352,405,100539,100,100339,100,100557,100,100328,100,100632,100,100303,100,100659,100,100188,100,100732,100,100184,100,101134,100,100104,100,,,99992,100,,,99940,100,,,99872,100
2019-06-28 09:55:50.000000000,100389,302,100339,302,100539,302,100328,302,100557,100,100303,100,100632,100,100188,100,100659,100,100184,100,100732,100,100104,100,101134,100,99992,100,,,99940,100,,,99872,100,,,99566,100
2019-06-28 09:56:00.000000000,100389,201,100339,201,100539,201,100328,201,100557,201,100303,201,100632,201,100188,201,100659,100,100184,100,100732,100,100104,100,101134,100,99992,100,,,99940,100,,,99872,100,,,99566,100
2019-06-28 09:56:10.000000000,100389,302,100339,302,100539,302,100328,302,100557,100,100303,100,100632,100,100188,100,100659,100,100184,100,100732,100,100104,100,101134,100,99992,100,,,99940,100,,,99872,100,,,99566,100
2019-06-28 09:56:20.000000000,100389,302,100339,302,100539,302,100328,302,100557,100,100303,100,100632,100,100188,100,100659,100,100184,100,100732,100,100104,100,101134,100,99992,100,,,99940,100,,,99872,100,,,99566,100
2019-06-28 09:56:23.822451199,100389,302,100344,100,100539,302,100339,302,100557,100,100328,302,100632,100,100303,100,100659,100,100188,100,100732,100,100184,100,101134,100,100104,100,,,99992,100,,,99940,100,,,99872,100
2019-06-28 09:56:30.000000000,100389,181,100344,181,100539,181,100339,181,100557,181,100328,181,100632,181,100303,181,100659,181,100188,181,100732,100,100184,100,101134,100,100104,100,,,99992,100,,,99940,100,,,99872,100
2019-06-28 09:56:33.609115754,100389,181,100344,181,100438,100,100339,81,100539,181,100328,181,100557,181,100303,181,100632,181,100188,181,100659,181,100184,100,100732,100,100104,100,101134,100,99992,100,,,99940,100,,,99872,100
2019-06-28 09:56:40.000000000,100389,302,100344,302,100438,302,100328,302,100539,100,100303,100,100557,100,100188,100,100632,100,100184,100,100659,100,100104,100,100732,100,99992,100,101134,100,99940,100,,,99872,100,,,99566,100
2019-06-28 09:56:50.000000000,100389,238,100344,238,100438,234,100328,234,100539,234,100303,234,100557,100,100188,100,100632,100,100184,100,100659,100,100104,100,100732,100,99992,100,101134,100,99940,100,,,99872,100,,,99566,100
2019-06-28 09:57:00.000000000,100389,181,100344,181,100438,181,100328,181,100539,181,100303,181,100557,181,100188,181,100632,181,100184,181,100659,100,100104,100,100732,100,99992,100,101134,100,99940,100,,,99872,100,,,99566,100
2019-06-28 09:57:10.000000000,100389,238,100344,238,100438,234,100328,234,100539,234,100303,234,100557,100,100188,100,100632,100,100184,100,100659,100,100104,100,100732,100,99992,100,101134,100,99940,100,,,99872,100,,,99566,100
2019-06-28 09:57:14.766483499,100389,238,100344,238,100438,234,100328,234,100539,234,100304,100,100557,100,100303,234,100632,100,100188,100,100659,100,100184,100,100732,100,100104,100,101134,100,99992,100,,,99940,100,,,99872,100
2019-06-28 09:57:20.000000000,100389,505,100344,505,100438,100,100328,100,100539,100,100304,100,100557,100,100303,100,100632,100,100188,100,100659,100,100184,100,100732,100,100104,100,101134,100,99992,100,,,99940,100,,,99872,100
2019-06-28 09:57:30.000000000,100389,181,100344,181,100438,181,100328,181,100539,181,100304,181,100557,181,100303,181,100632,181,100188,181,100659,100,100184,100,100732,100,100104,100,101134,100,99992,100,,,99940,100,,,99872,100
2019-06-28 09:57:35.080943125,100389,181,100344,181,100394,100,100328,181,100438,181,100304,181,100539,181,100303,181,100557,181,100188,181,100632,181,100184,100,100659,100,100104,100,100732,100,99992,100,,,99940,100,,,99872,100
2019-06-28 09:57:39.412144424,100389,181,100353,100,100394,100,100344,181,100438,181,100328,181,100539,181,100304,181,100557,181,100303,181,100632,181,100188,181,100659,100,100184,100,100732,100,100104,100,,,99992,100,,,99940,100
2019-06-28 09:57:40.000000000,100389,505,100353,505,100394,100,100344,100,100438,100,100328,100,100539,100,100304,100,100557,100,100303,100,100632,100,100188,100,100659,100,100184,100,100732,100,100104,100,,,99992,100,,,99940,100
2019-06-28 09:57:50.000000000,100389,201,100353,201,100394,201,100344,201,100438,201,100328,201,100539,201,100304,201,100557,100,100303,100,100632,100,100188,100,100659,100,100184,100,100732,100,100104,100,,,99992,100,,,99940,100
2019-06-28 09:58:00.000000000,100389,505,100353,505,100394,100,100344,100,100438,100,100328,100,100539,100,100304,100,100557,100,100303,100,100632,100,100188,100,100659,100,100184,100,100732,100,100104,100,,,99992,100,,,99940,100
2019-06-28 09:58:10.000000000,100389,201,100353,201,100394,201,100344,201,100438,201,100328,201,100539,201,100304,201,100557,100,100303,100,100632,100,100188,100,100659,100,100184,100,100732,100,100104,100,,,99992,100,,,99940,100
2019-06-28 09:58:20.000000000,100389,181,100353,181,100394,181,100344,181,100438,181,100328,181,100539,181,100304,181,100557,181,100303,181,100632,100,100188,100,100659,100,100184,100,100732,100,100104,100,,,99992,100,,,99940,100
2019-06-28 09:58:30.000000000,100389,505,100353,505,100394,100,100344,100,100438,100,100328,100,100539,100,100304,100,100557,100,100303,100,100632,100,100188,100,100659,100,100184,100,100732,100,100104,100,,,99992,100,,,99940,100
2019-06-28 09:58:40.000000000,100389,505,100353,505,100394,100,100344,100,100438,100,100328,100,100539,100,100304,100,100557,100,100303,100,100632,100,100188,100,100659,100,100184,100,100732,100,100104,100,,,99992,100,,,99940,100
2019-06-28 09:58:50.000000000,100389,181,100353,181,100394,181,100344,181,100438,181,100328,181,100539,181,100304,181,100557,181,100303,181,100632,100,100188,100,100659,100,100184,100,100732,100,100104,100,,,99992,100,,,99940,100
2019-06-28 09:59:00.000000000,100389,201,100353,201,100394,201,100344,201,100438,201,100328,201,100539,201,100304,201,100557,100,100303,100,100632,100,100188,100,100659,100,100184,100,100732,100,100104,100,,,99992,100,,,99940,100
2019-06-28 09:59:08.449999116,100389,201,100353,301,100394,201,100344,201,100438,201,100328,201,100539,201,100304,201,100557,100,100303,100,100632,100,100188,100,100659,100,100184,100,100732,100,100104,100,,,99992,100,,,99940,100
2019-06-28 09:59:10.000000000,100389,201,100353,301,100394,201,100344,201,100438,201,100328,201,100539,201,100304,201,100557,100,100303,100,100632,100,100188,100,100659,100,100184,100,100732,100,100104,100,,,99992,100,,,99940,100
2019-06-28 09:59:20.000000000,100389,181,100353,281,100394,181,100344,181,100438,181,100328,181,100539,181,100304,181,100557,181,100303,181,100632,100,100188,100,100659,100,100184,100,100732,100,100104,100,,,99992,100,,,99940,100
2019-06-28 09:59:23.465575449,100389,81,100353,281,100394,181,100344,181,100438,181,100328,181,100539,181,100304,181,100557,181,100303,181,100632,100,100188,100,100659,100,100184,100,100732,100,100104,100,,,99992,100,,,99940,100
2019-06-28 09:59:25.430988336,100394,181,100389,19,100438,181,100353,281,100539,81,100344,181,100557,181,100328,181,100632,100,100304,181,100659,100,100303,181,100732,100,100188,100,,,100184,100,,,100104,100,,,99992,100
2019-06-28 09:59:26.444793102,100394,181,100389,19,100438,181,100353,281,100539,81,100344,181,100557,181,100328,181,100632,100,100304,181,100659,100,100303,81,100732,100,100188,100,101840,100,100184,100,,,100104,100,,,99992,100
2019-06-28 09:59:26.926677533,100394,181,100389,19,100438,181,100353,281,100539,81,100344,181,100557,181,100328,181,100632,100,100304,181,100659,100,100303,81,100732,100,100188,100,101840,100,100184,100,102014,100,100104,100,,,99992,100
2019-06-28 09:59:30.000000000,100394,505,100389,424,100438,100,100353,200,100557,100,100344,100,100632,100,100328,100,100659,100,100304,100,100732,100,100188,100,101840,100,100184,100,102014,100,100104,100,,,99992,100,,,99940,100
2019-06-28 09:59:40.000000000,100394,201,100389,120,100438,201,100353,301,100557,201,100344,201,100632,201,100328,201,100659,100,100304,100,100732,100,100188,100,101840,100,100184,100,102014,100,100104,100,,,99992,100,,,99940,100
2019-06-28 09:59:50.000000000,100394,505,100389,424,100438,100,100353,200,100557,100,100344,100,100632,100,100328,100,100659,100,100304,100,100732,100,100188,100,101840,100,100184,100,102014,100,100104,100,,,99992,100,,,99940,100
2019-06-28 09:59:58.897654594,100394,505,100389,424,100438,100,100353,200,100557,100,100344,100,100632,100,100328,100,100659,100,100304,100,100732,100,100184,100,101840,100,100104,100,101885,100,99992,100,102014,100,99940,100,,,99566,100
2019-06-28 09:59:59.365414469,100394,405,100389,424,100438,100,100353,200,100557,100,100344,100,100632,100,100328,100,100659,100,100304,100,100732,100,100104,100,101840,100,99992,100,101885,100,99940,100,102014,100,99566,100,,,99359,100
2019-06-28 10:00:00.000000000,100438,181,100389,100,100557,181,100353,281,100632,181,100344,181,100659,181,100328,181,100732,181,100304,181,101840,100,100104,100,101885,100,99992,100,102014,100,99940,100,,,99566,100,,,99359,100
2019-06-28 10:00:09.154427295,100438,81,100389,100,100557,181,100353,281,100632,181,100344,181,100659,181,100328,181,100732,181,100304,181,101840,100,100104,100,101885,100,99992,100,102014,100,99940,100,,,99566,100,,,99359,100
2019-06-28 10:00:10.000000000,100557,238,100389,157,100632,234,100353,334,100659,234,100344,234,100732,100,100328,100,101840,100,100304,100,101885,100,100104,100,102014,100,99992,100,,,99940,100,,,99566,100,,,99359,100
2019-06-28 10:00:14.546452378,100557,138,100389,157,100632,234,100353,334,100659,234,100344,234,100732,100,100328,100,101840,100,100304,100,101885,100,100104,100,102014,100,99992,100,,,99940,100,,,99566,100,,,99359,100
2019-06-28 10:00:17.456392119,100557,38,100389,157,100632,234,100353,334,100659,234,100344,234,100732,100,100328,100,101840,100,100304,100,101885,100,100104,100,102014,100,99992,100,,,99940,100,,,99566,100,,,99359,100
2019-06-28 10:00:20.000000000,100632,238,100389,157,100659,234,100353,334,100732,234,100344,234,101840,100,100328,100,101885,100,100304,100,102014,100,100104,100,,,99992,100,,,99940,100,,,99566,100,,,99359,100
2019-06-28 10:00:20.269228934,100632,238,100389,138,100659,234,100353,334,100732,234,100344,234,101840,100,100328,100,101881,100,100304,100,101885,100,100104,100,102014,100,99992,100,,,99940,100,,,99566,100,,,99359,100
2019-06-28 10:00:30.000000000,100632,302,100353,402,100659,302,100344,302,100732,100,100328,100,101840,100,100304,100,101881,100,100104,100,101885,100,99992,100,102014,100,99940,100,,,99566,100,,,99359,100,,,99130,100
2019-06-28 10:00:36.378842327,100632,302,100353,402,100659,302,100344,302,100732,100,100328,100,101840,100,100304,100,101881,100,100104,100,101885,100,99992,100,101903,100,99940,100,102014,100,99566,100,,,99359,100,,,99130,100
2019-06-28 10:00:40.000000000,100632,302,100353,402,100659,302,100344,302,100732,100,100328,100,101840,100,100304,100,101881,100,100104,100,101885,100,99992,100,101903,100,99940,100,102014,100,99566,100,,,99359,100,,,99130,100
2019-06-28 10:00:46.594183052,100632,202,100353,402,100659,302,100344,302,100732,100,100328,100,101840,100,100304,100,101881,100,100104,100,101885,100,99992,100,101903,100,99940,100,102014,100,99566,100,,,99359,100,,,99130,100
2019-06-28 10:00:50.000000000,100659,201,100353,301,100732,201,100344,201,101840,201,100328,201,101881,201,100304,201,101885,100,100104,100,101903,100,99992,100,102014,100,99940,100,,,99566,100,,,99359,100,,,99130,100
2019-06-28 10:01:00.000000000,100659,302,100353,402,100732,302,100344,302,101840,100,100328,100,101881,100,100304,100,101885,100,100104,100,101903,100,99992,100,102014,100,99940,100,,,99566,100,,,99359,100,,,99130,100
2019-06-28 10:01:10.000000000,100659,505,100353,605,100732,100,100344,100,101840,100,100328,100,101881,100,100304,100,101885,100,100104,100,101903,100,99992,100,102014,100,99940,100,,,99566,100,,,99359,100,,,99130,100
2019-06-28 10:01:20.000000000,100659,302,100353,402,100732,302,100344,302,101840,100,100328,100,101881,100,100304,100,101885,100,100104,100,101903,100,99992,100,102014,100,99940,100,,,99566,100,,,99359,100,,,99130,100
2019-06-28 10:01:30.000000000,100659,238,100353,338,100732,234,100344,234,101840,234,100328,234,101881,100,100304,100,101885,100,100104,100,101903,100,99992,100,102014,100,99940,100,,,99566,100,,,99359,100,,,99130,100
2019-06-28 10:01:40.000000000,100659,181,100353,281,100732,181,100344,181,101840,181,100328,181,101881,181,100304,181,101885,181,100104,181,101903,100,99992,100,102014,100,99940,100,,,99566,100,,,99359,100,,,99130,100
2019-06-28 10:01:47.590435720,100659,181,100353,281,100732,181,100344,181,101176,100,100328,181,101840,181,100304,181,101881,181,100104,181,101885,181,99992,100,101903,100,99940,100,102014,100,99566,100,,,99359,100,,,99130,100
2019-06-28 10:01:50.000000000,100659,505,100353,605,100732,100,100344,100,101176,100,100328,100,101840,100,100304,100,101881,100,100104,100,101885,100,99992,100,101903,100,99940,100,102014,100,99566,100,,,99359,100,,,99130,100
2019-06-28 10:01:51.897497823,100659,505,100353,605,100732,100,100344,100,101080,100,100328,100,101176,100,100304,100,101840,100,100104,100,101881,100,99992,100,101885,100,99940,100,101903,100,99566,100,102014,100,99359,100,,,99130,100
2019-06-28 10:01:53.028751965,100659,505,100353,605,100732,100,100344,100,101080,100,100328,100,101176,100,100304,100,101227,100,100104,100,101840,100,99992,100,101881,100,99940,100,101885,100,99566,100,101903,100,99359,100,102014,100,99130,100
2019-06-28 10:02:00.000000000,100659,201,100353,301,100732,201,100344,201,101080,201,100328,201,101176,201,100304,201,101227,100,100104,100,101840,100,99992,100,101881,100,99940,100,101885,100,99566,100,101903,100,99359,100,102014,100,99130,100
2019-06-28 10:02:10.000000000,100659,302,100353,402,100732,302,100344,302,101080,100,100328,100,101176,100,100304,100,101227,100,100104,100,101840,100,99992,100,101881,100,99940,100,101885,100,99566,100,101903,100,99359,100,102014,100,99130,100
2019-06-28 10:02:13.441934004,100659,302,100557,100,100732,302,100353,402,101080,100,100344,302,101176,100,100328,100,101227,100,100304,100,101840,100,100104,100,101881,100,99992,100,101885,100,99940,100,101903,100,99566,100,102014,100,99359,100
2019-06-28 10:02:13.624174592,100659,302,100557,200,100732,302,100353,402,101080,100,100344,302,101176,100,100328,100,101227,100,100304,100,101840,100,100104,100,101881,100,99992,100,101885,100,99940,100,101903,100,99566,100,102014,100,99359,100
2019-06-28 10:02:20.000000000,100659,238,100557,338,100732,234,100353,334,101080,234,100344,234,101176,100,100328,100,101227,100,100304,100,101840,100,100104,100,101881,100,99992,100,101885,100,99940,100,101903,100,99566,100,102014,100,99359,100
2019-06-28 10:02:25.616992541,100659,238,100557,438,100732,234,100353,334,101080,234,100344,234,101176,100,100328,100,101227,100,100304,100,101840,100,100104,100,101881,100,99992,100,101885,100,99940,100,101903,100,99566,100,102014,100,99359,100
2019-06-28 10:02:28.916511504,100659,238,100557,538,100732,234,100353,334,101080,234,100344,234,101176,100,100328,100,101227,100,100304,100,101840,100,100104,100,101881,100,99992,100,101885,100,99940,100,101903,100,99566,100,102014,100,99359,100
2019-06-28 10:02:30.000000000,100659,181,100557,481,100732,181,100353,281,101080,181,100344,181,101176,181,100328,181,101227,181,100304,181,101840,100,100104,100,101881,100,99992,100,101885,100,99940,100,101903,100,99566,100,102014,100,99359,100
2019-06-28 10:02:30.213401401,100659,181,100557,481,100732,181,100353,281,101080,181,100344,181,101176,181,100328,181,101214,100,100304,181,101227,181,100104,100,101840,100,99992,100,101881,100,99940,100,101885,100,99566,100,102014,100,99359,100
2019-06-28 10:02:40.000000000,100659,181,100557,481,100732,181,100353,281,101080,181,100344,181,101176,181,100328,181,101214,181,100304,181,101227,100,100104,100,101840,100,99992,100,101881,100,99940,100,101885,100,99566,100,102014,100,99359,100
2019-06-28 10:02:46.670822293,100659,81,100557,481,100732,181,100353,281,101080,181,100344,181,101176,181,100328,181,101214,181,100304,181,101227,100,100104,100,101840,100,99992,100,101881,100,99940,100,101885,100,99566,100,102014,100,99359,100
2019-06-28 10:02:50.000000000,100732,181,100557,481,101080,181,100353,281,101176,181,100344,181,101214,181,100328,181,101227,181,100304,181,101840,100,100104,100,101881,100,99992,100,101885,100,99940,100,102014,100,99566,100,,,99359,100
2019-06-28 10:03:00.000000000,100732,302,100557,602,101080,302,100353,402,101176,100,100344,100,101214,100,100328,100,101227,100,100304,100,101840,100,100104,100,101881,100,99992,100,101885,100,99940,100,102014,100,99566,100,,,99359,100
2019-06-28 10:03:02.966927213,100565,100,100557,602,100732,302,100353,402,101080,302,100344,100,101176,100,100328,100,101214,100,100304,100,101227,100,100104,100,101840,100,99992,100,101881,100,99940,100,101885,100,99566,100,102014,100,99359,100
2019-06-28 10:03:04.627219817,100565,100,100557,602,100732,302,100375,100,101080,302,100353,402,101176,100,100344,100,101214,100,100328,100,101227,100,100304,100,101840,100,100104,100,101881,100,99992,100,101885,100,99940,100,102014,100,99566,100
2019-06-28 10:03:10.000000000,100565,201,100557,501,100732,201,100375,201,101080,201,100353,301,101176,201,100344,201,101214,100,100328,100,101227,100,100304,100,101840,100,100104,100,101881,100,99992,100,101885,100,99940,100,102014,100,99566,100
2019-06-28 10:03:20.000000000,100565,238,100557,538,100732,234,100375,234,101080,234,100353,334,101176,100,100344,100,101214,100,100328,100,101227,100,100304,100,101840,100,100104,100,101881,100,99992,100,101885,100,99940,100,102014,100,99566,100
2019-06-28 10:03:30.000000000,100565,302,100557,602,100732,302,100375,302,101080,100,100353,200,101176,100,100344,100,101214,100,100328,100,101227,100,100304,100,101840,100,100104,100,101881,100,99992,100,101885,100,99940,100,102014,100,99566,100
2019-06-28 10:03:35.283249071,100565,202,100557,602,100732,302,100375,302,101080,100,100353,200,101176,100,100344,100,101214,100,100328,100,101227,100,100304,100,101840,100,100104,100,101881,100,99992,100,101885,100,99940,100,102014,100,99566,100
2019-06-28 10:03:40.000000000,100732,201,100557,501,101080,201,100375,201,101176,201,100353,301,101214,201,100344,201,101227,100,100328,100,101840,100,100304,100,101881,100,100104,100,101885,100,99992,100,102014,100,99940,100,,,99566,100
2019-06-28 10:03:50.000000000,100732,505,100557,805,101080,100,100375,100,101176,100,100353,200,101214,100,100344,100,101227,100,100328,100,101840,100,100304,100,101881,100,100104,100,101885,100,99992,100,102014,100,99940,100,,,99566,100
2019-06-28 10:04:00.000000000,100732,181,100557,481,101080,181,100375,181,101176,181,100353,281,101214,181,100344,181,101227,181,100328,181,101840,100,100304,100,101881,100,100104,100,101885,100,99992,100,102014,100,99940,100,,,99566,100
2019-06-28 10:04:07.888010292,100732,181,100557,481,101080,181,100375,181,101176,181,100353,281,101214,181,100344,181,101227,181,100328,181,101753,100,100304,100,101840,100,100104,100,101881,100,99992,100,101885,100,99940,100,102014,100,99566,100
2019-06-28 10:04:09.912783256,100732,181,100565,100,101080,181,100557,481,101176,181,100375,181,101214,181,100353,281,101227,181,100344,181,101753,100,100328,181,101840,100,100304,100,101881,100,100104,100,101885,100,99992,100,102014,100,99940,100
2019-06-28 10:04:10.000000000,100732,505,100565,505,101080,100,100557,400,101176,100,100375,100,101214,100,100353,200,101227,100,100344,100,101753,100,100328,100,101840,100,100304,100,101881,100,100104,100,101885,100,99992,100,102014,100,99940,100
2019-06-28 10:04:12.499196649,100732,505,100565,605,101080,100,100557,400,101176,100,100375,100,101214,100,100353,200,101227,100,100344,100,101753,100,100328,100,101840,100,100304,100,101881,100,100104,100,101885,100,99940,100,102014,100,99566,100
2019-06-28 10:04:18.432440072,100732,505,100565,605,101080,100,100557,400,101176,100,100375,100,101214,100,100353,200,101227,100,100344,100,101753,100,100328,100,101758,100,100104,100,101840,100,99940,100,101881,100,99566,100,101885,100,99359,100
2019-06-28 10:04:19.972126459,100732,505,100565,705,101080,100,100557,400,101176,100,100375,100,101214,100,100353,200,101227,100,100344,100,101753,100,100328,100,101758,100,100104,100,101840,100,99940,100,101881,100,99566,100,101885,100,99359,100
2019-06-28 10:04:20.000000000,100732,181,100565,381,101080,181,100557,481,101176,181,100375,181,101214,181,100353,281,101227,181,100344,181,101753,100,100328,100,101758,100,100104,100,101840,100,99940,100,101881,100,99566,100,101885,100,99359,100
2019-06-28 10:04:30.000000000,100732,238,100565,438,101080,234,100557,534,101176,234,100375,234,101214,100,100353,200,101227,100,100344,100,101753,100,100328,100,101758,100,100104,100,101840,100,99940,100,101881,100,99566,100,101885,100,99359,100
2019-06-28 10:04:31.822321831,100732,138,100565,438,101080,234,100557,534,101176,234,100375,234,101214,100,100353,200,101227,100,100344,100,101753,100,100328,100,101758,100,100104,100,101840,100,99940,100,101881,100,99566,100,101885,100,99359,100
2019-06-28 10:04:40.000000000,101080,505,100565,705,101176,100,100557,400,101214,100,100375,100,101227,100,100353,200,101753,100,100344,100,101758,100,100328,100,101840,100,100104,100,101881,100,99940,100,101885,100,99566,100,102014,100,99359,100
2019-06-28 10:04:46.498763392,101080,405,100565,705,101176,100,100557,400,101214,100,100375,100,101227,100,100353,200,101758,100,100344,100,101840,100,100328,100,101881,100,100104,100,101885,100,99940,100,102014,100,99566,100,,,99359,100
2019-06-28 10:04:50.000000000,101176,238,100565,438,101214,234,100557,534,101227,234,100375,234,101758,100,100353,200,101840,100,100344,100,101881,100,100328,100,101885,100,100104,100,102014,100,99940,100,,,99566,100,,,99359,100
2019-06-28 10:05:00.000000000,101176,181,100565,381,101214,181,100557,481,101227,181,100375,181,101758,181,100353,281,101840,181,100344,181,101881,100,100328,100,101885,100,100104,100,102014,100,99940,100,,,99566,100,,,99359,100
2019-06-28 10:05:10.000000000,101176,201,100565,401,101214,201,100557,501,101227,201,100375,201,101758,201,100353,301,101840,100,100344,100,101881,100,100328,100,101885,100,100104,100,102014,100,99940,100,,,99566,100,,,99359,100
2019-06-28 10:05:20.000000000,101176,505,100565,705,101214,100,100557,400,101227,100,100375,100,101758,100,100353,200,101840,100,100344,100,101881,100,100328,100,101885,100,100104,100,102014,100,99940,100,,,99566,100,,,99359,100
2019-06-28 10:05:20.654368906,101176,505,100565,705,101214,100,100557,400,101227,100,100375,100,101667,100,100353,200,101758,100,100344,100,101840,100,100328,100,101881,100,100104,100,101885,100,99940,100,102014,100,99566,100,,,99359,100
2019-06-28 10:05:30.000000000,101176,505,100565,705,101214,100,100557,400,101227,100,100375,100,101667,100,100353,200,101758,100,100344,100,101840,100,100328,100,101881,100,100104,100,101885,100,99940,100,102014,100,99566,100,,,99359,100
2019-06-28 10:05:40.000000000,101176,238,100565,438,101214,234,100557,534,101227,234,100375,234,101667,100,100353,200,101758,100,100344,100,101840,100,100328,100,101881,100,100104,100,101885,100,99940,100,102014,100,99566,100,,,99359,100
2019-06-28 10:05:50.000000000,101176,181,100565,381,101214,181,100557,481,101227,181,100375,181,101667,181,100353,281,101758,181,100344,181,101840,100,100328,100,101881,100,100104,100,101885,100,99940,100,102014,100,99566,100,,,99359,100
2019-06-28 10:06:00.000000000,101176,181,100565,381,101214,181,100557,481,101227,181,100375,181,101667,181,100353,281,101758,181,100344,181,101840,100,100328,100,101881,100,100104,100,101885,100,99940,100,102014,100,99566,100,,,99359,100
2019-06-28 10:06:10.000000000,101176,181,100565,381,101214,181,100557,481,101227,181,100375,181,101667,181,100353,281,101758,181,100344,181,101840,100,100328,100,101881,100,100104,100,101885,100,99940,100,102014,100,99566,100,,,99359,100
2019-06-28 10:06:20.000000000,101176,238,100565,438,101214,234,100557,534,101227,234,100375,234,101667,100,100353,200,101758,100,100344,100,101840,100,100328,100,101881,100,100104,100,101885,100,99940,100,102014,100,99566,100,,,99359,100
2019-06-28 10:06:30.000000000,101176,201,100565,401,101214,201,100557,501,101227,201,100375,201,101667,201,100353,301,101758,100,100344,100,101840,100,100328,100,101881,100,100104,100,101885,100,99940,100,102014,100,99566,100,,,99359,100
2019-06-28 10:06:36.040805040,101176,201,100565,401,101189,100,100557,501,101214,201,100375,101,101227,201,100353,301,101667,201,100344,100,101758,100,100328,100,101840,100,100104,100,101881,100,99940,100,101885,100,99566,100,102014,100,99359,100
2019-06-28 10:06:40.000000000,101176,238,100565,438,101189,234,100557,534,101214,234,100353,334,101227,100,100344,100,101667,100,100328,100,101758,100,100104,100,101840,100,99940,100,101881,100,99566,100,101885,100,99359,100,102014,100,99130,100
2019-06-28 10:06:40.207434846,101176,138,100565,438,101189,234,100557,534,101214,234,100353,334,101227,100,100344,100,101667,100,100328,100,101758,100,100104,100,101840,100,99940,100,101881,100,99566,100,101885,100,99359,100,102014,100,99130,100
2019-06-28 10:06:45.034946460,101176,38,100565,438,101189,134,100557,534,101214,234,100353,334,101227,100,100344,100,101667,100,100328,100,101758,100,100104,100,101840,100,99940,100,101881,100,99566,100,101885,100,99359,100,102014,100,99130,100
2019-06-28 10:06:50.000000000,101214,181,100565,381,101227,181,100557,481,101667,181,100353,281,101758,181,100344,181,101840,181,100328,181,101881,100,100104,100,101885,100,99940,100,102014,100,99566,100,,,99359,100,,,99130,100
2019-06-28 10:07:00.000000000,101214,238,100565,438,101227,234,100557,534,101667,234,100353,334,101758,100,100344,100,101840,100,100328,100,101881,100,100104,100,101885,100,99940,100,102014,100,99566,100,,,99359,100,,,99130,100
2019-06-28 10:07:10.000000000,101214,238,100565,438,101227,234,100557,534,101667,234,100353,334,101758,100,100344,100,101840,100,100328,100,101881,100,100104,100,101885,100,99940,100,102014,100,99566,100,,,99359,100,,,99130,100
2019-06-28 10:07:20.000000000,101214,201,100565,401,101227,201,100557,501,101667,201,100353,301,101758,201,100344,201,101840,100,100328,100,101881,100,100104,100,101885,100,99940,100,102014,100,99566,100,,,99359,100,,,99130,100
2019-06-28 10:07:25.641964569,101214,201,101176,100,101227,201,100565,401,101667,201,100557,501,101758,201,100353,301,101840,100,100344,201,101881,100,100328,100,101885,100,100104,100,102014,100,99566,100,,,99359,100,,,99130,100
2019-06-28 10:07:30.000000000,101214,238,101176,238,101227,234,100565,434,101667,234,100557,534,101758,100,100353,200,101840,100,100344,100,101881,100,100328,100,101885,100,100104,100,102014,100,99566,100,,,99359,100,,,99130,100
2019-06-28 10:07:35.333637968,101214,238,101176,238,101227,234,100565,434,101478,100,100557,534,101667,134,100353,200,101758,100,100344,100,101840,100,100328,100,101881,100,100104,100,101885,100,99566,100,102014,100,99359,100,,,99130,100
2019-06-28 10:07:40.000000000,101214,181,101176,181,101227,181,100565,381,101478,181,100557,481,101758,181,100353,281,101840,181,100344,181,101881,100,100328,100,101885,100,100104,100,102014,100,99566,100,,,99359,100,,,99130,100
2019-06-28 10:07:50.000000000,101214,505,101176,505,101227,100,100565,300,101478,100,100557,400,101758,100,100353,200,101840,100,100344,100,101881,100,100328,100,101885,100,100104,100,102014,100,99566,100,,,99359,100,,,99130,100
2019-06-28 10:08:00.000000000,101214,302,101176,302,101227,302,100565,502,101478,100,100557,400,101758,100,100353,200,101840,100,100344,100,101881,100,100328,100,101885,100,100104,100,102014,100,99566,100,,,99359,100,,,99130,100
2019-06-28 10:08:10.000000000,101214,201,101176,201,101227,201,100565,401,101478,201,100557,501,101758,201,100353,301,101840,100,100344,100,101881,100,100328,100,101885,100,100104,100,102014,100,99566,100,,,99359,100,,,99130,100
