,ask_price_1,ask_size_1,bid_price_1,bid_size_1,ask_price_2,ask_size_2,bid_price_2,bid_size_2,ask_price_3,ask_size_3,bid_price_3,bid_size_3,ask_price_4,ask_size_4,bid_price_4,bid_size_4,ask_price_5,ask_size_5,bid_price_5,bid_size_5,ask_price_6,ask_size_6,bid_price_6,bid_size_6,ask_price_7,ask_size_7,bid_price_7,bid_size_7,ask_price_8,ask_size_8,bid_price_8,bid_size_8,ask_price_9,ask_size_9,bid_price_9,bid_size_9,ask_price_10,ask_size_10,bid_price_10,bid_size_10
2019-06-28 09:30:00.000000000,100196,100,,,,,,,,,,,,,,,,,,,,,,,,,,,,,,,,,,,,,,
2019-06-28 09:30:00.000000001,100196,100,99873,100,,,,,,,,,,,,,,,,,,,,,,,,,,,,,,,,,,,,
2019-06-28 09:30:00.000000003,99967,100,99873,100,100196,100,,,,,,,,,,,,,,,,,,,,,,,,,,,,,,,,,,
2019-06-28 09:30:00.000000004,99967,100,99873,100,99982,100,,,100196,100,,,,,,,,,,,,,,,,,,,,,,,,,,,,,,
2019-06-28 09:30:00.000000005,99967,100,99926,100,99982,100,99873,100,100196,100,,,,,,,,,,,,,,,,,,,,,,,,,,,,,,
2019-06-28 09:30:00.000000007,99955,100,99926,100,99967,100,99873,100,99982,100,99815,100,100196,100,,,,,,,,,,,,,,,,,,,,,,,,,,
2019-06-28 09:30:00.000000008,99955,100,99926,100,99967,100,99873,100,99982,100,99815,100,100196,100,,,100241,100,,,,,,,,,,,,,,,,,,,,,,
2019-06-28 09:30:00.000000009,99955,100,99948,100,99967,100,99926,100,99982,100,99873,100,100114,100,99815,100,100196,100,,,100241,100,,,,,,,,,,,,,,,,,,
2019-06-28 09:30:00.000000010,99955,100,99948,100,99967,100,99926,100,99982,100,99873,100,100091,100,99815,100,100114,100,,,100196,100,,,100241,100,,,,,,,,,,,,,,
2019-06-28 09:30:00.000000014,99967,100,99948,100,99982,100,99926,100,100091,100,99873,100,100114,100,99815,100,100196,100,,,100241,100,,,,,,,,,,,,,,,,,,
2019-06-28 09:30:00.000000015,99967,100,99948,100,99982,100,99926,100,100091,100,99881,100,100114,100,99873,100,100196,100,99815,100,100241,100,,,,,,,,,,,,,,,,,,
2019-06-28 09:30:00.000000023,99967,100,99948,100,99982,100,99926,100,100091,100,99916,100,100114,100,99881,100,100196,100,99873,100,100241,100,99815,100,,,,,,,,,,,,,,,,
2019-06-28 09:30:00.000000025,99967,100,99950,100,99982,100,99948,100,100091,100,99926,100,100114,100,99916,100,100196,100,99881,100,100241,100,99873,100,,,99815,100,,,,,,,,,,,,
2019-06-28 09:30:00.000000027,99967,100,99950,100,99982,100,99948,100,100091,100,99926,100,100103,100,99916,100,100114,100,99881,100,100196,100,99873,100,100241,100,99815,100,,,,,,,,,,,,
2019-06-28 09:30:00.000000031,99967,100,99950,100,99982,100,99948,100,100091,100,99942,100,100103,100,99926,100,100114,100,99916,100,100196,100,99881,100,100241,100,99873,100,,,99815,100,,,,,,,,
2019-06-28 09:30:00.000000032,99967,100,99950,100,99982,100,99948,100,100091,100,99942,100,100103,100,99926,100,100114,100,99916,100,100126,100,99881,100,100196,100,99873,100,100241,100,99815,100,,,,,,,,
2019-06-28 09:30:00.000000036,99967,100,99950,200,99982,100,99948,100,100091,100,99942,100,100103,100,99926,100,100114,100,99916,100,100126,100,99881,100,100160,100,99873,100,100162,100,99815,100,100196,100,,,100241,100,,
2019-06-28 09:30:00.000000037,99967,100,99950,200,99982,100,99948,100,100091,100,99942,100,100103,100,99926,200,100114,100,99916,100,100126,100,99881,100,100160,100,99873,100,100162,100,99815,100,100196,100,,,100241,100,,
2019-06-28 09:30:00.000000044,99967,100,99950,200,99982,100,99948,100,100091,100,99942,100,100103,100,99926,200,100114,100,99916,200,100126,100,99881,100,100160,100,99873,100,100162,100,99815,100,100196,100,,,100241,100,,
2019-06-28 09:30:00.000000045,99967,100,99950,200,99982,100,99948,100,100091,100,99942,100,100103,100,99926,200,100114,100,99916,200,100126,100,99881,100,100160,100,99875,100,100162,100,99873,100,100196,100,99815,100,100241,100,,
2019-06-28 09:30:00.000000049,100091,100,99950,200,100103,100,99948,100,100114,100,99942,100,100126,100,99926,200,100160,100,99923,100,100162,100,99916,200,100196,100,99881,100,100241,100,99875,100,,,99873,100,,,99815,100
2019-06-28 09:30:00.000000050,100091,100,99970,100,100103,100,99950,200,100114,100,99948,100,100126,100,99942,100,100160,100,99926,200,100162,100,99923,100,100196,100,99916,200,100241,100,99881,100,,,99875,100,,,99873,100
2019-06-28 09:30:00.000000051,100049,100,99970,100,100091,100,99950,200,100103,100,99948,100,100114,100,99942,100,100126,100,99926,200,100160,100,99923,100,100162,100,99916,200,100196,100,99881,100,100241,100,99875,100,,,99873,100
2019-06-28 09:30:00.000000052,100049,100,99970,100,100091,100,99950,200,100103,100,99948,100,100114,100,99942,100,100126,100,99926,200,100160,100,99923,100,100162,100,99918,100,100196,100,99916,200,100241,100,99881,100,,,99875,100
2019-06-28 09:30:00.000000054,100049,100,99970,100,100087,100,99950,200,100091,100,99948,100,100103,100,99942,100,100114,100,99926,200,100115,100,99923,100,100126,100,99918,100,100160,100,99916,200,100162,100,99881,100,100196,100,99875,100
2019-06-28 09:30:00.000000055,100049,100,99970,100,100061,100,99967,100,100087,100,99950,200,100091,100,99948,100,100103,100,99942,100,100114,100,99926,200,100115,100,99923,100,100126,100,99918,100,100160,100,99916,200,100162,100,99881,100
2019-06-28 09:30:00.000000057,100049,100,99970,100,100061,100,99967,200,100087,100,99950,200,100091,100,99948,100,100103,100,99942,100,100114,100,99926,200,100115,100,99923,100,100126,100,99918,100,100160,100,99916,200,100162,100,99881,100
2019-06-28 09:30:00.000000058,100049,100,99970,100,100061,100,99967,300,100087,100,99950,200,100091,100,99948,100,100103,100,99942,100,100114,100,99926,200,100115,100,99923,100,100126,100,99918,100,100160,100,99916,200,100162,100,99881,100
2019-06-28 09:30:00.000000063,100049,100,99970,100,100061,100,99967,300,100087,100,99950,200,100091,100,99948,100,100103,100,99942,100,100114,100,99926,200,100115,100,99923,100,100126,100,99918,100,100160,100,99916,200,100162,100,99887,100
2019-06-28 09:30:00.000000064,99993,100,99970,100,100049,100,99967,300,100061,100,99950,200,100087,100,99948,100,100091,100,99942,100,100103,100,99926,200,100114,100,99923,100,100115,100,99918,100,100126,100,99916,200,100160,100,99887,100
2019-06-28 09:30:00.000000066,99993,100,99979,100,100049,100,99970,100,100061,100,99967,400,100087,100,99950,200,100091,100,99948,100,100103,100,99942,100,100114,100,99926,200,100115,100,99923,100,100126,100,99918,100,100160,100,99916,200
2019-06-28 09:30:00.000000067,99993,100,99979,100,100049,100,99970,100,100061,100,99967,400,100087,100,99953,100,100091,100,99950,200,100103,100,99948,100,100114,100,99942,100,100115,100,99926,200,100126,100,99923,100,100160,100,99918,100
2019-06-28 09:30:00.000000069,99993,100,99979,100,100049,100,99970,100,100061,100,99967,400,100087,100,99953,100,100091,100,99950,200,100103,100,99948,100,100114,100,99942,100,100115,100,99926,200,100126,100,99923,100,100160,100,99918,100
2019-06-28 09:30:00.000000072,99993,100,99979,100,100049,100,99970,100,100061,100,99967,400,100087,100,99955,100,100091,100,99953,100,100103,100,99950,200,100114,100,99948,100,100115,100,99942,100,100126,100,99926,200,100160,100,99923,100
2019-06-28 09:30:00.000000075,99993,100,99979,100,100049,100,99970,100,100061,100,99967,400,100087,100,99955,100,100091,100,99953,100,100103,100,99950,200,100114,100,99948,100,100115,100,99942,100,100126,100,99926,200,100160,100,99923,100
2019-06-28 09:30:00.000000077,100049,100,99979,100,100061,100,99970,100,100087,100,99967,400,100091,100,99955,100,100103,100,99953,100,100114,100,99950,200,100115,100,99948,100,100126,100,99942,100,100160,100,99926,200,100162,100,99923,100
2019-06-28 09:30:00.000000078,100049,100,99979,100,100061,100,99970,100,100087,100,99967,400,100091,100,99956,100,100103,100,99955,100,100114,100,99953,100,100115,100,99950,200,100126,100,99948,100,100160,100,99942,100,100162,100,99926,200
2019-06-28 09:30:00.000000081,100049,100,99979,100,100061,100,99970,100,100087,100,99967,400,100091,100,99956,100,100103,100,99955,100,100114,100,99953,100,100115,100,99950,200,100126,100,99948,100,100160,100,99942,100,100162,100,99939,100
2019-06-28 09:30:00.000000082,100049,100,99979,100,100061,100,99970,100,100087,100,99967,400,100091,100,99956,100,100097,100,99955,100,100103,100,99953,100,100114,100,99950,200,100115,100,99948,100,100126,100,99942,100,100160,100,99939,100
2019-06-28 09:30:00.000000083,99993,100,99979,100,100049,100,99970,100,100061,100,99967,400,100087,100,99956,100,100091,100,99955,100,100097,100,99953,100,100103,100,99950,200,100114,100,99948,100,100115,100,99942,100,100126,100,99939,100
2019-06-28 09:30:00.000000084,99993,100,99979,100,100049,100,99970,100,100056,100,99967,400,100061,100,99956,100,100087,100,99955,100,100091,100,99953,100,100097,100,99950,200,100103,100,99948,100,100114,100,99942,100,100115,100,99939,100
2019-06-28 09:30:00.000000085,99993,200,99979,100,100049,100,99970,100,100056,100,99967,400,100061,100,99956,100,100087,100,99955,100,100091,100,99953,100,100097,100,99950,200,100103,100,99948,100,100114,100,99942,100,100115,100,99939,100
2019-06-28 09:30:00.000000086,99993,200,99982,100,100049,100,99979,100,100056,100,99970,100,100061,100,99967,400,100087,100,99956,100,100091,100,99955,100,100097,100,99953,100,100103,100,99950,200,100114,100,99948,100,100115,100,99942,100
2019-06-28 09:30:00.000000094,99993,200,99982,100,100049,100,99979,100,100056,100,99970,100,100061,100,99967,400,100087,100,99956,100,100091,100,99955,100,100097,100,99953,100,100103,100,99950,200,100114,100,99948,100,100115,100,99942,100
2019-06-28 09:30:00.000000095,99993,200,99982,100,100049,100,99979,100,100056,100,99970,100,100061,100,99967,400,100087,100,99956,100,100091,100,99955,100,100097,100,99953,100,100103,100,99950,200,100114,100,99948,100,100115,100,99942,100
2019-06-28 09:30:00.000000096,99993,200,99984,100,100049,100,99982,100,100056,100,99979,100,100061,100,99970,100,100087,100,99967,400,100091,100,99956,100,100097,100,99955,100,100103,100,99953,100,100114,100,99950,200,100115,100,99948,100
2019-06-28 09:30:00.000000098,99993,200,99984,100,100049,100,99982,100,100056,100,99979,100,100061,100,99970,100,100087,100,99967,400,100091,100,99956,100,100097,100,99955,100,100103,100,99953,100,100114,100,99950,200,100115,100,99948,100
2019-06-28 09:30:10.000000000,99993,283,99984,183,100049,183,99982,183,100056,183,99979,183,100061,183,99970,183,100087,100,99967,400,100091,100,99956,100,100097,100,99955,100,100103,100,99953,100,100114,100,99950,200,100115,100,99948,100
2019-06-28 09:30:20.000000000,99993,532,99984,432,100049,100,99982,100,100056,100,99979,100,100061,100,99970,100,100087,100,99967,400,100091,100,99956,100,100097,100,99955,100,100103,100,99953,100,100114,100,99950,200,100115,100,99948,100
2019-06-28 09:30:30.000000000,99993,266,99984,166,100049,166,99982,166,100056,166,99979,166,100061,166,99970,166,100087,166,99967,466,100091,100,99956,100,100097,100,99955,100,100103,100,99953,100,100114,100,99950,200,100115,100,99948,100
2019-06-28 09:30:30.969917172,99993,266,99984,166,100049,166,99982,266,100056,166,99979,166,100061,166,99970,166,100087,166,99967,366,100091,100,99956,100,100097,100,99955,100,100103,100,99953,100,100114,100,99950,200,100115,100,99948,100
2019-06-28 09:30:40.000000000,99993,283,99984,183,100049,183,99982,283,100056,183,99979,183,100061,183,99970,183,100087,100,99967,300,100091,100,99956,100,100097,100,99955,100,100103,100,99953,100,100114,100,99950,200,100115,100,99948,100
2019-06-28 09:30:49.128908948,99993,283,99984,183,100049,183,99982,283,100056,183,99979,183,100061,183,99970,183,100087,100,99967,300,100091,100,99956,100,100097,100,99955,100,100103,100,99953,100,100114,100,99950,200,100115,100,99948,100
2019-06-28 09:30:50.000000000,99993,266,99984,166,100049,166,99982,266,100056,166,99979,166,100061,166,99970,166,100087,166,99967,366,100091,100,99956,100,100097,100,99955,100,100103,100,99953,100,100114,100,99950,200,100115,100,99948,100
2019-06-28 09:31:00.000000000,99993,532,99984,432,100049,100,99982,200,100056,100,99979,100,100061,100,99970,100,100087,100,99967,300,100091,100,99956,100,100097,100,99955,100,100103,100,99953,100,100114,100,99950,200,100115,100,99948,100
2019-06-28 09:31:10.000000000,99993,266,99984,166,100049,166,99982,266,100056,166,99979,166,100061,166,99970,166,100087,166,99967,366,100091,100,99956,100,100097,100,99955,100,100103,100,99953,100,100114,100,99950,200,100115,100,99948,100
2019-06-28 09:31:16.082022578,99993,266,99984,166,100049,166,99982,266,100056,166,99979,166,100061,166,99970,166,100087,166,99967,366,100091,100,99956,100,100097,100,99955,100,100103,100,99950,200,100114,100,99948,100,100115,100,99942,100
2019-06-28 09:31:20.000000000,99993,283,99984,183,100049,183,99982,283,100056,183,99979,183,100061,183,99970,183,100087,100,99967,300,100091,100,99956,100,100097,100,99955,100,100103,100,99950,200,100114,100,99948,100,100115,100,99942,100
2019-06-28 09:31:30.000000000,99993,313,99984,213,100049,210,99982,310,100056,210,99979,210,100061,100,99970,100,100087,100,99967,300,100091,100,99956,100,100097,100,99955,100,100103,100,99950,200,100114,100,99948,100,100115,100,99942,100
2019-06-28 09:31:40.000000000,99993,313,99984,213,100049,210,99982,310,100056,210,99979,210,100061,100,99970,100,100087,100,99967,300,100091,100,99956,100,100097,100,99955,100,100103,100,99950,200,100114,100,99948,100,100115,100,99942,100
2019-06-28 09:31:42.958701476,99993,313,99984,113,100049,210,99982,310,100056,210,99979,210,100061,100,99970,100,100087,100,99967,300,100091,100,99956,100,100097,100,99955,100,100103,100,99950,200,100114,100,99948,100,100115,100,99942,100
2019-06-28 09:31:50.000000000,99993,313,99982,313,100049,210,99979,210,100056,210,99970,210,100061,100,99967,300,100087,100,99956,100,100091,100,99955,100,100097,100,99950,200,100103,100,99948,100,100114,100,99942,100,100115,100,99939,100
2019-06-28 09:32:00.000000000,99993,313,99982,313,100049,210,99979,210,100056,210,99970,210,100061,100,99967,300,100087,100,99956,100,100091,100,99955,100,100097,100,99950,200,100103,100,99948,100,100114,100,99942,100,100115,100,99939,100
2019-06-28 09:32:10.000000000,99993,366,99982,366,100049,266,99979,266,100056,100,99970,100,100061,100,99967,300,100087,100,99956,100,100091,100,99955,100,100097,100,99950,200,100103,100,99948,100,100114,100,99942,100,100115,100,99939,100
2019-06-28 09:32:20.000000000,99993,532,99982,532,100049,100,99979,100,100056,100,99970,100,100061,100,99967,300,100087,100,99956,100,100091,100,99955,100,100097,100,99950,200,100103,100,99948,100,100114,100,99942,100,100115,100,99939,100
2019-06-28 09:32:22.741271709,99993,532,99982,432,100049,100,99979,100,100056,100,99970,100,100061,100,99967,300,100087,100,99956,100,100091,100,99955,100,100097,100,99950,200,100103,100,99948,100,100114,100,99942,100,100115,100,99939,100
2019-06-28 09:32:29.746137635,99984,100,99982,432,99993,432,99979,100,100049,100,99970,100,100056,100,99967,300,100061,100,99956,100,100087,100,99955,100,100091,100,99950,200,100097,100,99948,100,100103,100,99942,100,100114,100,99939,100
2019-06-28 09:32:30.000000000,99984,432,99982,432,99993,100,99979,100,100049,100,99970,100,100056,100,99967,300,100061,100,99956,100,100087,100,99955,100,100091,100,99950,200,100097,100,99948,100,100103,100,99942,100,100114,100,99939,100
2019-06-28 09:32:40.000000000,99984,213,99982,213,99993,210,99979,210,100049,210,99970,210,100056,100,99967,300,100061,100,99956,100,100087,100,99955,100,100091,100,99950,200,100097,100,99948,100,100103,100,99942,100,100114,100,99939,100
2019-06-28 09:32:50.000000000,99984,183,99982,183,99993,183,99979,183,100049,183,99970,183,100056,183,99967,383,100061,100,99956,100,100087,100,99955,100,100091,100,99950,200,100097,100,99948,100,100103,100,99942,100,100114,100,99939,100
2019-06-28 09:32:51.412060849,99984,183,99982,183,99993,183,99979,183,100049,183,99970,183,100056,183,99967,383,100061,100,99956,100,100087,100,99955,100,100091,100,99950,200,100097,100,99948,100,100103,100,99942,100,100114,100,99939,100
2019-06-28 09:33:00.000000000,99984,183,99982,183,99993,183,99979,183,100049,183,99970,183,100056,183,99967,383,100061,100,99956,100,100087,100,99955,100,100091,100,99950,200,100097,100,99948,100,100103,100,99942,100,100114,100,99939,100
2019-06-28 09:33:04.714740049,99984,183,99982,183,99993,183,99979,183,100049,183,99970,183,100056,183,99967,383,100061,100,99956,100,100087,100,99950,200,100091,100,99948,100,100097,100,99942,100,100103,100,99939,100,100114,100,99926,200
2019-06-28 09:33:08.576293520,99984,83,99982,183,99993,183,99979,183,100049,183,99970,183,100056,183,99967,383,100061,100,99956,100,100087,100,99950,200,100091,100,99948,100,100097,100,99942,100,100103,100,99939,100,100114,100,99926,200
2019-06-28 09:33:09.669217965,99993,183,99984,17,100049,183,99982,183,100056,183,99979,183,100061,100,99970,83,100087,100,99967,383,100091,100,99956,100,100097,100,99950,200,100103,100,99948,100,100114,100,99942,100,100115,100,99939,100
2019-06-28 09:33:10.000000000,99993,266,99984,183,100049,266,99982,266,100056,100,99979,100,100061,100,99967,300,100087,100,99956,100,100091,100,99950,200,100097,100,99948,100,100103,100,99942,100,100114,100,99939,100,100115,100,99926,200
2019-06-28 09:33:20.000000000,99993,166,99984,83,100049,166,99982,166,100056,166,99979,166,100061,166,99967,366,100087,166,99956,166,100091,100,99950,200,100097,100,99948,100,100103,100,99942,100,100114,100,99939,100,100115,100,99926,200
2019-06-28 09:33:27.174340451,99984,17,99982,166,99993,166,99979,166,100049,166,99967,366,100056,166,99956,166,100061,166,99950,200,100087,166,99948,100,100091,100,99942,100,100097,100,99939,100,100103,100,99926,200,100114,100,99923,100
2019-06-28 09:33:30.000000000,99984,83,99982,166,99993,166,99979,166,100049,166,99967,366,100056,166,99956,166,100061,166,99950,266,100087,100,99948,100,100091,100,99942,100,100097,100,99939,100,100103,100,99926,200,100114,100,99923,100
2019-06-28 09:33:40.000000000,99984,83,99982,166,99993,166,99979,166,100049,166,99967,366,100056,166,99956,166,100061,166,99950,266,100087,100,99948,100,100091,100,99942,100,100097,100,99939,100,100103,100,99926,200,100114,100,99923,100
2019-06-28 09:33:50.000000000,99984,100,99982,183,99993,183,99979,183,100049,183,99967,383,100056,183,99956,183,100061,100,99950,200,100087,100,99948,100,100091,100,99942,100,100097,100,99939,100,100103,100,99926,200,100114,100,99923,100
2019-06-28 09:33:56.650084974,99984,100,99982,183,99993,183,99979,183,100049,183,99967,383,100056,183,99956,183,100061,100,99950,200,100087,100,99948,100,100091,100,99942,100,100097,100,99939,100,100103,100,99926,200,100114,100,99923,100
2019-06-28 09:34:00.000000000,99984,130,99982,213,99993,210,99979,210,100049,210,99967,410,100056,100,99956,100,100061,100,99950,200,100087,100,99948,100,100091,100,99942,100,100097,100,99939,100,100103,100,99926,200,100114,100,99923,100
2019-06-28 09:34:02.146962080,99984,230,99982,213,99993,210,99979,210,100049,210,99967,410,100056,100,99956,100,100061,100,99950,100,100087,100,99948,100,100091,100,99942,100,100097,100,99939,100,100103,100,99926,200,100114,100,99923,100
2019-06-28 09:34:10.000000000,99984,449,99982,432,99993,100,99979,100,100049,100,99967,300,100056,100,99956,100,100061,100,99950,100,100087,100,99948,100,100091,100,99942,100,100097,100,99939,100,100103,100,99926,200,100114,100,99923,100
2019-06-28 09:34:20.000000000,99984,449,99982,432,99993,100,99979,100,100049,100,99967,300,100056,100,99956,100,100061,100,99950,100,100087,100,99948,100,100091,100,99942,100,100097,100,99939,100,100103,100,99926,200,100114,100,99923,100
2019-06-28 09:34:29.108152050,99984,449,99982,432,99993,100,99979,100,100049,100,99967,300,100056,100,99956,100,100061,100,99950,100,100087,100,99948,100,100091,100,99942,100,100103,100,99939,100,100114,100,99926,200,100115,100,99923,100
2019-06-28 09:34:30.000000000,99984,449,99982,432,99993,100,99979,100,100049,100,99967,300,100056,100,99956,100,100061,100,99950,100,100087,100,99948,100,100091,100,99942,100,100103,100,99939,100,100114,100,99926,200,100115,100,99923,100
2019-06-28 09:34:40.000000000,99984,449,99982,432,99993,100,99979,100,100049,100,99967,300,100056,100,99956,100,100061,100,99950,100,100087,100,99948,100,100091,100,99942,100,100103,100,99939,100,100114,100,99926,200,100115,100,99923,100
2019-06-28 09:34:50.000000000,99984,230,99982,213,99993,210,99979,210,100049,210,99967,410,100056,100,99956,100,100061,100,99950,100,100087,100,99948,100,100091,100,99942,100,100103,100,99939,100,100114,100,99926,200,100115,100,99923,100
2019-06-28 09:35:00.000000000,99984,183,99982,166,99993,166,99979,166,100049,166,99967,366,100056,166,99956,166,100061,166,99950,166,100087,100,99948,100,100091,100,99942,100,100103,100,99939,100,100114,100,99926,200,100115,100,99923,100
2019-06-28 09:35:10.000000000,99984,449,99982,432,99993,100,99979,100,100049,100,99967,300,100056,100,99956,100,100061,100,99950,100,100087,100,99948,100,100091,100,99942,100,100103,100,99939,100,100114,100,99926,200,100115,100,99923,100
2019-06-28 09:35:13.492799889,99984,349,99982,432,99993,100,99979,100,100049,100,99967,300,100056,100,99956,100,100061,100,99950,100,100087,100,99948,100,100091,100,99942,100,100103,100,99939,100,100114,100,99926,200,100115,100,99923,100
2019-06-28 09:35:15.891257318,99983,100,99982,432,99984,349,99979,100,100049,100,99967,300,100056,100,99956,100,100061,100,99950,100,100087,100,99948,100,100091,100,99942,100,100103,100,99939,100,100114,100,99926,200,100115,100,99923,100
2019-06-28 09:35:20.000000000,99983,432,99982,432,99984,17,99979,100,100049,100,99967,300,100056,100,99956,100,100061,100,99950,100,100087,100,99948,100,100091,100,99942,100,100103,100,99939,100,100114,100,99926,200,100115,100,99923,100
2019-06-28 09:35:30.000000000,99983,213,99982,213,99984,127,99979,210,100049,210,99967,410,100056,100,99956,100,100061,100,99950,100,100087,100,99948,100,100091,100,99942,100,100103,100,99939,100,100114,100,99926,200,100115,100,99923,100
2019-06-28 09:35:40.000000000,99983,166,99982,166,99984,83,99979,166,100049,166,99967,366,100056,166,99956,166,100061,166,99950,166,100087,100,99948,100,100091,100,99942,100,100103,100,99939,100,100114,100,99926,200,100115,100,99923,100
2019-06-28 09:35:50.000000000,99983,432,99982,432,99984,17,99979,100,100049,100,99967,300,100056,100,99956,100,100061,100,99950,100,100087,100,99948,100,100091,100,99942,100,100103,100,99939,100,100114,100,99926,200,100115,100,99923,100
2019-06-28 09:36:00.000000000,99983,166,99982,166,99984,83,99979,166,100049,166,99967,366,100056,166,99956,166,100061,166,99950,166,100087,100,99948,100,100091,100,99942,100,100103,100,99939,100,100114,100,99926,200,100115,100,99923,100
2019-06-28 09:36:06.882503081,99983,66,99982,166,99984,83,99979,166,100049,166,99967,366,100056,166,99956,166,100061,166,99950,166,100087,100,99948,100,100103,100,99942,100,100114,100,99939,100,100115,100,99926,200,100126,100,99923,100
2019-06-28 09:36:10.000000000,99984,349,99982,432,100049,100,99979,100,100056,100,99967,300,100061,100,99956,100,100087,100,99950,100,100103,100,99948,100,100114,100,99942,100,100115,100,99939,100,100126,100,99926,200,100160,100,99923,100
2019-06-28 09:36:17.399340476,99984,249,99982,432,100049,100,99979,100,100056,100,99967,300,100061,100,99956,100,100087,100,99950,100,100103,100,99948,100,100114,100,99942,100,100115,100,99939,100,100126,100,99926,200,100160,100,99923,100
2019-06-28 09:36:18.899963465,99984,249,99982,432,100049,100,99979,100,100056,100,99967,300,100061,100,99956,100,100087,100,99950,100,100103,100,99948,100,100114,100,99942,100,100115,100,99939,100,100126,100,99926,200,100160,100,99923,100
2019-06-28 09:36:20.000000000,100049,432,99982,432,100056,100,99979,100,100061,100,99967,300,100087,100,99956,100,100103,100,99950,100,100114,100,99948,100,100115,100,99942,100,100126,100,99939,100,100160,100,99926,200,100162,100,99923,100
2019-06-28 09:36:30.000000000,100049,166,99982,166,100056,166,99979,166,100061,166,99967,366,100087,166,99956,166,100103,166,99950,166,100114,100,99948,100,100115,100,99942,100,100126,100,99939,100,100160,100,99926,200,100162,100,99923,100
2019-06-28 09:36:40.000000000,100049,166,99982,166,100056,166,99979,166,100061,166,99967,366,100087,166,99956,166,100103,166,99950,166,100114,100,99948,100,100115,100,99942,100,100126,100,99939,100,100160,100,99926,200,100162,100,99923,100
2019-06-28 09:36:50.000000000,100049,266,99982,266,100056,266,99979,266,100061,100,99967,300,100087,100,99956,100,100103,100,99950,100,100114,100,99948,100,100115,100,99942,100,100126,100,99939,100,100160,100,99926,200,100162,100,99923,100
2019-06-28 09:36:51.177743700,100049,266,99982,266,100056,266,99979,266,100061,100,99967,300,100087,100,99956,100,100103,100,99948,100,100114,100,99942,100,100115,100,99939,100,100126,100,99926,200,100160,100,99923,100,100162,100,99918,100
2019-06-28 09:37:00.000000000,100049,183,99982,183,100056,183,99979,183,100061,183,99967,383,100087,183,99956,183,100103,100,99948,100,100114,100,99942,100,100115,100,99939,100,100126,100,99926,200,100160,100,99923,100,100162,100,99918,100
2019-06-28 09:37:06.228413411,100049,83,99982,183,100056,183,99979,183,100061,183,99967,383,100087,183,99956,183,100103,100,99948,100,100114,100,99942,100,100115,100,99939,100,100126,100,99926,200,100160,100,99923,100,100162,100,99918,100
2019-06-28 09:37:10.000000000,100056,213,99982,213,100061,210,99979,210,100087,210,99967,410,100103,100,99956,100,100114,100,99948,100,100115,100,99942,100,100126,100,99939,100,100160,100,99926,200,100162,100,99923,100,100186,100,99918,100
2019-06-28 09:37:11.933071474,100056,113,99982,213,100061,210,99979,210,100087,210,99967,410,100103,100,99956,100,100114,100,99948,100,100126,100,99942,100,100160,100,99939,100,100162,100,99926,200,100186,100,99923,100,100196,100,99918,100
2019-06-28 09:37:20.000000000,100061,213,99982,213,100087,210,99979,210,100103,210,99967,410,100114,100,99956,100,100126,100,99948,100,100160,100,99942,100,100162,100,99939,100,100186,100,99926,200,100196,100,99923,100,100241,100,99918,100
2019-06-28 09:37:30.000000000,100061,166,99982,166,100087,166,99979,166,100103,166,99967,366,100114,166,99956,166,100126,166,99948,166,100160,100,99942,100,100162,100,99939,100,100186,100,99926,200,100196,100,99923,100,100241,100,99918,100
2019-06-28 09:37:32.624657432,100061,166,99982,166,100087,166,99979,166,100103,166,99967,366,100114,166,99956,166,100126,166,99948,166,100160,100,99942,100,100162,100,99939,100,100186,100,99926,200,100196,100,99923,100,100241,100,99918,100
2019-06-28 09:37:38.562009750,100061,66,99982,166,100087,166,99979,166,100103,166,99967,366,100114,166,99956,166,100126,166,99948,166,100160,100,99942,100,100162,100,99939,100,100186,100,99926,200,100196,100,99923,100,100241,100,99918,100
2019-06-28 09:37:40.000000000,100087,266,99982,266,100103,266,99979,266,100114,100,99967,300,100126,100,99956,100,100160,100,99948,100,100162,100,99942,100,100186,100,99939,100,100196,100,99926,200,100241,100,99923,100,100269,100,99918,100
2019-06-28 09:37:50.000000000,100087,432,99982,432,100103,100,99979,100,100114,100,99967,300,100126,100,99956,100,100160,100,99948,100,100162,100,99942,100,100186,100,99939,100,100196,100,99926,200,100241,100,99923,100,100269,100,99918,100
2019-06-28 09:37:50.323806610,100087,432,99982,432,100103,100,99979,100,100114,100,99967,300,100126,100,99956,100,100160,100,99948,100,100162,100,99942,100,100186,100,99939,100,100196,100,99926,200,100241,100,99923,100,100269,100,99918,100
2019-06-28 09:37:52.373114060,100087,432,100056,100,100103,100,99982,432,100114,100,99979,100,100126,100,99967,300,100160,100,99956,100,100162,100,99948,100,100186,100,99942,100,100196,100,99939,100,100241,100,99926,200,100269,100,99923,100
2019-06-28 09:38:00.000000000,100087,183,100056,183,100103,183,99982,183,100114,183,99979,183,100126,183,99967,383,100160,100,99956,100,100162,100,99948,100,100186,100,99942,100,100196,100,99939,100,100241,100,99926,200,100269,100,99923,100
2019-06-28 09:38:00.681868230,100087,83,100056,183,100103,183,99982,183,100114,183,99979,183,100126,183,99967,383,100160,100,99956,100,100162,100,99948,100,100186,100,99942,100,100196,100,99939,100,100241,100,99926,200,100269,100,99923,100
2019-06-28 09:38:08.351136031,100103,183,100087,17,100114,183,100056,183,100126,83,99982,183,100160,100,99979,183,100162,100,99967,383,100186,100,99956,100,100196,100,99948,100,100241,100,99942,100,100269,100,99939,100,100270,100,99926,200
2019-06-28 09:38:10.000000000,100103,432,100087,349,100114,100,100056,100,100160,100,99982,100,100162,100,99979,100,100186,100,99967,300,100196,100,99956,100,100241,100,99948,100,100269,100,99942,100,100270,100,99939,100,100285,100,99926,200
2019-06-28 09:38:14.233961616,100103,432,100087,449,100114,100,100056,100,100160,100,99982,100,100162,100,99979,100,100186,100,99967,300,100196,100,99956,100,100241,100,99948,100,100269,100,99942,100,100270,100,99939,100,100285,100,99926,200
2019-06-28 09:38:20.000000000,100103,432,100087,449,100114,100,100056,100,100160,100,99982,100,100162,100,99979,100,100186,100,99967,300,100196,100,99956,100,100241,100,99948,100,100269,100,99942,100,100270,100,99939,100,100285,100,99926,200
2019-06-28 09:38:28.902342343,100103,332,100087,449,100160,100,100056,100,100162,100,99982,100,100186,100,99979,100,100196,100,99967,300,100241,100,99956,100,100269,100,99948,100,100270,100,99942,100,100285,100,99939,100,100295,100,99926,200
2019-06-28 09:38:30.000000000,100160,432,100087,449,100162,100,100056,100,100186,100,99982,100,100196,100,99979,100,100241,100,99967,300,100269,100,99956,100,100270,100,99948,100,100285,100,99942,100,100295,100,99939,100,100471,100,99926,200
2019-06-28 09:38:31.251291630,100160,432,100087,449,100162,100,100056,100,100186,100,99982,100,100196,100,99979,100,100241,100,99967,300,100269,100,99956,100,100270,100,99948,100,100285,100,99939,100,100295,100,99926,200,100471,100,99923,100
2019-06-28 09:38:31.443349216,100160,432,100087,449,100186,100,100056,100,100196,100,99982,100,100241,100,99979,100,100269,100,99967,300,100270,100,99956,100,100285,100,99948,100,100295,100,99939,100,100471,100,99926,200,100525,100,99923,100
2019-06-28 09:38:33.683199776,100160,432,100088,100,100186,100,100087,449,100196,100,100056,100,100241,100,99982,100,100269,100,99979,100,100270,100,99967,300,100285,100,99956,100,100295,100,99948,100,100471,100,99939,100,100525,100,99926,200
2019-06-28 09:38:39.054371532,100160,432,100088,100,100186,100,100087,449,100196,100,100056,100,100228,100,99982,100,100241,100,99979,100,100269,100,99967,300,100270,100,99956,100,100285,100,99948,100,100295,100,99939,100,100471,100,99926,200
2019-06-28 09:38:40.000000000,100160,166,100088,166,100186,166,100087,183,100196,166,100056,166,100228,166,99982,166,100241,166,99979,166,100269,100,99967,300,100270,100,99956,100,100285,100,99948,100,100295,100,99939,100,100471,100,99926,200
2019-06-28 09:38:46.330101912,100160,166,100088,66,100186,166,100087,183,100196,166,100056,166,100228,166,99982,166,100241,166,99979,166,100269,100,99967,300,100270,100,99956,100,100285,100,99948,100,100295,100,99939,100,100471,100,99926,200
2019-06-28 09:38:50.000000000,100160,266,100087,283,100186,266,100056,266,100196,100,99982,100,100228,100,99979,100,100241,100,99967,300,100269,100,99956,100,100270,100,99948,100,100285,100,99939,100,100295,100,99926,200,100471,100,99923,100
2019-06-28 09:39:00.000000000,100160,266,100087,283,100186,266,100056,266,100196,100,99982,100,100228,100,99979,100,100241,100,99967,300,100269,100,99956,100,100270,100,99948,100,100285,100,99939,100,100295,100,99926,200,100471,100,99923,100
2019-06-28 09:39:05.403729618,100160,266,100089,100,100186,266,100087,283,100196,100,100056,266,100228,100,99982,100,100241,100,99979,100,100269,100,99967,200,100270,100,99956,100,100285,100,99948,100,100295,100,99939,100,100471,100,99926,200
2019-06-28 09:39:10.000000000,100160,432,100089,432,100186,100,100087,117,100196,100,100056,100,100228,100,99982,100,100241,100,99979,100,100269,100,99967,200,100270,100,99956,100,100285,100,99948,100,100295,100,99939,100,100471,100,99926,200
2019-06-28 09:39:15.683555572,100160,432,100089,532,100186,100,100087,17,100196,100,100056,100,100228,100,99982,100,100241,100,99979,100,100269,100,99967,200,100270,100,99956,100,100285,100,99948,100,100295,100,99939,100,100471,100,99926,200
2019-06-28 09:39:20.000000000,100160,183,100089,283,100186,183,100087,100,100196,183,100056,183,100228,183,99982,183,100241,100,99979,100,100269,100,99967,200,100270,100,99956,100,100285,100,99948,100,100295,100,99939,100,100471,100,99926,200
2019-06-28 09:39:30.000000000,100160,183,100089,283,100186,183,100087,100,100196,183,100056,183,100228,183,99982,183,100241,100,99979,100,100269,100,99967,200,100270,100,99956,100,100285,100,99948,100,100295,100,99939,100,100471,100,99926,200
2019-06-28 09:39:30.702738529,100102,100,100089,283,100160,183,100087,100,100186,183,100056,183,100196,183,99982,183,100228,183,99979,100,100241,100,99967,200,100269,100,99956,100,100270,100,99948,100,100285,100,99939,100,100295,100,99926,200
2019-06-28 09:39:40.000000000,100102,213,100089,313,100160,210,100087,127,100186,210,100056,210,100196,100,99982,100,100228,100,99979,100,100241,100,99967,200,100269,100,99956,100,100270,100,99948,100,100285,100,99939,100,100295,100,99926,200
2019-06-28 09:39:48.138393804,100102,213,100089,213,100160,210,100087,127,100186,210,100056,210,100196,100,99982,100,100228,100,99979,100,100241,100,99967,200,100269,100,99956,100,100270,100,99948,100,100285,100,99939,100,100295,100,99926,200
2019-06-28 09:39:50.000000000,100102,432,100089,432,100160,100,100087,17,100186,100,100056,100,100196,100,99982,100,100228,100,99979,100,100241,100,99967,200,100269,100,99956,100,100270,100,99948,100,100285,100,99939,100,100295,100,99926,200
2019-06-28 09:40:00.000000000,100102,213,100089,213,100160,210,100087,127,100186,210,100056,210,100196,100,99982,100,100228,100,99979,100,100241,100,99967,200,100269,100,99956,100,100270,100,99948,100,100285,100,99939,100,100295,100,99926,200
2019-06-28 09:40:03.275872231,100102,213,100089,113,100160,210,100087,127,100186,210,100056,210,100196,100,99982,100,100228,100,99979,100,100241,100,99967,200,100269,100,99956,100,100270,100,99948,100,100285,100,99939,100,100295,100,99926,200
2019-06-28 09:40:10.000000000,100102,432,100087,349,100160,100,100056,100,100186,100,99982,100,100196,100,99979,100,100228,100,99967,200,100241,100,99956,100,100269,100,99948,100,100270,100,99939,100,100285,100,99926,200,100295,100,99923,100
2019-06-28 09:40:20.000000000,100102,183,100087,100,100160,183,100056,183,100186,183,99982,183,100196,183,99979,183,100228,100,99967,200,100241,100,99956,100,100269,100,99948,100,100270,100,99939,100,100285,100,99926,200,100295,100,99923,100
2019-06-28 09:40:24.374119967,100102,183,100056,183,100160,183,99982,183,100186,183,99979,183,100196,183,99967,200,100228,100,99956,100,100241,100,99948,100,100269,100,99939,100,100285,100,99926,200,100295,100,99923,100,100471,100,99918,100
2019-06-28 09:40:30.000000000,100102,266,100056,266,100160,266,99982,266,100186,100,99979,100,100196,100,99967,200,100228,100,99956,100,100241,100,99948,100,100269,100,99939,100,100285,100,99926,200,100295,100,99923,100,100471,100,99918,100
2019-06-28 09:40:40.000000000,100102,166,100056,166,100160,166,99982,166,100186,166,99979,166,100196,166,99967,266,100228,166,99956,166,100241,100,99948,100,100269,100,99939,100,100285,100,99926,200,100295,100,99923,100,100471,100,99918,100
2019-06-28 09:40:50.000000000,100102,166,100056,166,100160,166,99982,166,100186,166,99979,166,100196,166,99967,266,100228,166,99956,166,100241,100,99948,100,100269,100,99939,100,100285,100,99926,200,100295,100,99923,100,100471,100,99918,100
2019-06-28 09:41:00.000000000,100102,166,100056,166,100160,166,99982,166,100186,166,99979,166,100196,166,99967,266,100228,166,99956,166,100241,100,99948,100,100269,100,99939,100,100285,100,99926,200,100295,100,99923,100,100471,100,99918,100
2019-06-28 09:41:09.571149853,100102,166,100056,166,100160,166,99982,66,100186,166,99979,166,100196,166,99967,266,100228,166,99956,166,100241,100,99948,100,100269,100,99939,100,100285,100,99926,200,100295,100,99923,100,100471,100,99918,100
2019-06-28 09:41:09.691277169,100102,166,100056,166,100160,166,99982,66,100186,166,99979,166,100196,166,99967,266,100228,166,99956,166,100241,100,99948,100,100269,100,99939,100,100285,100,99926,200,100471,100,99923,100,100525,100,99918,100
2019-06-28 09:41:10.000000000,100102,432,100056,432,100160,100,99979,100,100186,100,99967,200,100196,100,99956,100,100228,100,99948,100,100241,100,99939,100,100269,100,99926,200,100285,100,99923,100,100471,100,99918,100,100525,100,99916,100
2019-06-28 09:41:11.908731730,100089,100,100056,432,100102,432,99979,100,100160,100,99967,200,100186,100,99956,100,100196,100,99948,100,100228,100,99939,100,100241,100,99926,200,100269,100,99923,100,100285,100,99918,100,100471,100,99916,100
2019-06-28 09:41:20.000000000,100089,213,100056,213,100102,210,99979,210,100160,210,99967,310,100186,100,99956,100,100196,100,99948,100,100228,100,99939,100,100241,100,99926,200,100269,100,99923,100,100285,100,99918,100,100471,100,99916,100
2019-06-28 09:41:25.442523186,100089,213,100056,213,100102,210,99979,210,100160,210,99967,310,100186,100,99956,100,100196,100,99948,100,100228,100,99939,100,100241,100,99926,200,100269,100,99923,100,100285,100,99918,100,100471,100,99916,100
2019-06-28 09:41:29.013151164,100089,213,100056,113,100102,210,99979,110,100160,210,99967,310,100186,100,99956,100,100196,100,99948,100,100228,100,99939,100,100241,100,99926,200,100269,100,99923,100,100285,100,99918,100,100471,100,99916,100
2019-06-28 09:41:30.000000000,100089,266,99967,366,100102,266,99956,266,100160,100,99948,100,100186,100,99939,100,100196,100,99926,200,100228,100,99923,100,100241,100,99918,100,100269,100,99916,100,100285,100,99915,100,100471,100,99881,100
2019-06-28 09:41:39.730062045,100089,266,99967,266,100102,266,99956,266,100160,100,99948,100,100186,100,99939,100,100196,100,99926,200,100228,100,99923,100,100241,100,99918,100,100269,100,99916,100,100285,100,99915,100,100471,100,99881,100
2019-06-28 09:41:40.000000000,100089,266,99967,266,100102,266,99956,266,100160,100,99948,100,100186,100,99939,100,100196,100,99926,200,100228,100,99923,100,100241,100,99918,100,100269,100,99916,100,100285,100,99915,100,100471,100,99881,100
2019-06-28 09:41:50.000000000,100089,213,99967,213,100102,210,99956,210,100160,210,99948,210,100186,100,99939,100,100196,100,99926,200,100228,100,99923,100,100241,100,99918,100,100269,100,99916,100,100285,100,99915,100,100471,100,99881,100
2019-06-28 09:41:58.491663775,100089,213,99967,213,100102,210,99956,210,100160,210,99948,210,100186,100,99939,100,100196,100,99926,200,100241,100,99923,100,100269,100,99918,100,100285,100,99916,100,100471,100,99915,100,100525,100,99881,100
2019-06-28 09:42:00.000000000,100089,432,99967,432,100102,100,99956,100,100160,100,99948,100,100186,100,99939,100,100196,100,99926,200,100241,100,99923,100,100269,100,99918,100,100285,100,99916,100,100471,100,99915,100,100525,100,99881,100
2019-06-28 09:42:00.263986898,100089,432,100062,100,100102,100,99967,432,100160,100,99956,100,100186,100,99948,100,100196,100,99939,100,100241,100,99926,200,100269,100,99923,100,100285,100,99918,100,100471,100,99916,100,100525,100,99881,100
2019-06-28 09:42:08.550933306,100057,100,99967,432,100089,432,99956,100,100102,100,99948,100,100160,100,99939,100,100186,100,99926,200,100196,100,99923,100,100241,100,99918,100,100269,100,99916,100,100285,100,99881,100,100471,100,99856,100
2019-06-28 09:42:10.000000000,100057,183,99967,183,100089,183,99956,183,100102,183,99948,183,100160,183,99939,183,100186,100,99926,200,100196,100,99923,100,100241,100,99918,100,100269,100,99916,100,100285,100,99881,100,100471,100,99856,100
2019-06-28 09:42:10.644835657,100057,183,99968,100,100089,183,99967,183,100102,183,99956,183,100160,183,99948,183,100186,100,99939,183,100196,100,99926,200,100241,100,99923,100,100269,100,99918,100,100285,100,99916,100,100471,100,99881,100
2019-06-28 09:42:13.388756522,100057,183,99968,100,100089,183,99967,183,100102,183,99956,183,100160,183,99948,183,100186,100,99939,183,100196,100,99926,200,100241,100,99923,100,100269,100,99918,100,100285,100,99916,100,100297,100,99881,100
2019-06-28 09:42:20.000000000,100057,166,99968,166,100089,166,99967,166,100102,166,99956,166,100160,166,99948,166,100186,166,99939,166,100196,100,99926,200,100241,100,99923,100,100269,100,99918,100,100285,100,99916,100,100297,100,99881,100
2019-06-28 09:42:30.000000000,100057,183,99968,183,100089,183,99967,183,100102,183,99956,183,100160,183,99948,183,100186,100,99939,100,100196,100,99926,200,100241,100,99923,100,100269,100,99918,100,100285,100,99916,100,100297,100,99881,100
2019-06-28 09:42:35.759726426,100017,100,99968,183,100057,183,99967,183,100089,183,99956,183,100102,183,99948,183,100160,183,99939,100,100186,100,99926,200,100196,100,99923,100,100241,100,99918,100,100269,100,99916,100,100285,100,99881,100
2019-06-28 09:42:40.000000000,100017,183,99968,183,100057,183,99967,183,100089,183,99956,183,100102,183,99948,183,100160,100,99939,100,100186,100,99926,200,100196,100,99923,100,100241,100,99918,100,100269,100,99916,100,100285,100,99881,100
2019-06-28 09:42:50.000000000,100017,213,99968,213,100057,210,99967,210,100089,210,99956,210,100102,100,99948,100,100160,100,99939,100,100186,100,99926,200,100196,100,99923,100,100241,100,99918,100,100269,100,99916,100,100285,100,99881,100
2019-06-28 09:43:00.000000000,100017,266,99968,266,100057,266,99967,266,100089,100,99956,100,100102,100,99948,100,100160,100,99939,100,100186,100,99926,200,100196,100,99923,100,100241,100,99918,100,100269,100,99916,100,100285,100,99881,100
2019-06-28 09:43:10.000000000,100017,166,99968,166,100057,166,99967,166,100089,166,99956,166,100102,166,99948,166,100160,166,99939,166,100186,100,99926,200,100196,100,99923,100,100241,100,99918,100,100269,100,99916,100,100285,100,99881,100
2019-06-28 09:43:18.098637737,100017,166,99968,166,100056,100,99967,166,100057,166,99956,166,100089,166,99948,166,100102,166,99939,166,100160,166,99926,200,100186,100,99923,100,100196,100,99918,100,100241,100,99916,100,100269,100,99881,100
2019-06-28 09:43:20.000000000,100017,266,99968,266,100056,266,99967,266,100057,100,99956,100,100089,100,99948,100,100102,100,99939,100,100160,100,99926,200,100186,100,99923,100,100196,100,99918,100,100241,100,99916,100,100269,100,99881,100
2019-06-28 09:43:30.000000000,100017,166,99968,166,100056,166,99967,166,100057,166,99956,166,100089,166,99948,166,100102,166,99939,166,100160,100,99926,200,100186,100,99923,100,100196,100,99918,100,100241,100,99916,100,100269,100,99881,100
2019-06-28 09:43:30.062907456,99978,100,99968,166,100017,166,99967,166,100056,166,99956,166,100057,166,99948,166,100089,166,99939,166,100102,166,99926,200,100160,100,99923,100,100186,100,99918,100,100196,100,99916,100,100241,100,99881,100
2019-06-28 09:43:40.000000000,99978,266,99968,266,100017,266,99967,266,100056,100,99956,100,100057,100,99948,100,100089,100,99939,100,100102,100,99926,200,100160,100,99923,100,100186,100,99918,100,100196,100,99916,100,100241,100,99881,100
2019-06-28 09:43:40.211508900,99978,266,99968,266,100017,266,99967,266,100056,100,99956,100,100057,100,99948,100,100089,100,99939,100,100102,100,99926,200,100160,100,99923,100,100186,100,99918,100,100196,100,99916,100,100241,100,99881,100
2019-06-28 09:43:43.028201592,99978,266,99968,266,100017,266,99967,266,100056,100,99956,100,100057,100,99948,100,100089,100,99939,100,100102,100,99926,200,100160,100,99923,100,100186,100,99918,100,100196,100,99916,100,100241,100,99881,100
2019-06-28 09:43:47.548947667,99978,266,99968,266,100017,266,99967,266,100056,200,99956,100,100057,100,99948,100,100102,100,99939,100,100160,100,99926,200,100186,100,99923,100,100196,100,99918,100,100241,100,99916,100,100269,100,99881,100
2019-06-28 09:43:50.000000000,99978,266,99968,266,100017,266,99967,266,100056,200,99956,100,100057,100,99948,100,100102,100,99939,100,100160,100,99926,200,100186,100,99923,100,100196,100,99918,100,100241,100,99916,100,100269,100,99881,100
2019-06-28 09:43:55.023717634,99969,100,99968,266,99978,266,99967,266,100017,266,99956,100,100056,200,99948,100,100057,100,99939,100,100102,100,99926,200,100160,100,99923,100,100186,100,99918,100,100196,100,99916,100,100241,100,99881,100
2019-06-28 09:44:00.000000000,99969,166,99968,166,99978,166,99967,166,100017,166,99956,166,100056,266,99948,166,100057,166,99939,166,100102,100,99926,200,100160,100,99923,100,100186,100,99918,100,100196,100,99916,100,100241,100,99881,100
2019-06-28 09:44:10.000000000,99969,432,99968,432,99978,100,99967,100,100017,100,99956,100,100056,200,99948,100,100057,100,99939,100,100102,100,99926,200,100160,100,99923,100,100186,100,99918,100,100196,100,99916,100,100241,100,99881,100
2019-06-28 09:44:14.389313733,99969,432,99968,432,99978,100,99967,100,100017,100,99956,100,100033,100,99948,100,100056,200,99939,100,100057,100,99926,200,100102,100,99923,100,100160,100,99918,100,100186,100,99916,100,100196,100,99881,100
2019-06-28 09:44:20.000000000,99969,166,99968,166,99978,166,99967,166,100017,166,99956,166,100033,166,99948,166,100056,266,99939,166,100057,100,99926,200,100102,100,99923,100,100160,100,99918,100,100186,100,99916,100,100196,100,99881,100
2019-06-28 09:44:30.000000000,99969,166,99968,166,99978,166,99967,166,100017,166,99956,166,100033,166,99948,166,100056,266,99939,166,100057,100,99926,200,100102,100,99923,100,100160,100,99918,100,100186,100,99916,100,100196,100,99881,100
2019-06-28 09:44:35.256325062,99969,166,99968,66,99978,166,99967,166,100017,166,99956,166,100033,166,99948,166,100056,266,99939,166,100057,100,99926,200,100102,100,99923,100,100160,100,99918,100,100186,100,99916,100,100196,100,99881,100
2019-06-28 09:44:35.697245938,99969,166,99968,66,99978,166,99967,166,100017,166,99956,166,100033,166,99948,166,100056,266,99939,166,100057,100,99926,200,100102,100,99923,100,100160,100,99918,100,100186,100,99916,100,100196,100,99881,100
2019-06-28 09:44:40.000000000,99969,213,99967,213,99978,210,99956,210,100017,210,99948,210,100033,100,99939,100,100056,200,99926,200,100057,100,99923,100,100102,100,99918,100,100160,100,99916,100,100186,100,99881,100,100196,100,99856,100
2019-06-28 09:44:50.000000000,99969,266,99967,266,99978,266,99956,266,100017,100,99948,100,100033,100,99939,100,100056,200,99926,200,100057,100,99923,100,100102,100,99918,100,100160,100,99916,100,100186,100,99881,100,100196,100,99856,100
2019-06-28 09:45:00.000000000,99969,213,99967,213,99978,210,99956,210,100017,210,99948,210,100033,100,99939,100,100056,200,99926,200,100057,100,99923,100,100102,100,99918,100,100160,100,99916,100,100186,100,99881,100,100196,100,99856,100
2019-06-28 09:45:10.000000000,99969,183,99967,183,99978,183,99956,183,100017,183,99948,183,100033,183,99939,183,100056,200,99926,200,100057,100,99923,100,100102,100,99918,100,100160,100,99916,100,100186,100,99881,100,100196,100,99856,100
2019-06-28 09:45:17.003811314,99969,183,99967,83,99978,183,99956,183,100017,183,99948,183,100033,183,99939,183,100056,200,99926,200,100057,100,99923,100,100102,100,99918,100,100160,100,99916,100,100186,100,99881,100,100196,100,99856,100
2019-06-28 09:45:20.000000000,99969,432,99956,432,99978,100,99948,100,100017,100,99939,100,100033,100,99926,200,100056,200,99923,100,100057,100,99918,100,100102,100,99916,100,100160,100,99881,100,100186,100,99856,100,100196,100,99823,100
2019-06-28 09:45:25.180030218,99969,432,99956,432,99978,100,99948,100,100017,100,99939,100,100033,100,99926,200,100056,200,99923,100,100057,100,99918,100,100102,100,99916,100,100160,100,99881,100,100186,100,99856,100,100196,100,99823,100
2019-06-28 09:45:27.253097344,99969,432,99956,432,99978,100,99948,100,100017,100,99939,100,100033,100,99926,200,100056,200,99923,100,100057,100,99918,100,100102,100,99916,100,100186,100,99881,100,100196,100,99856,100,100241,100,99823,100
2019-06-28 09:45:30.000000000,99969,432,99956,432,99978,100,99948,100,100017,100,99939,100,100033,100,99926,200,100056,200,99923,100,100057,100,99918,100,100102,100,99916,100,100186,100,99881,100,100196,100,99856,100,100241,100,99823,100
2019-06-28 09:45:35.162776886,99969,432,99956,332,99978,100,99948,100,100017,100,99939,100,100033,100,99926,200,100056,200,99923,100,100057,100,99918,100,100102,100,99916,100,100186,100,99881,100,100196,100,99856,100,100241,100,99823,100
2019-06-28 09:45:36.093117650,99969,432,99956,332,99978,100,99948,100,100017,100,99939,100,100056,200,99926,200,100057,100,99923,100,100102,100,99918,100,100186,100,99916,100,100196,100,99881,100,100241,100,99856,100,100269,100,99823,100
2019-06-28 09:45:40.000000000,99969,166,99948,166,99978,166,99939,166,100017,166,99926,266,100056,266,99923,166,100057,166,99918,166,100102,100,99916,100,100186,100,99881,100,100196,100,99856,100,100241,100,99823,100,100269,100,99803,100
2019-06-28 09:45:49.523722632,99969,166,99948,66,99978,166,99939,166,100017,166,99926,266,100056,266,99923,166,100057,166,99918,166,100102,100,99916,100,100186,100,99881,100,100196,100,99856,100,100241,100,99823,100,100269,100,99803,100
2019-06-28 09:45:50.000000000,99969,432,99939,432,99978,100,99926,200,100017,100,99923,100,100056,200,99918,100,100057,100,99916,100,100102,100,99881,100,100186,100,99856,100,100196,100,99823,100,100241,100,99803,100,100269,100,99672,100
2019-06-28 09:46:00.000000000,99969,432,99939,432,99978,100,99926,200,100017,100,99923,100,100056,200,99918,100,100057,100,99916,100,100102,100,99881,100,100186,100,99856,100,100196,100,99823,100,100241,100,99803,100,100269,100,99672,100
2019-06-28 09:46:10.000000000,99969,183,99939,183,99978,183,99926,283,100017,183,99923,183,100056,283,99918,183,100057,100,99916,100,100102,100,99881,100,100186,100,99856,100,100196,100,99823,100,100241,100,99803,100,100269,100,99672,100
2019-06-28 09:46:20.000000000,99969,183,99939,183,99978,183,99926,283,100017,183,99923,183,100056,283,99918,183,100057,100,99916,100,100102,100,99881,100,100186,100,99856,100,100196,100,99823,100,100241,100,99803,100,100269,100,99672,100
2019-06-28 09:46:30.000000000,99969,266,99939,266,99978,266,99926,366,100017,100,99923,100,100056,200,99918,100,100057,100,99916,100,100102,100,99881,100,100186,100,99856,100,100196,100,99823,100,100241,100,99803,100,100269,100,99672,100
2019-06-28 09:46:40.000000000,99969,166,99939,166,99978,166,99926,266,100017,166,99923,166,100056,266,99918,166,100057,166,99916,166,100102,100,99881,100,100186,100,99856,100,100196,100,99823,100,100241,100,99803,100,100269,100,99672,100
2019-06-28 09:46:45.881505364,99969,166,99939,66,99978,166,99926,266,100017,166,99923,166,100056,266,99918,166,100057,166,99916,166,100102,100,99856,100,100186,100,99823,100,100196,100,99803,100,100241,100,99672,100,100269,100,99563,100
2019-06-28 09:46:50.000000000,99969,266,99926,366,99978,266,99923,266,100017,100,99918,100,100056,200,99916,100,100057,100,99856,100,100102,100,99823,100,100186,100,99803,100,100196,100,99672,100,100241,100,99563,100,100269,100,99514,100
2019-06-28 09:46:51.561805757,99969,266,99926,366,99978,266,99923,266,100017,100,99918,100,100056,100,99916,100,100057,100,99856,100,100102,100,99823,100,100186,100,99803,100,100196,100,99672,100,100241,100,99563,100,100269,100,99514,100
2019-06-28 09:47:00.000000000,99969,266,99926,366,99978,266,99923,266,100017,100,99918,100,100056,100,99916,100,100057,100,99856,100,100102,100,99823,100,100186,100,99803,100,100196,100,99672,100,100241,100,99563,100,100269,100,99514,100
2019-06-28 09:47:10.000000000,99969,432,99926,532,99978,100,99923,100,100017,100,99918,100,100056,100,99916,100,100057,100,99856,100,100102,100,99823,100,100186,100,99803,100,100196,100,99672,100,100241,100,99563,100,100269,100,99514,100
2019-06-28 09:47:20.000000000,99969,166,99926,266,99978,166,99923,166,100017,166,99918,166,100056,166,99916,166,100057,166,99856,166,100102,100,99823,100,100186,100,99803,100,100196,100,99672,100,100241,100,99563,100,100269,100,99514,100
2019-06-28 09:47:30.000000000,99969,432,99926,532,99978,100,99923,100,100017,100,99918,100,100056,100,99916,100,100057,100,99856,100,100102,100,99823,100,100186,100,99803,100,100196,100,99672,100,100241,100,99563,100,100269,100,99514,100
2019-06-28 09:47:40.000000000,99969,183,99926,283,99978,183,99923,183,100017,183,99918,183,100056,183,99916,183,100057,100,99856,100,100102,100,99823,100,100186,100,99803,100,100196,100,99672,100,100241,100,99563,100,100269,100,99514,100
2019-06-28 09:47:40.406699350,99969,183,99926,283,99978,183,99923,183,100017,183,99918,183,100056,183,99916,183,100057,100,99856,100,100102,100,99823,100,100186,100,99803,100,100196,100,99672,100,100241,100,99563,100,100269,100,99549,100
2019-06-28 09:47:43.073523895,99969,183,99926,183,99978,183,99923,183,100017,183,99918,183,100056,183,99916,183,100057,100,99856,100,100102,100,99823,100,100186,100,99803,100,100196,100,99672,100,100241,100,99563,100,100269,100,99549,100
2019-06-28 09:47:50.000000000,99969,166,99926,166,99978,166,99923,166,100017,166,99918,166,100056,166,99916,166,100057,166,99856,166,100102,100,99823,100,100186,100,99803,100,100196,100,99672,100,100241,100,99563,100,100269,100,99549,100
2019-06-28 09:47:50.909706956,99969,166,99926,66,99978,166,99923,166,100017,166,99918,166,100056,166,99916,166,100057,166,99856,166,100102,100,99823,100,100186,100,99803,100,100196,100,99672,100,100241,100,99563,100,100269,100,99549,100
2019-06-28 09:48:00.000000000,99969,266,99923,266,99978,266,99918,266,100017,100,99916,100,100056,100,99856,100,100057,100,99823,100,100102,100,99803,100,100186,100,99672,100,100196,100,99563,100,100241,100,99549,100,100269,100,99497,100
2019-06-28 09:48:00.127925165,99969,266,99923,166,99978,266,99918,266,100017,100,99916,100,100056,100,99856,100,100057,100,99823,100,100102,100,99803,100,100186,100,99672,100,100196,100,99563,100,100241,100,99549,100,100269,100,99497,100
2019-06-28 09:48:10.000000000,99969,166,99918,166,99978,166,99916,166,100017,166,99856,166,100056,166,99823,166,100057,166,99803,166,100102,100,99672,100,100186,100,99563,100,100196,100,99549,100,100241,100,99497,100,100269,100,99353,100
2019-06-28 09:48:14.242339177,99969,166,99918,166,99978,166,99916,166,100017,166,99856,166,100056,166,99823,166,100057,166,99803,166,100102,100,99672,100,100186,100,99563,100,100196,100,99549,100,100241,100,99497,100,100269,100,99462,100
2019-06-28 09:48:16.190772006,99969,166,99918,66,99978,166,99916,166,100017,166,99856,166,100056,166,99823,166,100057,166,99803,166,100102,100,99672,100,100186,100,99563,100,100196,100,99549,100,100241,100,99497,100,100269,100,99462,100
2019-06-28 09:48:20.000000000,99969,266,99916,266,99978,266,99856,266,100017,100,99823,100,100056,100,99803,100,100057,100,99672,100,100102,100,99563,100,100186,100,99549,100,100196,100,99497,100,100241,100,99462,100,100269,100,99353,100
2019-06-28 09:48:30.000000000,99969,213,99916,213,99978,210,99856,210,100017,210,99823,210,100056,100,99803,100,100057,100,99672,100,100102,100,99563,100,100186,100,99549,100,100196,100,99497,100,100241,100,99462,100,100269,100,99353,100
2019-06-28 09:48:40.000000000,99969,432,99916,432,99978,100,99856,100,100017,100,99823,100,100056,100,99803,100,100057,100,99672,100,100102,100,99563,100,100186,100,99549,100,100196,100,99497,100,100241,100,99462,100,100269,100,99353,100
2019-06-28 09:48:50.000000000,99969,266,99916,266,99978,266,99856,266,100017,100,99823,100,100056,100,99803,100,100057,100,99672,100,100102,100,99563,100,100186,100,99549,100,100196,100,99497,100,100241,100,99462,100,100269,100,99353,100
2019-06-28 09:49:00.000000000,99969,432,99916,432,99978,100,99856,100,100017,100,99823,100,100056,100,99803,100,100057,100,99672,100,100102,100,99563,100,100186,100,99549,100,100196,100,99497,100,100241,100,99462,100,100269,100,99353,100
2019-06-28 09:49:10.000000000,99969,213,99916,213,99978,210,99856,210,100017,210,99823,210,100056,100,99803,100,100057,100,99672,100,100102,100,99563,100,100186,100,99549,100,100196,100,99497,100,100241,100,99462,100,100269,100,99353,100
2019-06-28 09:49:20.000000000,99969,432,99916,432,99978,100,99856,100,100017,100,99823,100,100056,100,99803,100,100057,100,99672,100,100102,100,99563,100,100186,100,99549,100,100196,100,99497,100,100241,100,99462,100,100269,100,99353,100
2019-06-28 09:49:29.120905259,99969,432,99916,432,99978,100,99856,100,100017,100,99823,100,100056,100,99803,100,100057,100,99672,100,100102,100,99563,100,100186,100,99549,100,100196,100,99497,100,100241,100,99462,100,100269,100,99353,100
2019-06-28 09:49:30.000000000,99969,266,99916,266,99978,266,99856,266,100017,100,99823,100,100056,100,99803,100,100057,100,99672,100,100102,100,99563,100,100186,100,99549,100,100196,100,99497,100,100241,100,99462,100,100269,100,99353,100
2019-06-28 09:49:36.866638571,99969,266,99916,166,99978,266,99856,266,100017,100,99803,100,100056,100,99672,100,100057,100,99563,100,100102,100,99549,100,100186,100,99497,100,100196,100,99462,100,100241,100,99353,100,100269,100,99346,100
2019-06-28 09:49:40.000000000,99969,166,99856,166,99978,166,99803,166,100017,166,99672,166,100056,166,99563,166,100057,166,99549,166,100102,100,99497,100,100186,100,99462,100,100196,100,99353,100,100241,100,99346,100,100269,100,99305,100
2019-06-28 09:49:50.000000000,99969,432,99856,432,99978,100,99803,100,100017,100,99672,100,100056,100,99563,100,100057,100,99549,100,100102,100,99497,100,100186,100,99462,100,100196,100,99353,100,100241,100,99346,100,100269,100,99305,100
2019-06-28 09:49:56.710317226,99969,432,99856,432,99978,100,99803,100,100017,100,99672,100,100056,100,99563,100,100057,100,99549,100,100102,100,99462,100,100186,100,99353,100,100196,100,99346,100,100241,100,99305,100,100269,100,97906,100
2019-06-28 09:50:00.000000000,99969,266,99856,266,99978,266,99803,266,100017,100,99672,100,100056,100,99563,100,100057,100,99549,100,100102,100,99462,100,100186,100,99353,100,100196,100,99346,100,100241,100,99305,100,100269,100,97906,100
2019-06-28 09:50:09.402070147,99918,100,99856,266,99969,266,99803,266,99978,266,99672,100,100017,100,99563,100,100056,100,99549,100,100057,100,99462,100,100102,100,99353,100,100186,100,99346,100,100196,100,99305,100,100241,100,97906,100
2019-06-28 09:50:10.000000000,99918,266,99856,266,99969,266,99803,266,99978,100,99672,100,100017,100,99563,100,100056,100,99549,100,100057,100,99462,100,100102,100,99353,100,100186,100,99346,100,100196,100,99305,100,100241,100,97906,100
2019-06-28 09:50:20.000000000,99918,213,99856,213,99969,210,99803,210,99978,210,99672,210,100017,100,99563,100,100056,100,99549,100,100057,100,99462,100,100102,100,99353,100,100186,100,99346,100,100196,100,99305,100,100241,100,97906,100
2019-06-28 09:50:30.000000000,99918,183,99856,183,99969,183,99803,183,99978,183,99672,183,100017,183,99563,183,100056,100,99549,100,100057,100,99462,100,100102,100,99353,100,100186,100,99346,100,100196,100,99305,100,100241,100,97906,100
2019-06-28 09:50:40.000000000,99918,166,99856,166,99969,166,99803,166,99978,166,99672,166,100017,166,99563,166,100056,166,99549,166,100057,100,99462,100,100102,100,99353,100,100186,100,99346,100,100196,100,99305,100,100241,100,97906,100
2019-06-28 09:50:44.609760455,99918,166,99856,66,99969,166,99803,166,99978,166,99672,166,100017,166,99563,166,100056,166,99549,166,100057,100,99353,100,100102,100,99346,100,100186,100,99305,100,100196,100,97906,100,100241,100,97891,100
2019-06-28 09:50:50.000000000,99918,432,99803,432,99969,100,99672,100,99978,100,99563,100,100017,100,99549,100,100056,100,99353,100,100057,100,99346,100,100102,100,99305,100,100186,100,97906,100,100196,100,97891,100,100241,100,,
2019-06-28 09:50:52.724543969,99918,432,99803,332,99969,100,99672,100,99978,100,99563,100,100017,100,99549,100,100056,100,99353,100,100057,100,99346,100,100102,100,99305,100,100186,100,97906,100,100196,100,97891,100,100241,100,,
2019-06-28 09:51:00.000000000,99918,432,99672,432,99969,100,99563,100,99978,100,99549,100,100017,100,99353,100,100056,100,99346,100,100057,100,99305,100,100102,100,97906,100,100186,100,97891,100,100196,100,,,100241,100,,
2019-06-28 09:51:10.000000000,99918,183,99672,183,99969,183,99563,183,99978,183,99549,183,100017,183,99353,183,100056,100,99346,100,100057,100,99305,100,100102,100,97906,100,100186,100,97891,100,100196,100,,,100241,100,,
2019-06-28 09:51:17.534810993,99918,183,99672,83,99969,183,99563,183,99978,183,99549,183,100017,183,99353,183,100056,100,99346,100,100057,100,99305,100,100102,100,97906,100,100186,100,97891,100,100196,100,,,100241,100,,
2019-06-28 09:51:20.000000000,99918,166,99563,166,99969,166,99549,166,99978,166,99353,166,100017,166,99346,166,100056,166,99305,166,100057,100,97906,100,100102,100,97891,100,100186,100,,,100196,100,,,100241,100,,
2019-06-28 09:51:30.000000000,99918,183,99563,183,99969,183,99549,183,99978,183,99353,183,100017,183,99346,183,100056,100,99305,100,100057,100,97906,100,100102,100,97891,100,100186,100,,,100196,100,,,100241,100,,
2019-06-28 09:51:40.000000000,99918,213,99563,213,99969,210,99549,210,99978,210,99353,210,100017,100,99346,100,100056,100,99305,100,100057,100,97906,100,100102,100,97891,100,100186,100,,,100196,100,,,100241,100,,
2019-06-28 09:51:44.805704084,99918,213,99563,113,99969,210,99549,210,99978,210,99353,210,100017,100,99346,100,100056,100,99305,100,100057,100,97906,100,100102,100,97891,100,100186,100,,,100196,100,,,100241,100,,
2019-06-28 09:51:50.000000000,99918,432,99549,432,99969,100,99353,100,99978,100,99346,100,100017,100,99305,100,100056,100,97906,100,100057,100,97891,100,100102,100,,,100186,100,,,100196,100,,,100241,100,,
2019-06-28 09:51:57.256632758,99918,432,99549,432,99969,100,99353,100,99978,100,99346,100,100017,100,99305,100,100056,100,98409,100,100057,100,97906,100,100102,100,97891,100,100186,100,,,100196,100,,,100241,100,,
2019-06-28 09:52:00.000000000,99918,266,99549,266,99969,266,99353,266,99978,100,99346,100,100017,100,99305,100,100056,100,98409,100,100057,100,97906,100,100102,100,97891,100,100186,100,,,100196,100,,,100241,100,,
2019-06-28 09:52:10.000000000,99918,266,99549,266,99969,266,99353,266,99978,100,99346,100,100017,100,99305,100,100056,100,98409,100,100057,100,97906,100,100102,100,97891,100,100186,100,,,100196,100,,,100241,100,,
2019-06-28 09:52:20.000000000,99918,213,99549,213,99969,210,99353,210,99978,210,99346,210,100017,100,99305,100,100056,100,98409,100,100057,100,97906,100,100102,100,97891,100,100186,100,,,100196,100,,,100241,100,,
2019-06-28 09:52:21.467855763,99918,213,99549,213,99969,210,99353,210,99978,210,99346,210,100017,100,99305,100,100056,100,98796,100,100057,100,98409,100,100102,100,97906,100,100186,100,97891,100,100196,100,,,100241,100,,
2019-06-28 09:52:21.684015943,99918,213,99549,213,99969,210,99353,210,99978,210,99346,210,100017,100,99305,100,100056,100,98796,100,100057,100,98616,100,100102,100,98409,100,100186,100,97906,100,100196,100,97891,100,100241,100,,
2019-06-28 09:52:30.000000000,99918,266,99549,266,99969,266,99353,266,99978,100,99346,100,100017,100,99305,100,100056,100,98796,100,100057,100,98616,100,100102,100,98409,100,100186,100,97906,100,100196,100,97891,100,100241,100,,
2019-06-28 09:52:35.822341592,99918,266,99549,166,99969,266,99353,266,99978,100,99346,100,100056,100,99305,100,100057,100,98796,100,100102,100,98616,100,100186,100,98409,100,100196,100,97906,100,100241,100,97891,100,100269,100,,
2019-06-28 09:52:40.000000000,99918,266,99353,266,99969,266,99346,266,99978,100,99305,100,100056,100,98796,100,100057,100,98616,100,100102,100,98409,100,100186,100,97906,100,100196,100,97891,100,100241,100,,,100269,100,,
2019-06-28 09:52:50.000000000,99918,183,99353,183,99969,183,99346,183,99978,183,99305,183,100056,183,98796,183,100057,100,98616,100,100102,100,98409,100,100186,100,97906,100,100196,100,97891,100,100241,100,,,100269,100,,
2019-06-28 09:53:00.000000000,99918,213,99353,213,99969,210,99346,210,99978,210,99305,210,100056,100,98796,100,100057,100,98616,100,100102,100,98409,100,100186,100,97906,100,100196,100,97891,100,100241,100,,,100269,100,,
2019-06-28 09:53:10.000000000,99918,166,99353,166,99969,166,99346,166,99978,166,99305,166,100056,166,98796,166,100057,166,98616,166,100102,100,98409,100,100186,100,97906,100,100196,100,97891,100,100241,100,,,100269,100,,
2019-06-28 09:53:20.000000000,99918,266,99353,266,99969,266,99346,266,99978,100,99305,100,100056,100,98796,100,100057,100,98616,100,100102,100,98409,100,100186,100,97906,100,100196,100,97891,100,100241,100,,,100269,100,,
2019-06-28 09:53:20.314047041,99918,266,99353,166,99969,266,99346,266,99978,100,99305,100,100056,100,98796,100,100057,100,98616,100,100102,100,98409,100,100186,100,97906,100,100196,100,97891,100,100241,100,,,100269,100,,
2019-06-28 09:53:20.549737079,99918,266,99353,66,99969,266,99346,266,99978,100,99305,100,100056,100,98796,100,100057,100,98616,100,100102,100,98409,100,100186,100,97906,100,100196,100,97891,100,100241,100,,,100269,100,,
2019-06-28 09:53:22.802709932,99918,266,99353,66,99969,266,99346,266,99978,100,99305,100,100056,100,98796,100,100057,100,98616,100,100102,100,98409,100,100186,100,98365,100,100196,100,97906,100,100241,100,97891,100,100269,100,,
2019-06-28 09:53:24.632599278,99353,34,99346,266,99918,266,99305,100,99969,266,98796,100,99978,100,98616,100,100056,100,98409,100,100057,100,98365,100,100102,100,97906,100,100186,100,97891,100,100196,100,,,100241,100,,
2019-06-28 09:53:30.000000000,99353,117,99346,183,99918,183,99305,183,99969,183,98796,183,99978,183,98616,183,100056,100,98409,100,100057,100,98365,100,100102,100,97906,100,100186,100,97891,100,100196,100,,,100241,100,,
2019-06-28 09:53:40.000000000,99353,366,99346,432,99918,100,99305,100,99969,100,98796,100,99978,100,98616,100,100056,100,98409,100,100057,100,98365,100,100102,100,97906,100,100186,100,97891,100,100196,100,,,100241,100,,
2019-06-28 09:53:50.000000000,99353,200,99346,266,99918,266,99305,266,99969,100,98796,100,99978,100,98616,100,100056,100,98409,100,100057,100,98365,100,100102,100,97906,100,100186,100,97891,100,100196,100,,,100241,100,,
2019-06-28 09:54:00.000000000,99353,366,99346,432,99918,100,99305,100,99969,100,98796,100,99978,100,98616,100,100056,100,98409,100,100057,100,98365,100,100102,100,97906,100,100186,100,97891,100,100196,100,,,100241,100,,
2019-06-28 09:54:07.944753010,99353,366,99346,332,99918,100,99305,100,99969,100,98796,100,99978,100,98616,100,100056,100,98409,100,100057,100,98365,100,100102,100,97906,100,100186,100,97891,100,100196,100,,,100241,100,,
2019-06-28 09:54:10.000000000,99353,147,99305,213,99918,210,98796,210,99969,210,98616,210,99978,100,98409,100,100056,100,98365,100,100057,100,97906,100,100102,100,97891,100,100186,100,,,100196,100,,,100241,100,,
2019-06-28 09:54:20.000000000,99353,366,99305,432,99918,100,98796,100,99969,100,98616,100,99978,100,98409,100,100056,100,98365,100,100057,100,97906,100,100102,100,97891,100,100186,100,,,100196,100,,,100241,100,,
2019-06-28 09:54:30.000000000,99353,117,99305,183,99918,183,98796,183,99969,183,98616,183,99978,183,98409,183,100056,100,98365,100,100057,100,97906,100,100102,100,97891,100,100186,100,,,100196,100,,,100241,100,,
2019-06-28 09:54:40.000000000,99353,100,99305,166,99918,166,98796,166,99969,166,98616,166,99978,166,98409,166,100056,166,98365,166,100057,100,97906,100,100102,100,97891,100,100186,100,,,100196,100,,,100241,100,,
2019-06-28 09:54:41.400569535,99353,100,99305,66,99918,166,98796,166,99969,166,98616,166,99978,166,98409,166,100056,166,98365,166,100057,100,97906,100,100102,100,97891,100,100186,100,,,100196,100,,,100241,100,,
2019-06-28 09:54:42.271958499,99353,100,99305,66,99918,166,98796,166,99969,166,98616,166,99978,166,98409,166,100056,166,98365,166,100057,100,98302,100,100102,100,97906,100,100196,100,97891,100,100241,100,,,100269,100,,
2019-06-28 09:54:50.000000000,99353,117,98796,183,99918,183,98616,183,99969,183,98409,183,99978,183,98365,183,100056,100,98302,100,100057,100,97906,100,100102,100,97891,100,100196,100,,,100241,100,,,100269,100,,
2019-06-28 09:54:51.511070273,99353,83,98796,183,99918,183,98616,183,99969,183,98409,183,99978,183,98365,183,100056,100,98302,100,100057,100,97906,100,100102,100,97891,100,100196,100,,,100241,100,,,100269,100,,
2019-06-28 09:54:54.416084828,99353,83,98796,183,99918,183,98616,183,99969,183,98444,100,99978,83,98409,183,100056,100,98365,183,100057,100,98302,100,100102,100,97906,100,100196,100,97891,100,100241,100,,,100269,100,,
2019-06-28 09:55:00.000000000,99918,166,98796,166,99969,166,98616,166,100056,166,98444,166,100057,166,98409,166,100102,166,98365,166,100196,100,98302,100,100241,100,97906,100,100269,100,97891,100,100525,100,,,,,,
2019-06-28 09:55:05.216834025,99918,166,98796,166,99969,166,98616,166,100056,166,98444,166,100057,166,98409,166,100102,166,98365,166,100196,100,98362,100,100241,100,98302,100,100269,100,97906,100,100525,100,97891,100,,,,
2019-06-28 09:55:10.000000000,99918,266,98796,266,99969,266,98616,266,100056,100,98444,100,100057,100,98409,100,100102,100,98365,100,100196,100,98362,100,100241,100,98302,100,100269,100,97906,100,100525,100,97891,100,,,,
2019-06-28 09:55:20.000000000,99918,213,98796,213,99969,210,98616,210,100056,210,98444,210,100057,100,98409,100,100102,100,98365,100,100196,100,98362,100,100241,100,98302,100,100269,100,97906,100,100525,100,97891,100,,,,
2019-06-28 09:55:23.301334609,99918,213,98796,113,99969,210,98616,210,100056,210,98444,210,100057,100,98409,100,100102,100,98365,100,100196,100,98362,100,100241,100,98302,100,100269,100,97906,100,100525,100,97891,100,,,,
2019-06-28 09:55:30.000000000,99918,266,98616,266,99969,266,98444,266,100056,100,98409,100,100057,100,98365,100,100102,100,98362,100,100196,100,98302,100,100241,100,97906,100,100269,100,97891,100,100525,100,,,,,,
2019-06-28 09:55:30.585768702,99305,100,98616,266,99918,266,98444,266,99969,266,98409,100,100056,100,98365,100,100057,100,98362,100,100102,100,98302,100,100196,100,97906,100,100241,100,97891,100,100269,100,,,100525,100,,
2019-06-28 09:55:31.430637231,99305,100,98616,266,99918,266,98444,266,99969,266,98409,100,100056,100,98365,100,100057,100,98362,100,100102,100,98303,100,100196,100,98302,100,100241,100,97906,100,100269,100,97891,100,100525,100,,
2019-06-28 09:55:31.576875766,99305,100,98616,166,99918,266,98444,266,99969,266,98409,100,100056,100,98365,100,100057,100,98362,100,100102,100,98303,100,100196,100,98302,100,100241,100,97906,100,100269,100,97891,100,100525,100,,
2019-06-28 09:55:33.934274022,98796,100,98616,166,99305,100,98444,266,99918,266,98409,100,99969,266,98365,100,100056,100,98362,100,100057,100,98303,100,100102,100,98302,100,100196,100,97906,100,100241,100,97891,100,100269,100,,
2019-06-28 09:55:40.000000000,98796,432,98444,432,99305,100,98409,100,99918,100,98365,100,99969,100,98362,100,100056,100,98303,100,100057,100,98302,100,100102,100,97906,100,100196,100,97891,100,100241,100,,,100269,100,,
2019-06-28 09:55:50.000000000,98796,432,98444,432,99305,100,98409,100,99918,100,98365,100,99969,100,98362,100,100056,100,98303,100,100057,100,98302,100,100102,100,97906,100,100196,100,97891,100,100241,100,,,100269,100,,
2019-06-28 09:56:00.000000000,98796,213,98444,213,99305,210,98409,210,99918,210,98365,210,99969,100,98362,100,100056,100,98303,100,100057,100,98302,100,100102,100,97906,100,100196,100,97891,100,100241,100,,,100269,100,,
2019-06-28 09:56:10.000000000,98796,432,98444,432,99305,100,98409,100,99918,100,98365,100,99969,100,98362,100,100056,100,98303,100,100057,100,98302,100,100102,100,97906,100,100196,100,97891,100,100241,100,,,100269,100,,
2019-06-28 09:56:12.764983966,98796,432,98444,332,99305,100,98409,100,99918,100,98365,100,99969,100,98362,100,100056,100,98303,100,100057,100,98302,100,100102,100,97906,100,100196,100,97891,100,100241,100,,,100269,100,,
2019-06-28 09:56:14.593429751,98796,432,98444,232,99305,100,98409,100,99918,100,98365,100,99969,100,98362,100,100056,100,98303,100,100057,100,98302,100,100102,100,97906,100,100241,100,97891,100,100269,100,,,100525,100,,
2019-06-28 09:56:20.000000000,98796,432,98409,432,99305,100,98365,100,99918,100,98362,100,99969,100,98303,100,100056,100,98302,100,100057,100,97906,100,100102,100,97891,100,100241,100,,,100269,100,,,100525,100,,
2019-06-28 09:56:22.378562116,98796,432,98409,432,99305,100,98365,100,99918,100,98362,100,99969,100,98303,100,100056,100,98302,100,100057,100,98135,100,100102,100,97906,100,100241,100,97891,100,100269,100,,,100525,100,,
2019-06-28 09:56:28.031436306,98796,432,98409,332,99305,100,98365,100,99918,100,98362,100,99969,100,98303,100,100056,100,98302,100,100057,100,98135,100,100102,100,97906,100,100241,100,97891,100,100269,100,,,100525,100,,
2019-06-28 09:56:30.000000000,98796,432,98365,432,99305,100,98362,100,99918,100,98303,100,99969,100,98302,100,100056,100,98135,100,100057,100,97906,100,100102,100,97891,100,100241,100,,,100269,100,,,100525,100,,
2019-06-28 09:56:40.000000000,98796,183,98365,183,99305,183,98362,183,99918,183,98303,183,99969,183,98302,183,100056,100,98135,100,100057,100,97906,100,100102,100,97891,100,100241,100,,,100269,100,,,100525,100,,
2019-06-28 09:56:45.606342187,98796,183,98365,83,99305,183,98362,183,99918,183,98303,183,99969,183,98302,183,100056,100,98135,100,100057,100,97906,100,100102,100,97891,100,100241,100,,,100269,100,,,100525,100,,
2019-06-28 09:56:50.000000000,98796,166,98362,166,99305,166,98303,166,99918,166,98302,166,99969,166,98135,166,100056,166,97906,166,100057,100,97891,100,100102,100,,,100241,100,,,100269,100,,,100525,100,,
2019-06-28 09:57:00.000000000,98796,213,98362,213,99305,210,98303,210,99918,210,98302,210,99969,100,98135,100,100056,100,97906,100,100057,100,97891,100,100102,100,,,100241,100,,,100269,100,,,100525,100,,
2019-06-28 09:57:06.064288108,98409,100,98362,213,98796,213,98303,210,99305,210,98302,210,99918,210,98135,100,99969,100,97906,100,100056,100,97891,100,100057,100,,,100102,100,,,100241,100,,,100269,100,,
2019-06-28 09:57:06.233713539,98409,100,98362,213,98796,213,98303,210,99305,210,98302,210,99918,210,98135,100,99969,100,97906,100,100056,100,97891,100,100057,100,97817,100,100102,100,,,100241,100,,,100269,100,,
2019-06-28 09:57:08.781098771,98796,213,98362,213,99305,210,98303,210,99918,210,98302,210,99969,100,98135,100,100056,100,97906,100,100057,100,97891,100,100102,100,97817,100,100241,100,,,100269,100,,,100525,100,,
2019-06-28 09:57:10.000000000,98796,432,98362,432,99305,100,98303,100,99918,100,98302,100,99969,100,98135,100,100056,100,97906,100,100057,100,97891,100,100102,100,97817,100,100241,100,,,100269,100,,,100525,100,,
2019-06-28 09:57:20.000000000,98796,213,98362,213,99305,210,98303,210,99918,210,98302,210,99969,100,98135,100,100056,100,97906,100,100057,100,97891,100,100102,100,97817,100,100241,100,,,100269,100,,,100525,100,,
2019-06-28 09:57:30.000000000,98796,266,98362,266,99305,266,98303,266,99918,100,98302,100,99969,100,98135,100,100056,100,97906,100,100057,100,97891,100,100102,100,97817,100,100241,100,,,100269,100,,,100525,100,,
2019-06-28 09:57:32.987568437,98796,266,98362,266,99305,266,98303,266,99918,100,98302,100,99969,100,98135,100,100056,100,97906,100,100057,100,97891,100,100241,100,97817,100,100269,100,,,100525,100,,,,,,
2019-06-28 09:57:40.000000000,98796,432,98362,432,99305,100,98303,100,99918,100,98302,100,99969,100,98135,100,100056,100,97906,100,100057,100,97891,100,100241,100,97817,100,100269,100,,,100525,100,,,,,,
2019-06-28 09:57:50.000000000,98796,213,98362,213,99305,210,98303,210,99918,210,98302,210,99969,100,98135,100,100056,100,97906,100,100057,100,97891,100,100241,100,97817,100,100269,100,,,100525,100,,,,,,
2019-06-28 09:58:00.000000000,98796,266,98362,266,99305,266,98303,266,99918,100,98302,100,99969,100,98135,100,100056,100,97906,100,100057,100,97891,100,100241,100,97817,100,100269,100,,,100525,100,,,,,,
2019-06-28 09:58:10.000000000,98796,166,98362,166,99305,166,98303,166,99918,166,98302,166,99969,166,98135,166,100056,166,97906,166,100057,100,97891,100,100241,100,97817,100,100269,100,,,100525,100,,,,,,
2019-06-28 09:58:20.000000000,98796,166,98362,166,99305,166,98303,166,99918,166,98302,166,99969,166,98135,166,100056,166,97906,166,100057,100,97891,100,100241,100,97817,100,100269,100,,,100525,100,,,,,,
2019-06-28 09:58:25.530503227,98796,166,98362,66,99305,166,98303,166,99918,166,98302,66,99969,166,98135,166,100056,166,97906,166,100057,100,97891,100,100241,100,97817,100,100269,100,,,100525,100,,,,,,
2019-06-28 09:58:30.000000000,98796,166,98303,166,99305,166,98135,166,99918,166,97906,166,99969,166,97891,166,100056,166,97817,166,100057,100,,,100241,100,,,100269,100,,,100525,100,,,,,,
2019-06-28 09:58:37.392219358,98365,100,98303,166,98796,166,98135,166,99305,166,97906,166,99918,166,97891,166,99969,166,97817,166,100056,166,,,100057,100,,,100241,100,,,100269,100,,,100525,100,,
2019-06-28 09:58:40.000000000,98365,266,98303,266,98796,266,98135,266,99305,100,97906,100,99918,100,97891,100,99969,100,97817,100,100056,100,,,100057,100,,,100241,100,,,100269,100,,,100525,100,,
2019-06-28 09:58:50.000000000,98365,183,98303,183,98796,183,98135,183,99305,183,97906,183,99918,183,97891,183,99969,100,97817,100,100056,100,,,100057,100,,,100241,100,,,100269,100,,,100525,100,,
2019-06-28 09:58:57.426648833,98365,183,98303,183,98796,183,98135,183,99305,183,97906,183,99918,83,97891,183,99969,100,97817,100,100056,100,,,100057,100,,,100241,100,,,100269,100,,,100525,100,,
2019-06-28 09:59:00.000000000,98365,183,98303,183,98796,183,98135,183,99305,183,97906,183,99969,183,97891,183,100056,100,97817,100,100057,100,,,100241,100,,,100269,100,,,100525,100,,,,,,
2019-06-28 09:59:10.000000000,98365,432,98303,432,98796,100,98135,100,99305,100,97906,100,99969,100,97891,100,100056,100,97817,100,100057,100,,,100241,100,,,100269,100,,,100525,100,,,,,,
2019-06-28 09:59:11.973133543,98365,532,98303,432,98796,100,98135,100,99305,100,97906,100,99969,100,97891,100,100056,100,97817,100,100057,100,,,100241,100,,,100269,100,,,100525,100,,,,,,
2019-06-28 09:59:20.000000000,98365,313,98303,213,98796,210,98135,210,99305,210,97906,210,99969,100,97891,100,100056,100,97817,100,100057,100,,,100241,100,,,100269,100,,,100525,100,,,,,,
2019-06-28 09:59:22.671974203,98365,413,98303,213,98796,210,98135,210,99305,210,97906,210,99969,100,97891,100,100056,100,97817,100,100057,100,,,100241,100,,,100269,100,,,100525,100,,,,,,
2019-06-28 09:59:29.688319323,98348,100,98303,213,98365,413,98135,210,98796,210,97906,210,99305,210,97891,100,99969,100,97817,100,100056,100,,,100057,100,,,100241,100,,,100269,100,,,100525,100,,
2019-06-28 09:59:30.000000000,98348,266,98303,266,98365,466,98135,266,98796,100,97906,100,99305,100,97891,100,99969,100,97817,100,100056,100,,,100057,100,,,100241,100,,,100269,100,,,100525,100,,
2019-06-28 09:59:40.000000000,98348,266,98303,266,98365,466,98135,266,98796,100,97906,100,99305,100,97891,100,99969,100,97817,100,100056,100,,,100057,100,,,100241,100,,,100269,100,,,100525,100,,
2019-06-28 09:59:41.888107273,98348,266,98303,266,98365,466,98135,266,98431,100,97906,100,98796,100,97891,100,99305,100,97817,100,99969,100,,,100056,100,,,100057,100,,,100241,100,,,100269,100,,
2019-06-28 09:59:50.000000000,98348,213,98303,213,98365,410,98135,210,98431,210,97906,210,98796,100,97891,100,99305,100,97817,100,99969,100,,,100056,100,,,100057,100,,,100241,100,,,100269,100,,
2019-06-28 10:00:00.000000000,98348,266,98303,266,98365,466,98135,266,98431,100,97906,100,98796,100,97891,100,99305,100,97817,100,99969,100,,,100056,100,,,100057,100,,,100241,100,,,100269,100,,
2019-06-28 10:00:01.288730186,98348,266,98303,266,98365,466,98135,266,98370,100,97906,100,98431,100,97891,100,98796,100,97817,100,99305,100,,,99969,100,,,100056,100,,,100057,100,,,100241,100,,
2019-06-28 10:00:04.305164946,98348,266,98303,266,98365,466,98135,266,98370,100,97906,100,98431,100,97891,100,98451,100,97817,100,98796,100,,,99305,100,,,99969,100,,,100056,100,,,100057,100,,
2019-06-28 10:00:10.000000000,98348,432,98303,432,98365,300,98135,100,98370,100,97906,100,98431,100,97891,100,98451,100,97817,100,98796,100,,,99305,100,,,99969,100,,,100056,100,,,100057,100,,
2019-06-28 10:00:20.000000000,98348,213,98303,213,98365,410,98135,210,98370,210,97906,210,98431,100,97891,100,98451,100,97817,100,98796,100,,,99305,100,,,99969,100,,,100056,100,,,100057,100,,
2019-06-28 10:00:21.257384322,98348,213,98303,213,98365,310,98135,210,98370,210,97906,210,98431,100,97891,100,98451,100,97817,100,98796,100,,,99305,100,,,99969,100,,,100056,100,,,100057,100,,
2019-06-28 10:00:30.000000000,98348,166,98303,166,98365,266,98135,166,98370,166,97906,166,98431,166,97891,166,98451,166,97817,166,98796,100,,,99305,100,,,99969,100,,,100056,100,,,100057,100,,
2019-06-28 10:00:40.000000000,98348,166,98303,166,98365,266,98135,166,98370,166,97906,166,98431,166,97891,166,98451,166,97817,166,98796,100,,,99305,100,,,99969,100,,,100056,100,,,100057,100,,
2019-06-28 10:00:50.000000000,98348,183,98303,183,98365,283,98135,183,98370,183,97906,183,98431,183,97891,183,98451,100,97817,100,98796,100,,,99305,100,,,99969,100,,,100056,100,,,100057,100,,
2019-06-28 10:00:52.503402382,98348,183,98303,83,98365,283,98135,183,98370,183,98068,100,98431,183,97906,183,98451,100,97891,183,98796,100,97817,100,99305,100,,,99969,100,,,100056,100,,,100057,100,,
2019-06-28 10:01:00.000000000,98348,432,98135,432,98365,200,98068,100,98370,100,97906,100,98431,100,97891,100,98451,100,97817,100,98796,100,,,99305,100,,,99969,100,,,100056,100,,,100057,100,,
2019-06-28 10:01:01.176638751,98348,432,98135,332,98365,200,98068,100,98370,100,97906,100,98431,100,97891,100,98451,100,97817,100,98796,100,,,99305,100,,,99969,100,,,100056,100,,,100057,100,,
2019-06-28 10:01:04.963951879,98347,100,98135,332,98348,432,98068,100,98365,200,97906,100,98370,100,97891,100,98431,100,97817,100,98451,100,,,98796,100,,,99305,100,,,99969,100,,,100056,100,,
2019-06-28 10:01:10.000000000,98347,266,98068,266,98348,266,97906,266,98365,200,97891,100,98370,100,97817,100,98431,100,,,98451,100,,,98796,100,,,99305,100,,,99969,100,,,100056,100,,
2019-06-28 10:01:17.286248590,98347,266,98068,266,98348,266,97906,266,98365,200,97891,100,98431,100,97817,100,98438,100,,,98451,100,,,98796,100,,,99305,100,,,99969,100,,,100056,100,,
2019-06-28 10:01:18.421982895,98272,100,98068,266,98347,266,97906,266,98348,266,97891,100,98365,200,97817,100,98431,100,,,98438,100,,,98451,100,,,98796,100,,,99305,100,,,99969,100,,
2019-06-28 10:01:19.995079347,98272,100,98068,266,98347,266,97906,266,98348,266,97891,100,98365,200,97817,100,98400,100,,,98431,100,,,98438,100,,,98451,100,,,98796,100,,,99305,100,,
2019-06-28 10:01:20.000000000,98272,266,98068,266,98347,266,97906,266,98348,100,97891,100,98365,200,97817,100,98400,100,,,98431,100,,,98438,100,,,98451,100,,,98796,100,,,99305,100,,
2019-06-28 10:01:25.752095359,98272,166,98068,266,98347,266,97906,266,98348,100,97891,100,98365,200,97817,100,98400,100,,,98431,100,,,98438,100,,,98451,100,,,98796,100,,,99305,100,,
2019-06-28 10:01:30.000000000,98347,266,98068,266,98348,266,97906,266,98365,200,97891,100,98400,100,97817,100,98431,100,,,98438,100,,,98451,100,,,98796,100,,,99305,100,,,99969,100,,
2019-06-28 10:01:40.000000000,98347,183,98068,183,98348,183,97906,183,98365,283,97891,183,98400,183,97817,183,98431,100,,,98438,100,,,98451,100,,,98796,100,,,99305,100,,,99969,100,,
2019-06-28 10:01:43.417443547,98347,183,98304,100,98348,183,98068,183,98365,283,97906,183,98400,183,97891,183,98431,100,97817,183,98438,100,,,98451,100,,,98796,100,,,99305,100,,,99969,100,,
2019-06-28 10:01:50.000000000,98347,432,98304,432,98348,100,98068,100,98365,200,97906,100,98400,100,97891,100,98431,100,97817,100,98438,100,,,98451,100,,,98796,100,,,99305,100,,,99969,100,,
2019-06-28 10:02:00.000000000,98347,213,98304,213,98348,210,98068,210,98365,310,97906,210,98400,100,97891,100,98431,100,97817,100,98438,100,,,98451,100,,,98796,100,,,99305,100,,,99969,100,,
2019-06-28 10:02:07.638803665,98347,213,98304,313,98348,210,98068,210,98365,310,97906,210,98400,100,97891,100,98431,100,97817,100,98438,100,,,98451,100,,,98796,100,,,99305,100,,,99969,100,,
2019-06-28 10:02:10.000000000,98347,266,98304,366,98348,266,98068,266,98365,200,97906,100,98400,100,97891,100,98431,100,97817,100,98438,100,,,98451,100,,,98796,100,,,99305,100,,,99969,100,,
2019-06-28 10:02:20.000000000,98347,432,98304,532,98348,100,98068,100,98365,200,97906,100,98400,100,97891,100,98431,100,97817,100,98438,100,,,98451,100,,,98796,100,,,99305,100,,,99969,100,,
2019-06-28 10:02:30.000000000,98347,432,98304,532,98348,100,98068,100,98365,200,97906,100,98400,100,97891,100,98431,100,97817,100,98438,100,,,98451,100,,,98796,100,,,99305,100,,,99969,100,,
2019-06-28 10:02:33.352800224,98347,332,98304,532,98348,100,98068,100,98365,200,97906,100,98400,100,97891,100,98431,100,97817,100,98438,100,,,98451,100,,,98796,100,,,99305,100,,,99969,100,,
2019-06-28 10:02:40.000000000,98348,432,98304,532,98365,200,98068,100,98400,100,97906,100,98431,100,97891,100,98438,100,97817,100,98451,100,,,98796,100,,,99305,100,,,99969,100,,,100057,100,,
2019-06-28 10:02:50.000000000,98348,183,98304,283,98365,283,98068,183,98400,183,97906,183,98431,183,97891,183,98438,100,97817,100,98451,100,,,98796,100,,,99305,100,,,99969,100,,,100057,100,,
2019-06-28 10:03:00.000000000,98348,166,98304,266,98365,266,98068,166,98400,166,97906,166,98431,166,97891,166,98438,166,97817,166,98451,100,,,98796,100,,,99305,100,,,99969,100,,,100057,100,,
2019-06-28 10:03:00.077711086,98348,66,98304,266,98365,266,98068,166,98400,166,97906,166,98431,166,97891,166,98438,166,97817,166,98451,100,,,98796,100,,,99305,100,,,99969,100,,,100057,100,,
2019-06-28 10:03:10.000000000,98365,283,98304,283,98400,183,98068,183,98431,183,97906,183,98438,183,97891,183,98451,100,97817,100,98796,100,,,99305,100,,,99969,100,,,100057,100,,,100241,100,,
2019-06-28 10:03:10.076828116,98365,283,98304,283,98400,183,98068,183,98431,183,97906,183,98438,183,97891,183,98451,100,97817,100,98796,100,,,99179,100,,,99305,100,,,99969,100,,,100057,100,,
2019-06-28 10:03:20.000000000,98365,366,98304,366,98400,266,98068,266,98431,100,97906,100,98438,100,97891,100,98451,100,97817,100,98796,100,,,99179,100,,,99305,100,,,99969,100,,,100057,100,,
2019-06-28 10:03:27.551998559,98365,366,98304,366,98400,266,98068,266,98431,100,97906,100,98438,100,97891,100,98451,100,97817,100,98796,100,,,99179,100,,,99305,100,,,99375,100,,,99969,100,,
2019-06-28 10:03:30.000000000,98365,313,98304,313,98400,210,98068,210,98431,210,97906,210,98438,100,97891,100,98451,100,97817,100,98796,100,,,99179,100,,,99305,100,,,99375,100,,,99969,100,,
2019-06-28 10:03:33.485899634,98365,313,98304,313,98400,210,98068,210,98431,210,97906,210,98438,100,97891,100,98451,100,97817,100,98796,100,,,99179,100,,,99249,100,,,99305,100,,,99375,100,,
2019-06-28 10:03:40.000000000,98365,366,98304,366,98400,266,98068,266,98431,100,97906,100,98438,100,97891,100,98451,100,97817,100,98796,100,,,99179,100,,,99249,100,,,99305,100,,,99375,100,,
2019-06-28 10:03:50.000000000,98365,313,98304,313,98400,210,98068,210,98431,210,97906,210,98438,100,97891,100,98451,100,97817,100,98796,100,,,99179,100,,,99249,100,,,99305,100,,,99375,100,,
2019-06-28 10:04:00.000000000,98365,283,98304,283,98400,183,98068,183,98431,183,97906,183,98438,183,97891,183,98451,100,97817,100,98796,100,,,99179,100,,,99249,100,,,99305,100,,,99375,100,,
2019-06-28 10:04:10.000000000,98365,283,98304,283,98400,183,98068,183,98431,183,97906,183,98438,183,97891,183,98451,100,97817,100,98796,100,,,99179,100,,,99249,100,,,99305,100,,,99375,100,,
2019-06-28 10:04:20.000000000,98365,313,98304,313,98400,210,98068,210,98431,210,97906,210,98438,100,97891,100,98451,100,97817,100,98796,100,,,99179,100,,,99249,100,,,99305,100,,,99375,100,,
2019-06-28 10:04:20.096620943,98365,313,98304,313,98400,210,98068,210,98431,210,97906,210,98438,100,97891,100,98451,100,97817,100,99179,100,,,99249,100,,,99305,100,,,99375,100,,,99969,100,,
2019-06-28 10:04:24.124328268,98365,213,98304,313,98400,210,98068,210,98431,210,97906,210,98438,100,97891,100,98451,100,97817,100,99179,100,,,99249,100,,,99305,100,,,99375,100,,,99969,100,,
2019-06-28 10:04:26.401784689,98365,213,98348,100,98400,210,98304,313,98431,210,98068,210,98438,100,97906,210,98451,100,97891,100,99179,100,97817,100,99249,100,,,99305,100,,,99375,100,,,99969,100,,
2019-06-28 10:04:30.000000000,98365,266,98348,266,98400,266,98304,366,98431,100,98068,100,98438,100,97906,100,98451,100,97891,100,99179,100,97817,100,99249,100,,,99305,100,,,99375,100,,,99969,100,,
2019-06-28 10:04:34.330197051,98365,166,98348,266,98400,266,98304,366,98431,100,98068,100,98438,100,97906,100,98451,100,97891,100,99179,100,97817,100,99249,100,,,99305,100,,,99375,100,,,99969,100,,
2019-06-28 10:04:40.000000000,98400,432,98348,432,98431,100,98304,200,98438,100,98068,100,98451,100,97906,100,99179,100,97891,100,99249,100,97817,100,99305,100,,,99375,100,,,99969,100,,,100057,100,,
2019-06-28 10:04:50.000000000,98400,432,98348,432,98431,100,98304,200,98438,100,98068,100,98451,100,97906,100,99179,100,97891,100,99249,100,97817,100,99305,100,,,99375,100,,,99969,100,,,100057,100,,
2019-06-28 10:05:00.000000000,98400,166,98348,166,98431,166,98304,266,98438,166,98068,166,98451,166,97906,166,99179,166,97891,166,99249,100,97817,100,99305,100,,,99375,100,,,99969,100,,,100057,100,,
2019-06-28 10:05:04.656348027,98400,166,98348,166,98431,166,98304,266,98438,166,98068,166,98451,166,97906,166,99179,166,97891,166,99249,100,97817,100,99305,100,,,99375,100,,,99969,100,,,100057,100,,
2019-06-28 10:05:10.000000000,98400,183,98348,183,98431,183,98304,283,98438,183,98068,183,98451,183,97906,183,99179,100,97891,100,99249,100,97817,100,99305,100,,,99375,100,,,99969,100,,,100057,100,,
2019-06-28 10:05:12.119486730,98400,183,98365,100,98431,183,98348,183,98438,183,98304,283,98451,183,98068,183,99179,100,97906,183,99249,100,97891,100,99305,100,97817,100,99375,100,,,99969,100,,,100057,100,,
2019-06-28 10:05:20.000000000,98400,183,98365,183,98431,183,98348,183,98438,183,98304,283,98451,183,98068,183,99179,100,97906,100,99249,100,97891,100,99305,100,97817,100,99375,100,,,99969,100,,,100057,100,,
2019-06-28 10:05:30.000000000,98400,266,98365,266,98431,266,98348,266,98438,100,98304,200,98451,100,98068,100,99179,100,97906,100,99249,100,97891,100,99305,100,97817,100,99375,100,,,99969,100,,,100057,100,,
2019-06-28 10:05:40.000000000,98400,166,98365,166,98431,166,98348,166,98438,166,98304,266,98451,166,98068,166,99179,166,97906,166,99249,100,97891,100,99305,100,97817,100,99375,100,,,99969,100,,,100057,100,,
2019-06-28 10:05:50.000000000,98400,183,98365,183,98431,183,98348,183,98438,183,98304,283,98451,183,98068,183,99179,100,97906,100,99249,100,97891,100,99305,100,97817,100,99375,100,,,99969,100,,,100057,100,,
2019-06-28 10:05:56.723209528,98400,83,98365,183,98431,183,98348,183,98438,183,98304,283,98451,183,98068,183,99179,100,97906,100,99249,100,97891,100,99305,100,97817,100,99375,100,,,99969,100,,,100057,100,,
2019-06-28 10:05:57.784228875,98431,183,98400,17,98438,183,98365,183,98451,183,98348,183,99179,100,98304,283,99249,100,98068,183,99305,100,97906,100,99375,100,97891,100,99969,100,97817,100,100057,100,,,100269,100,,
2019-06-28 10:06:00.000000000,98431,213,98400,130,98438,210,98365,210,98451,210,98348,210,99179,100,98304,200,99249,100,98068,100,99305,100,97906,100,99375,100,97891,100,99969,100,97817,100,100057,100,,,100269,100,,
2019-06-28 10:06:10.000000000,98431,266,98400,183,98438,266,98365,266,98451,100,98348,100,99179,100,98304,200,99249,100,98068,100,99305,100,97906,100,99375,100,97891,100,99969,100,97817,100,100057,100,,,100269,100,,
2019-06-28 10:06:20.000000000,98431,166,98400,83,98438,166,98365,166,98451,166,98348,166,99179,166,98304,266,99249,166,98068,166,99305,100,97906,100,99375,100,97891,100,99969,100,97817,100,100057,100,,,100269,100,,
2019-06-28 10:06:30.000000000,98431,432,98400,349,98438,100,98365,100,98451,100,98348,100,99179,100,98304,200,99249,100,98068,100,99305,100,97906,100,99375,100,97891,100,99969,100,97817,100,100057,100,,,100269,100,,
2019-06-28 10:06:40.000000000,98431,166,98400,83,98438,166,98365,166,98451,166,98348,166,99179,166,98304,266,99249,166,98068,166,99305,100,97906,100,99375,100,97891,100,99969,100,97817,100,100057,100,,,100269,100,,
2019-06-28 10:06:49.193694526,98431,166,98400,183,98438,166,98365,166,98451,166,98348,166,99179,166,98304,266,99249,166,98068,166,99305,100,97906,100,99375,100,97891,100,99969,100,97817,100,100057,100,,,100269,100,,
2019-06-28 10:06:50.000000000,98431,432,98400,449,98438,100,98365,100,98451,100,98348,100,99179,100,98304,200,99249,100,98068,100,99305,100,97906,100,99375,100,97891,100,99969,100,97817,100,100057,100,,,100269,100,,
2019-06-28 10:07:00.000000000,98431,166,98400,183,98438,166,98365,166,98451,166,98348,166,99179,166,98304,266,99249,166,98068,166,99305,100,97906,100,99375,100,97891,100,99969,100,97817,100,100057,100,,,100269,100,,
2019-06-28 10:07:04.136437174,98431,166,98400,283,98438,166,98365,166,98451,166,98348,166,99179,166,98304,266,99249,166,98068,166,99305,100,97906,100,99375,100,97891,100,99969,100,97817,100,100057,100,,,100269,100,,
2019-06-28 10:07:08.809402541,98431,166,98400,283,98438,166,98365,166,98451,166,98348,166,99179,166,98304,266,99249,166,98068,166,99305,100,97906,100,99375,100,97891,100,99969,100,97817,100,100057,100,,,100269,100,,
2019-06-28 10:07:10.000000000,98431,213,98400,330,98438,210,98365,210,98451,210,98348,210,99179,100,98304,200,99249,100,98068,100,99305,100,97906,100,99375,100,97891,100,99969,100,97817,100,100057,100,,,100269,100,,
2019-06-28 10:07:20.000000000,98431,183,98400,300,98438,183,98365,183,98451,183,98348,183,99179,183,98304,283,99249,100,98068,100,99305,100,97906,100,99375,100,97891,100,99969,100,97817,100,100057,100,,,100269,100,,
2019-06-28 10:07:20.351468628,98431,83,98400,300,98438,183,98365,183,98451,183,98348,183,99179,183,98304,283,99249,100,98068,100,99305,100,97906,100,99375,100,97891,100,99969,100,97817,100,100057,100,,,100269,100,,
2019-06-28 10:07:30.000000000,98438,266,98400,383,98451,266,98365,266,99179,100,98348,100,99249,100,98304,200,99305,100,98068,100,99375,100,97906,100,99969,100,97891,100,100057,100,97817,100,100269,100,,,100353,100,,
2019-06-28 10:07:31.241712937,98438,266,98401,100,98451,266,98400,383,99179,100,98365,266,99249,100,98348,100,99305,100,98304,100,99375,100,98068,100,99969,100,97906,100,100057,100,97891,100,100269,100,97817,100,100353,100,,
2019-06-28 10:07:40.000000000,98438,183,98401,183,98451,183,98400,300,99179,183,98365,183,99249,183,98348,183,99305,100,98304,100,99375,100,98068,100,99969,100,97906,100,100057,100,97891,100,100269,100,97817,100,100353,100,,
2019-06-28 10:07:41.651122030,98438,183,98401,283,98451,183,98400,300,99179,183,98365,183,99249,183,98348,183,99305,100,98304,100,99375,100,98068,100,99969,100,97906,100,100057,100,97891,100,100269,100,97817,100,100353,100,,
2019-06-28 10:07:50.000000000,98438,166,98401,266,98451,166,98400,283,99179,166,98365,166,99249,166,98348,166,99305,166,98304,166,99375,100,98068,100,99969,100,97906,100,100057,100,97891,100,100269,100,97817,100,100353,100,,
2019-06-28 10:07:56.894486859,98438,166,98401,266,98451,166,98400,283,99179,166,98365,166,99249,166,98348,66,99305,166,98304,166,99375,100,98068,100,99969,100,97906,100,100057,100,97891,100,100269,100,97817,100,100353,100,,
2019-06-28 10:08:00.000000000,98438,183,98401,283,98451,183,98400,300,99179,183,98365,183,99249,183,98304,183,99305,100,98068,100,99375,100,97906,100,99969,100,97891,100,100057,100,97817,100,100269,100,,,100353,100,,
2019-06-28 10:08:04.404894400,98438,83,98401,283,98451,183,98400,300,99179,183,98365,183,99249,183,98304,183,99305,100,98068,100,99375,100,97906,100,99969,100,97891,100,100057,100,97817,100,100353,100,,,100525,100,,
2019-06-28 10:08:10.000000000,98451,213,98401,313,99179,210,98400,327,99249,210,98365,210,99305,100,98304,100,99375,100,98068,100,99969,100,97906,100,100057,100,97891,100,100353,100,97817,100,100525,100,,,,,,
2019-06-28 10:08:20.000000000,98451,166,98401,266,99179,166,98400,283,99249,166,98365,166,99305,166,98304,166,99375,166,98068,166,99969,100,97906,100,100057,100,97891,100,100353,100,97817,100,100525,100,,,,,,
2019-06-28 10:08:20.773510189,98451,166,98401,266,99179,166,98400,283,99249,166,98365,166,99305,166,98304,166,99375,166,98068,166,99969,100,97906,100,100057,100,97891,100,100268,100,97817,100,100353,100,,,100525,100,,
2019-06-28 10:08:30.000000000,98451,432,98401,532,99179,100,98400,217,99249,100,98365,100,99305,100,98304,100,99375,100,98068,100,99969,100,97906,100,100057,100,97891,100,100268,100,97817,100,100353,100,,,100525,100,,
2019-06-28 10:08:36.841883245,98451,332,98401,532,99179,100,98400,217,99249,100,98365,100,99305,100,98304,100,99375,100,98068,100,99969,100,97906,100,100057,100,97891,100,100268,100,97817,100,100525,100,,,,,,
2019-06-28 10:08:40.000000000,99179,213,98401,313,99249,210,98400,327,99305,210,98365,210,99375,100,98304,100,99969,100,98068,100,100057,100,97906,100,100268,100,97891,100,100525,100,97817,100,,,,,,,,
2019-06-28 10:08:50.000000000,99179,166,98401,266,99249,166,98400,283,99305,166,98365,166,99375,166,98304,166,99969,166,98068,166,100057,100,97906,100,100268,100,97891,100,100525,100,97817,100,,,,,,,,
2019-06-28 10:09:00.000000000,99179,166,98401,266,99249,166,98400,283,99305,166,98365,166,99375,166,98304,166,99969,166,98068,166,100057,100,97906,100,100268,100,97891,100,100525,100,97817,100,,,,,,,,
2019-06-28 10:09:01.706069544,99179,166,98401,266,99249,166,98400,283,99305,166,98365,166,99375,166,98304,166,99969,166,98068,166,100057,100,97906,100,100268,100,97891,100,100512,100,97817,100,100525,100,,,,,,
2019-06-28 10:09:09.429433103,99179,166,98401,166,99249,166,98400,283,99305,166,98365,166,99375,166,98304,166,99969,166,98068,166,100057,100,97906,100,100268,100,97891,100,100512,100,97817,100,100525,100,,,,,,
2019-06-28 10:09:10.000000000,99179,166,98401,166,99249,166,98400,283,99305,166,98365,166,99375,166,98304,166,99969,166,98068,166,100057,100,97906,100,100268,100,97891,100,100512,100,97817,100,100525,100,,,,,,
2019-06-28 10:09:20.000000000,99179,266,98401,266,99249,266,98400,383,99305,100,98365,100,99375,100,98304,100,99969,100,98068,100,100057,100,97906,100,100268,100,97891,100,100512,100,97817,100,100525,100,,,,,,
2019-06-28 10:09:23.863070390,99179,266,98438,100,99249,266,98401,266,99305,100,98400,383,99375,100,98365,100,99969,100,98304,100,100057,100,98068,100,100268,100,97906,100,100512,100,97891,100,100525,100,97817,100,,,,
2019-06-28 10:09:30.000000000,99179,183,98438,183,99249,183,98401,183,99305,183,98400,300,99375,183,98365,183,99969,100,98304,100,100057,100,98068,100,100268,100,97906,100,100512,100,97891,100,100525,100,97817,100,,,,
2019-06-28 10:09:40.000000000,99179,432,98438,432,99249,100,98401,100,99305,100,98400,217,99375,100,98365,100,99969,100,98304,100,100057,100,98068,100,100268,100,97906,100,100512,100,97891,100,100525,100,97817,100,,,,
2019-06-28 10:09:50.000000000,99179,166,98438,166,99249,166,98401,166,99305,166,98400,283,99375,166,98365,166,99969,166,98304,166,100057,100,98068,100,100268,100,97906,100,100512,100,97891,100,100525,100,97817,100,,,,
2019-06-28 10:10:00.000000000,99179,166,98438,166,99249,166,98401,166,99305,166,98400,283,99375,166,98365,166,99969,166,98304,166,100057,100,98068,100,100268,100,97906,100,100512,100,97891,100,100525,100,97817,100,,,,
2019-06-28 10:10:01.281670390,99179,166,98438,266,99249,166,98401,166,99305,66,98400,283,99375,166,98365,166,99969,166,98304,166,100057,100,98068,100,100268,100,97906,100,100512,100,97891,100,100525,100,97817,100,,,,
2019-06-28 10:10:10.000000000,99179,432,98438,532,99249,100,98401,100,99375,100,98400,217,99969,100,98365,100,100057,100,98304,100,100268,100,98068,100,100512,100,97906,100,100525,100,97891,100,,,97817,100,,,,
2019-06-28 10:10:20.000000000,99179,183,98438,283,99249,183,98401,183,99375,183,98400,300,99969,183,98365,183,100057,100,98304,100,100268,100,98068,100,100512,100,97906,100,100525,100,97891,100,,,97817,100,,,,
2019-06-28 10:10:30.000000000,99179,213,98438,313,99249,210,98401,210,99375,210,98400,327,99969,100,98365,100,100057,100,98304,100,100268,100,98068,100,100512,100,97906,100,100525,100,97891,100,,,97817,100,,,,
2019-06-28 10:10:40.000000000,99179,183,98438,283,99249,183,98401,183,99375,183,98400,300,99969,183,98365,183,100057,100,98304,100,100268,100,98068,100,100512,100,97906,100,100525,100,97891,100,,,97817,100,,,,
