,ask_price_1,ask_size_1,bid_price_1,bid_size_1,ask_price_2,ask_size_2,bid_price_2,bid_size_2,ask_price_3,ask_size_3,bid_price_3,bid_size_3,ask_price_4,ask_size_4,bid_price_4,bid_size_4,ask_price_5,ask_size_5,bid_price_5,bid_size_5,ask_price_6,ask_size_6,bid_price_6,bid_size_6,ask_price_7,ask_size_7,bid_price_7,bid_size_7,ask_price_8,ask_size_8,bid_price_8,bid_size_8,ask_price_9,ask_size_9,bid_price_9,bid_size_9,ask_price_10,ask_size_10,bid_price_10,bid_size_10
2019-06-28 09:30:00.000000002,100145,100,100043,100,,,,,,,,,,,,,,,,,,,,,,,,,,,,,,,,,,,,
2019-06-28 09:30:00.000000005,100145,100,100043,100,,,99907,100,,,99889,100,,,,,,,,,,,,,,,,,,,,,,,,,,,,
2019-06-28 09:30:00.000000007,100145,100,100043,100,,,99907,100,,,99905,100,,,99889,100,,,99884,100,,,,,,,,,,,,,,,,,,,,
2019-06-28 09:30:00.000000008,100045,100,100043,100,100145,100,99907,100,,,99905,100,,,99889,100,,,99884,100,,,,,,,,,,,,,,,,,,,,
2019-06-28 09:30:00.000000009,100045,100,100043,100,100145,100,99949,100,,,99920,100,,,99907,100,,,99905,100,,,99889,100,,,99884,100,,,,,,,,,,,,
2019-06-28 09:30:00.000000014,100045,100,100043,100,100114,100,99949,100,100145,100,99920,100,,,99908,100,,,99907,100,,,99905,100,,,99889,100,,,99884,100,,,,,,,,
2019-06-28 09:30:00.000000017,100045,100,100043,100,100114,100,99949,100,100145,100,99920,100,,,99908,100,,,99907,100,,,99905,100,,,99889,100,,,99884,100,,,99760,100,,,,
2019-06-28 09:30:00.000000019,100045,100,100043,100,100114,100,99958,100,100145,100,99949,100,,,99920,100,,,99908,100,,,99907,100,,,99905,100,,,99900,100,,,99889,100,,,99884,100
2019-06-28 09:30:00.000000022,100045,100,100043,100,100114,100,99958,100,100123,100,99949,100,100145,100,99920,100,,,99911,100,,,99908,100,,,99907,100,,,99905,100,,,99900,100,,,99897,100
2019-06-28 09:30:00.000000024,100045,100,100043,100,100114,100,99972,100,100123,100,99958,100,100145,100,99949,100,,,99920,100,,,99915,100,,,99911,100,,,99908,100,,,99907,100,,,99905,100
2019-06-28 09:30:00.000000028,100045,100,100043,100,100114,100,99972,100,100122,100,99958,100,100123,100,99949,100,100145,100,99920,100,,,99915,100,,,99911,100,,,99908,100,,,99907,100,,,99905,100
2019-06-28 09:30:00.000000029,100045,100,100043,100,100114,100,99972,100,100122,100,99958,100,100123,100,99949,100,100145,100,99920,100,,,99915,100,,,99911,100,,,99908,100,,,99907,100,,,99905,100
2019-06-28 09:30:00.000000030,100045,100,100043,100,100114,100,99972,100,100122,100,99958,100,100123,100,99949,100,100145,100,99920,100,,,99915,100,,,99911,100,,,99908,100,,,99907,100,,,99905,100
2019-06-28 09:30:00.000000031,100045,100,99972,100,100099,100,99958,100,100114,100,99949,100,100122,100,99920,100,100123,100,99915,100,100145,100,99911,100,,,99908,100,,,99907,100,,,99905,100,,,99900,100
2019-06-28 09:30:00.000000033,100045,100,99972,100,100099,100,99958,100,100114,100,99949,100,100122,100,99920,100,100123,100,99915,100,100145,100,99911,100,100157,100,99908,100,,,99907,100,,,99905,100,,,99900,100
2019-06-28 09:30:00.000000034,100045,100,99972,100,100080,100,99958,100,100099,100,99949,100,100114,100,99920,100,100122,100,99915,100,100123,100,99911,100,100145,100,99908,100,100157,100,99907,100,,,99905,100,,,99900,100
2019-06-28 09:30:00.000000036,100045,100,100015,100,100080,100,99972,100,100099,100,99958,100,100114,100,99949,100,100122,100,99920,100,100123,100,99915,100,100145,100,99911,100,100157,100,99908,100,,,99907,100,,,99905,100
2019-06-28 09:30:00.000000037,100045,100,100015,100,100080,100,99972,100,100092,100,99958,100,100099,100,99949,100,100114,100,99920,100,100122,100,99915,100,100123,100,99911,100,100139,100,99908,100,100145,100,99907,100,100157,100,99905,100
2019-06-28 09:30:00.000000038,100045,100,100015,100,100080,100,99972,100,100092,100,99966,100,100099,100,99958,100,100114,100,99949,100,100122,100,99920,100,100123,100,99915,100,100139,100,99911,100,100145,100,99908,100,100157,100,99907,100
2019-06-28 09:30:00.000000039,100045,100,100038,100,100080,100,100015,100,100092,100,99972,100,100099,100,99966,100,100114,100,99958,100,100122,100,99949,100,100123,100,99946,100,100139,100,99920,100,100145,100,99915,100,100157,100,99911,100
2019-06-28 09:30:00.000000044,100045,100,100038,100,100080,100,100015,100,100092,100,99972,100,100099,100,99966,100,100114,100,99958,100,100122,100,99949,100,100123,100,99946,100,100139,100,99943,100,100145,100,99920,100,100157,100,99915,100
2019-06-28 09:30:00.000000045,100045,100,100038,100,100049,100,100015,100,100080,100,99972,100,100092,100,99966,100,100099,100,99958,100,100114,100,99949,100,100122,100,99946,100,100123,100,99943,100,100139,100,99931,100,100145,100,99920,100
2019-06-28 09:30:00.000000048,100045,100,100038,100,100049,100,100015,100,100080,100,99989,100,100092,100,99972,100,100099,100,99966,100,100114,100,99958,100,100122,100,99949,100,100123,100,99946,100,100139,100,99943,100,100145,100,99931,100
2019-06-28 09:30:00.000000049,100045,100,100038,100,100049,100,100015,100,100080,100,99989,100,100085,100,99972,100,100087,100,99966,100,100092,100,99958,100,100099,100,99949,100,100114,100,99946,100,100122,100,99943,100,100123,100,99931,100
2019-06-28 09:30:00.000000050,100045,100,100015,100,100049,100,99989,100,100080,100,99972,100,100085,100,99966,100,100087,100,99958,100,100092,100,99949,100,100099,100,99946,100,100114,100,99943,100,100122,100,99931,100,100123,100,99920,100
2019-06-28 09:30:00.000000053,100045,100,100015,100,100049,100,99989,100,100080,100,99983,100,100085,100,99972,100,100087,100,99966,100,100092,100,99958,100,100099,100,99949,100,100114,100,99946,100,100122,100,99943,100,100123,100,99931,100
2019-06-28 09:30:00.000000054,100045,100,100015,100,100049,100,99989,100,100065,100,99983,100,100080,100,99972,100,100085,100,99966,100,100087,100,99958,100,100092,100,99949,100,100099,100,99946,100,100114,100,99943,100,100122,100,99931,100
2019-06-28 09:30:00.000000060,100045,100,100015,100,100049,100,99989,100,100065,100,99983,100,100080,100,99972,100,100085,100,99966,100,100087,100,99958,100,100092,100,99949,100,100099,100,99946,100,100114,100,99943,100,100122,100,99931,100
2019-06-28 09:30:00.000000061,100045,100,100015,100,100049,100,99989,100,100058,100,99983,100,100065,100,99972,100,100080,100,99966,100,100085,100,99958,100,100087,100,99949,100,100092,100,99946,100,100099,100,99943,100,100114,100,99931,100
2019-06-28 09:30:00.000000062,100043,100,100015,100,100045,100,99989,100,100049,100,99983,100,100058,100,99972,100,100065,100,99966,100,100080,100,99958,100,100085,100,99949,100,100087,100,99946,100,100092,100,99943,100,100099,100,99931,100
2019-06-28 09:30:00.000000066,100043,100,100015,100,100045,100,99989,100,100049,100,99983,100,100058,100,99972,100,100065,100,99966,100,100080,100,99958,100,100085,100,99949,100,100087,100,99946,100,100092,100,99943,100,100099,100,99936,100
2019-06-28 09:30:00.000000067,100043,100,100015,100,100045,100,99989,100,100049,100,99983,100,100058,100,99972,100,100065,100,99966,100,100080,100,99958,100,100085,100,99949,100,100087,100,99946,100,100092,100,99943,100,100099,100,99936,100
2019-06-28 09:30:00.000000069,100043,300,100015,100,100045,100,99989,100,100049,100,99983,100,100058,100,99972,100,100065,100,99966,100,100080,100,99958,100,100085,100,99949,100,100087,100,99946,100,100092,100,99943,100,100099,100,99936,100
2019-06-28 09:30:00.000000070,100043,400,100015,100,100045,100,99989,100,100049,100,99983,100,100058,100,99972,100,100065,100,99966,100,100080,100,99958,100,100085,100,99949,100,100087,100,99946,100,100092,100,99943,100,100099,100,99936,100
2019-06-28 09:30:00.000000072,100043,400,100015,100,100045,100,99989,100,100049,100,99983,100,100058,100,99972,100,100065,100,99966,100,100080,100,99958,100,100085,100,99949,100,100087,100,99946,100,100092,100,99943,100,100099,100,99936,100
2019-06-28 09:30:00.000000074,100043,400,100015,100,100045,100,99989,100,100049,100,99983,100,100058,100,99972,100,100065,100,99966,100,100080,100,99958,100,100085,100,99949,100,100087,100,99946,100,100092,100,99943,100,100099,100,99936,100
2019-06-28 09:30:00.000000080,100043,300,100015,100,100045,100,99989,100,100049,100,99983,100,100058,100,99972,100,100065,100,99966,100,100080,100,99958,100,100085,100,99949,100,100087,100,99946,100,100092,100,99943,100,100099,100,99936,100
2019-06-28 09:30:00.000000081,100043,300,100015,100,100045,100,99989,100,100049,100,99983,100,100058,100,99972,100,100065,100,99966,100,100080,100,99958,100,100085,100,99949,100,100087,100,99946,100,100092,100,99943,100,100099,100,99936,100
2019-06-28 09:30:00.000000083,100042,100,100015,100,100043,300,99989,100,100045,100,99983,100,100049,100,99972,100,100058,100,99966,100,100065,100,99958,100,100080,100,99949,100,100085,100,99946,100,100087,100,99943,100,100092,100,99936,100
2019-06-28 09:30:00.000000085,100042,200,100015,100,100043,300,99989,100,100045,100,99983,100,100049,100,99972,100,100058,100,99966,100,100065,100,99958,100,100080,100,99949,100,100085,100,99946,100,100087,100,99943,100,100092,100,99936,100
2019-06-28 09:30:00.000000086,100042,200,100015,100,100043,300,99989,100,100045,100,99983,100,100049,100,99972,100,100058,100,99966,100,100065,100,99958,100,100080,100,99949,100,100085,100,99946,100,100087,100,99943,100,100092,100,99936,100
2019-06-28 09:30:00.000000089,100042,200,100031,100,100043,300,100015,100,100045,100,99989,100,100049,100,99983,100,100058,100,99972,100,100065,100,99966,100,100080,100,99958,100,100085,100,99949,100,100087,100,99946,100,100092,100,99943,100
2019-06-28 09:30:00.000000095,100042,200,100031,100,100043,300,100015,100,100045,100,99989,100,100049,100,99983,100,100058,100,99972,100,100065,100,99966,100,100080,100,99958,100,100085,100,99949,100,100087,100,99946,100,100092,100,99943,100
2019-06-28 09:30:00.000000098,100042,200,100038,100,100043,300,100031,100,100045,100,100015,100,100049,100,99989,100,100058,100,99983,100,100065,100,99972,100,100080,100,99966,100,100085,100,99958,100,100087,100,99949,100,100092,100,99946,100
2019-06-28 09:30:00.000000099,100042,200,100031,100,100043,300,100015,100,100045,100,99989,100,100049,100,99983,100,100058,100,99972,100,100065,100,99966,100,100080,100,99958,100,100085,100,99949,100,100087,100,99946,100,100092,100,99943,100
2019-06-28 09:30:03.534301387,100042,200,100031,100,100043,300,100015,100,100045,100,99989,100,100049,100,99983,100,100058,100,99972,100,100065,100,99966,100,100080,100,99958,100,100085,100,99949,100,100087,100,99946,100,100092,100,99943,100
2019-06-28 09:30:10.000000000,100042,291,100031,191,100043,388,100015,188,100045,188,99989,188,100049,100,99983,100,100058,100,99972,100,100065,100,99966,100,100080,100,99958,100,100085,100,99949,100,100087,100,99946,100,100092,100,99943,100
2019-06-28 09:30:20.000000000,100042,267,100031,167,100043,367,100015,167,100045,167,99989,167,100049,167,99983,167,100058,100,99972,100,100065,100,99966,100,100080,100,99958,100,100085,100,99949,100,100087,100,99946,100,100092,100,99943,100
2019-06-28 09:30:22.979242811,100042,267,100031,167,100043,367,100015,167,100045,167,99989,167,100049,167,99983,167,100058,100,99972,100,100065,100,99966,100,100080,100,99958,100,100085,100,99949,100,100087,100,99946,100,100092,100,99943,100
2019-06-28 09:30:30.000000000,100042,468,100031,368,100043,300,100015,100,100045,100,99989,100,100049,100,99983,100,100058,100,99972,100,100065,100,99966,100,100080,100,99958,100,100085,100,99949,100,100087,100,99946,100,100092,100,99943,100
2019-06-28 09:30:32.654874710,100042,468,100038,100,100043,300,100031,368,100045,100,100015,100,100049,100,99983,100,100058,100,99972,100,100065,100,99966,100,100080,100,99958,100,100085,100,99949,100,100087,100,99946,100,100092,100,99943,100
2019-06-28 09:30:38.760735028,100042,468,100038,100,100043,300,100031,368,100045,100,100015,100,100049,100,99983,100,100058,100,99972,100,100065,100,99958,100,100080,100,99949,100,100085,100,99946,100,100087,100,99943,100,100092,100,99936,100
2019-06-28 09:30:40.000000000,100042,254,100038,154,100043,354,100031,154,100045,154,100015,154,100049,154,99983,154,100058,154,99972,154,100065,100,99958,100,100080,100,99949,100,100085,100,99946,100,100087,100,99943,100,100092,100,99936,100
2019-06-28 09:30:48.749973530,100042,254,100038,154,100043,354,100031,154,100045,154,100015,154,100049,154,99983,154,100058,154,99972,154,100065,100,99958,100,100080,100,99949,100,100085,100,99946,100,100087,100,99943,100,100092,100,99936,100
2019-06-28 09:30:50.000000000,100042,254,100038,154,100043,354,100031,154,100045,154,100015,154,100049,154,99983,154,100058,154,99972,154,100065,100,99958,100,100080,100,99949,100,100085,100,99946,100,100087,100,99943,100,100092,100,99936,100
2019-06-28 09:31:00.000000000,100042,267,100038,167,100043,367,100031,167,100045,167,100015,167,100049,167,99983,167,100058,100,99972,100,100065,100,99958,100,100080,100,99949,100,100085,100,99946,100,100087,100,99943,100,100092,100,99936,100
2019-06-28 09:31:10.000000000,100042,267,100038,167,100043,367,100031,167,100045,167,100015,167,100049,167,99983,167,100058,100,99972,100,100065,100,99958,100,100080,100,99949,100,100085,100,99946,100,100087,100,99943,100,100092,100,99936,100
2019-06-28 09:31:20.000000000,100042,254,100038,154,100043,354,100031,154,100045,154,100015,154,100049,154,99983,154,100058,154,99972,154,100065,100,99958,100,100080,100,99949,100,100085,100,99946,100,100087,100,99943,100,100092,100,99936,100
2019-06-28 09:31:30.000000000,100042,334,100038,234,100043,434,100031,234,100045,100,100015,100,100049,100,99983,100,100058,100,99972,100,100065,100,99958,100,100080,100,99949,100,100085,100,99946,100,100087,100,99943,100,100092,100,99936,100
2019-06-28 09:31:35.646077816,100042,334,100038,234,100043,434,100031,234,100045,100,100015,100,100049,100,99983,100,100058,100,99972,100,100065,100,99958,100,100080,100,99949,100,100085,100,99946,100,100087,100,99943,100,100092,100,99936,100
2019-06-28 09:31:39.869514103,100042,334,100038,134,100043,434,100031,234,100045,100,100015,100,100049,100,99983,100,100058,100,99972,100,100065,100,99958,100,100080,100,99949,100,100085,100,99946,100,100087,100,99943,100,100092,100,99931,100
2019-06-28 09:31:40.000000000,100042,468,100031,368,100043,300,100015,100,100045,100,99983,100,100049,100,99972,100,100058,100,99958,100,100065,100,99949,100,100080,100,99946,100,100085,100,99943,100,100087,100,99931,100,100092,100,99920,100
2019-06-28 09:31:44.728862783,100042,468,100031,268,100043,300,100015,100,100045,100,99983,100,100049,100,99972,100,100058,100,99958,100,100065,100,99949,100,100080,100,99946,100,100085,100,99931,100,100087,100,99920,100,100092,100,99915,100
2019-06-28 09:31:46.958467095,100038,100,100031,268,100042,468,100015,100,100043,300,99983,100,100045,100,99972,100,100049,100,99958,100,100058,100,99949,100,100065,100,99946,100,100080,100,99931,100,100085,100,99920,100,100087,100,99915,100
2019-06-28 09:31:50.000000000,100038,167,100015,167,100042,267,99983,167,100043,367,99972,167,100045,167,99958,167,100049,100,99949,100,100058,100,99946,100,100065,100,99931,100,100080,100,99920,100,100085,100,99915,100,100087,100,99914,100
2019-06-28 09:32:00.000000000,100038,368,100015,368,100042,200,99983,100,100043,300,99972,100,100045,100,99958,100,100049,100,99949,100,100058,100,99946,100,100065,100,99931,100,100080,100,99920,100,100085,100,99915,100,100087,100,99914,100
2019-06-28 09:32:10.000000000,100038,154,100015,154,100042,254,99983,154,100043,354,99972,154,100045,154,99958,154,100049,154,99949,154,100058,100,99946,100,100065,100,99931,100,100080,100,99920,100,100085,100,99915,100,100087,100,99914,100
2019-06-28 09:32:12.431765737,100038,154,100015,54,100042,254,99983,154,100043,354,99972,154,100045,154,99958,154,100049,154,99949,154,100058,100,99946,100,100065,100,99920,100,100080,100,99915,100,100085,100,99914,100,100087,100,99908,100
2019-06-28 09:32:16.463128698,100015,46,99983,154,100038,154,99972,154,100042,254,99958,154,100043,354,99949,154,100045,154,99946,100,100049,154,99920,100,100058,100,99915,100,100065,100,99914,100,100080,100,99908,100,100085,100,99907,200
2019-06-28 09:32:20.000000000,100015,314,99983,368,100038,100,99972,100,100042,200,99958,100,100043,300,99949,100,100045,100,99946,100,100049,100,99920,100,100058,100,99915,100,100065,100,99914,100,100080,100,99908,100,100085,100,99907,200
2019-06-28 09:32:21.260498291,100015,314,99983,268,100038,100,99972,100,100042,200,99958,100,100043,300,99949,100,100045,100,99946,100,100049,100,99920,100,100058,100,99915,100,100065,100,99914,100,100080,100,99908,100,100085,100,99907,200
2019-06-28 09:32:30.000000000,100015,137,99972,191,100038,188,99958,188,100042,288,99949,188,100043,300,99946,100,100045,100,99920,100,100049,100,99915,100,100058,100,99914,100,100065,100,99908,100,100080,100,99907,200,100085,100,99905,100
2019-06-28 09:32:40.000000000,100015,180,99972,234,100038,234,99958,234,100042,200,99949,100,100043,300,99946,100,100045,100,99920,100,100049,100,99915,100,100058,100,99914,100,100065,100,99908,100,100080,100,99907,200,100085,100,99905,100
2019-06-28 09:32:50.000000000,100015,113,99972,167,100038,167,99958,167,100042,267,99949,167,100043,367,99946,167,100045,100,99920,100,100049,100,99915,100,100058,100,99914,100,100065,100,99908,100,100080,100,99907,200,100085,100,99905,100
2019-06-28 09:32:52.397801413,100015,113,99972,67,100038,167,99958,167,100042,267,99949,167,100043,367,99946,167,100045,100,99920,100,100049,100,99915,100,100058,100,99914,100,100065,100,99908,100,100080,100,99907,200,100085,100,99905,100
2019-06-28 09:33:00.000000000,100015,137,99958,191,100038,188,99949,188,100042,288,99946,188,100043,300,99920,100,100045,100,99915,100,100049,100,99914,100,100058,100,99908,100,100065,100,99907,200,100080,100,99905,100,100085,100,99904,100
2019-06-28 09:33:07.972421852,100015,137,99958,91,100038,188,99949,188,100042,288,99946,188,100043,300,99920,100,100045,100,99914,100,100049,100,99908,100,100058,100,99907,200,100065,100,99905,100,100080,100,99904,100,100085,100,99900,100
2019-06-28 09:33:10.000000000,100015,314,99949,368,100038,100,99946,100,100042,200,99920,100,100043,300,99914,100,100045,100,99908,100,100049,100,99907,200,100058,100,99905,100,100065,100,99904,100,100080,100,99900,100,100085,100,99897,100
2019-06-28 09:33:20.000000000,100015,314,99949,368,100038,100,99946,100,100042,200,99920,100,100043,300,99914,100,100045,100,99908,100,100049,100,99907,200,100058,100,99905,100,100065,100,99904,100,100080,100,99900,100,100085,100,99897,100
2019-06-28 09:33:30.000000000,100015,314,99949,368,100038,100,99946,100,100042,200,99920,100,100043,300,99914,100,100045,100,99908,100,100049,100,99907,200,100058,100,99905,100,100065,100,99904,100,100080,100,99900,100,100085,100,99897,100
2019-06-28 09:33:30.918892491,100015,314,99949,368,100038,100,99946,100,100042,200,99920,100,100043,300,99914,100,100045,100,99908,100,100049,100,99907,200,100058,100,99905,100,100065,100,99904,100,100080,100,99900,100,100085,100,99897,100
2019-06-28 09:33:40.000000000,100015,137,99949,191,100038,188,99946,188,100042,288,99920,188,100043,300,99914,100,100045,100,99908,100,100049,100,99907,200,100058,100,99905,100,100065,100,99904,100,100080,100,99900,100,100085,100,99897,100
2019-06-28 09:33:50.000000000,100015,180,99949,234,100038,234,99946,234,100042,200,99920,100,100043,300,99914,100,100045,100,99908,100,100049,100,99907,200,100058,100,99905,100,100065,100,99904,100,100080,100,99900,100,100085,100,99897,100
2019-06-28 09:33:51.076250973,100015,180,99949,234,100038,234,99946,234,100042,200,99920,100,100043,300,99914,100,100045,100,99908,100,100049,100,99907,200,100058,100,99905,100,100065,100,99904,100,100080,100,99900,100,100085,100,99897,100
2019-06-28 09:33:59.679240077,100015,180,99949,234,100038,234,99946,234,100042,200,99920,100,100043,300,99914,100,100045,100,99908,100,100049,100,99907,200,100058,100,99905,100,100065,100,99904,100,100080,100,99900,100,100085,100,99897,100
2019-06-28 09:34:00.000000000,100015,137,99949,191,100038,188,99946,188,100042,288,99920,188,100043,300,99914,100,100045,100,99908,100,100049,100,99907,200,100058,100,99905,100,100065,100,99904,100,100080,100,99900,100,100085,100,99897,100
2019-06-28 09:34:06.440510715,100015,137,99949,191,100038,188,99946,188,100042,288,99920,88,100043,300,99914,100,100045,100,99908,100,100049,100,99907,200,100058,100,99905,100,100065,100,99904,100,100080,100,99900,100,100085,100,99897,100
2019-06-28 09:34:07.068996375,100015,137,99949,91,100038,188,99946,188,100042,288,99920,88,100043,300,99914,100,100045,100,99908,100,100049,100,99907,200,100058,100,99905,100,100065,100,99904,100,100080,100,99900,100,100085,100,99897,100
2019-06-28 09:34:10.000000000,100015,137,99946,191,100038,188,99914,188,100042,288,99908,188,100043,300,99907,200,100045,100,99905,100,100049,100,99904,100,100058,100,99900,100,100065,100,99897,100,100080,100,99889,100,100085,100,99884,100
2019-06-28 09:34:18.739055752,100015,137,99946,191,100038,188,99914,188,100042,288,99908,188,100043,300,99907,200,100045,100,99905,100,100049,100,99904,100,100058,100,99900,100,100065,100,99897,100,100080,100,99889,100,100085,100,99884,100
2019-06-28 09:34:20.000000000,100015,180,99946,234,100038,234,99914,234,100042,200,99908,100,100043,300,99907,200,100045,100,99905,100,100049,100,99904,100,100058,100,99900,100,100065,100,99897,100,100080,100,99889,100,100085,100,99884,100
2019-06-28 09:34:21.830816587,100015,180,99946,234,100038,234,99914,234,100042,200,99908,100,100043,300,99907,200,100045,100,99905,100,100049,100,99904,100,100058,100,99900,100,100065,100,99897,100,100080,100,99889,100,100087,100,99884,100
2019-06-28 09:34:30.000000000,100015,314,99946,368,100038,100,99914,100,100042,200,99908,100,100043,300,99907,200,100045,100,99905,100,100049,100,99904,100,100058,100,99900,100,100065,100,99897,100,100080,100,99889,100,100087,100,99884,100
2019-06-28 09:34:31.731516953,99958,100,99946,368,100015,314,99914,100,100038,100,99908,100,100042,200,99907,200,100043,200,99905,100,100045,100,99904,100,100049,100,99900,100,100058,100,99897,100,100065,100,99889,100,100080,100,99884,100
2019-06-28 09:34:39.110994428,99958,100,99946,368,100015,314,99914,100,100038,100,99908,100,100042,200,99907,200,100043,200,99905,100,100045,100,99904,100,100049,100,99900,100,100058,100,99897,100,100080,100,99889,100,100087,100,99884,100
2019-06-28 09:34:40.000000000,99958,167,99946,167,100015,113,99914,167,100038,167,99908,167,100042,267,99907,267,100043,200,99905,100,100045,100,99904,100,100049,100,99900,100,100058,100,99897,100,100080,100,99889,100,100087,100,99884,100
2019-06-28 09:34:40.013558644,99958,267,99946,167,100015,113,99914,167,100038,167,99908,167,100042,267,99907,267,100043,200,99905,100,100045,100,99904,100,100049,100,99900,100,100058,100,99897,100,100080,100,99889,100,100087,100,99884,100
2019-06-28 09:34:42.827677721,99958,367,99946,167,100015,113,99914,167,100038,167,99908,167,100042,267,99907,267,100043,200,99905,100,100045,100,99904,100,100049,100,99900,100,100058,100,99897,100,100080,100,99889,100,100087,100,99884,100
2019-06-28 09:34:44.294846101,99958,367,99946,167,100015,113,99914,167,100038,167,99908,167,100042,267,99907,267,100043,200,99905,100,100045,100,99904,100,100049,100,99900,100,100058,100,99897,100,100080,100,99889,100,100087,100,99884,100
2019-06-28 09:34:44.717208692,99958,367,99946,67,100015,113,99914,167,100038,167,99908,167,100042,267,99907,267,100043,200,99905,100,100045,100,99904,100,100049,100,99900,100,100058,100,99897,100,100080,100,99889,100,100087,100,99884,100
2019-06-28 09:34:46.213709383,99949,100,99946,67,99958,367,99914,167,100015,113,99908,167,100038,167,99907,267,100042,267,99905,100,100043,200,99904,100,100045,100,99900,100,100049,100,99897,100,100058,100,99889,100,100080,100,99884,100
2019-06-28 09:34:50.000000000,99949,191,99914,191,99958,388,99908,188,100015,134,99907,288,100038,100,99905,100,100042,200,99904,100,100043,200,99900,100,100045,100,99897,100,100049,100,99889,100,100058,100,99884,100,100080,100,99881,100
2019-06-28 09:34:59.696791858,99949,191,99914,191,99958,388,99908,188,100015,134,99907,288,100038,100,99905,100,100042,200,99904,100,100043,200,99900,100,100045,100,99897,100,100049,100,99889,100,100058,100,99884,100,100080,100,99881,100
2019-06-28 09:35:00.000000000,99949,191,99914,191,99958,388,99908,188,100015,134,99907,288,100038,100,99905,100,100042,200,99904,100,100043,200,99900,100,100045,100,99897,100,100049,100,99889,100,100058,100,99884,100,100080,100,99881,100
2019-06-28 09:35:05.313588234,99949,191,99914,91,99958,388,99908,188,100015,134,99907,288,100038,100,99905,100,100042,200,99904,100,100043,200,99900,100,100049,100,99897,100,100058,100,99889,100,100080,100,99884,100,100087,100,99881,100
2019-06-28 09:35:10.000000000,99949,368,99908,368,99958,300,99907,200,100015,46,99905,100,100038,100,99904,100,100042,200,99900,100,100043,200,99897,100,100049,100,99889,100,100058,100,99884,100,100080,100,99881,100,100087,100,99872,100
2019-06-28 09:35:10.228794224,99949,368,99908,368,99958,300,99907,200,100015,46,99905,100,100042,200,99904,100,100043,200,99900,100,100049,100,99897,100,100058,100,99889,100,100080,100,99884,100,100087,100,99881,100,100099,200,99872,100
2019-06-28 09:35:20.000000000,99949,154,99908,154,99958,354,99907,254,100015,100,99905,154,100042,254,99904,154,100043,254,99900,154,100049,100,99897,100,100058,100,99889,100,100080,100,99884,100,100087,100,99881,100,100099,200,99872,100
2019-06-28 09:35:30.000000000,99949,154,99908,154,99958,354,99907,254,100015,100,99905,154,100042,254,99904,154,100043,254,99900,154,100049,100,99897,100,100058,100,99889,100,100080,100,99884,100,100087,100,99881,100,100099,200,99872,100
2019-06-28 09:35:40.000000000,99949,167,99908,167,99958,367,99907,267,100015,113,99905,167,100042,267,99904,167,100043,200,99900,100,100049,100,99897,100,100058,100,99889,100,100080,100,99884,100,100087,100,99881,100,100099,200,99872,100
2019-06-28 09:35:45.792115073,99949,167,99908,167,99958,367,99907,267,100015,113,99905,167,100042,267,99904,167,100043,200,99900,100,100049,100,99897,100,100058,100,99889,100,100080,100,99884,100,100087,100,99881,100,100099,200,99872,100
2019-06-28 09:35:50.000000000,99949,167,99908,167,99958,367,99907,267,100015,113,99905,167,100042,267,99904,167,100043,200,99900,100,100049,100,99897,100,100058,100,99889,100,100080,100,99884,100,100087,100,99881,100,100099,200,99872,100
2019-06-28 09:35:54.677704614,99949,167,99908,67,99958,367,99907,267,100015,113,99905,167,100042,267,99904,167,100043,200,99900,100,100049,100,99897,100,100058,100,99889,100,100080,100,99884,100,100087,100,99881,100,100099,200,99872,100
2019-06-28 09:36:00.000000000,99949,234,99907,334,99958,434,99905,234,100015,46,99904,100,100042,200,99900,100,100043,200,99897,100,100049,100,99889,100,100058,100,99884,100,100080,100,99881,100,100087,100,99872,100,100099,200,99861,100
2019-06-28 09:36:05.181548753,99949,234,99907,334,99958,434,99905,234,100015,46,99904,100,100042,200,99900,100,100043,200,99897,100,100049,100,99889,100,100058,100,99884,100,100080,100,99881,100,100087,100,99872,100,100099,200,99861,100
2019-06-28 09:36:10.000000000,99949,234,99907,334,99958,434,99905,234,100015,46,99904,100,100042,200,99900,100,100043,200,99897,100,100049,100,99889,100,100058,100,99884,100,100080,100,99881,100,100087,100,99872,100,100099,200,99861,100
2019-06-28 09:36:20.000000000,99949,368,99907,468,99958,300,99905,100,100015,46,99904,100,100042,200,99900,100,100043,200,99897,100,100049,100,99889,100,100058,100,99884,100,100080,100,99881,100,100087,100,99872,100,100099,200,99861,100
2019-06-28 09:36:30.000000000,99949,191,99907,291,99958,388,99905,188,100015,134,99904,188,100042,200,99900,100,100043,200,99897,100,100049,100,99889,100,100058,100,99884,100,100080,100,99881,100,100087,100,99872,100,100099,200,99861,100
2019-06-28 09:36:40.000000000,99949,167,99907,267,99958,367,99905,167,100015,113,99904,167,100042,267,99900,167,100043,200,99897,100,100049,100,99889,100,100058,100,99884,100,100080,100,99881,100,100087,100,99872,100,100099,200,99861,100
2019-06-28 09:36:44.763126146,99914,100,99907,267,99949,167,99905,167,99958,367,99904,167,100015,113,99900,167,100042,267,99897,100,100043,200,99889,100,100049,100,99884,100,100058,100,99881,100,100080,100,99872,100,100087,100,99861,100
2019-06-28 09:36:50.000000000,99914,234,99907,334,99949,234,99905,234,99958,300,99904,100,100015,46,99900,100,100042,200,99897,100,100043,200,99889,100,100049,100,99884,100,100058,100,99881,100,100080,100,99872,100,100087,100,99861,100
2019-06-28 09:37:00.000000000,99914,167,99907,267,99949,167,99905,167,99958,367,99904,167,100015,113,99900,167,100042,200,99897,100,100043,200,99889,100,100049,100,99884,100,100058,100,99881,100,100080,100,99872,100,100087,100,99861,100
2019-06-28 09:37:10.000000000,99914,234,99907,334,99949,234,99905,234,99958,300,99904,100,100015,46,99900,100,100042,200,99897,100,100043,200,99889,100,100049,100,99884,100,100058,100,99881,100,100080,100,99872,100,100087,100,99861,100
2019-06-28 09:37:13.662992063,99914,134,99907,334,99949,234,99905,234,99958,300,99904,100,100015,46,99900,100,100042,100,99897,100,100043,200,99889,100,100049,100,99884,100,100058,100,99881,100,100080,100,99872,100,100087,100,99861,100
2019-06-28 09:37:20.000000000,99949,154,99907,254,99958,354,99905,154,100015,100,99904,154,100042,154,99900,154,100043,254,99897,154,100049,100,99889,100,100058,100,99884,100,100080,100,99881,100,100087,100,99872,100,100099,200,99861,100
2019-06-28 09:37:30.000000000,99949,167,99907,267,99958,367,99905,167,100015,113,99904,167,100042,167,99900,167,100043,200,99897,100,100049,100,99889,100,100058,100,99884,100,100080,100,99881,100,100087,100,99872,100,100099,200,99861,100
2019-06-28 09:37:33.595629273,99949,67,99907,267,99958,367,99905,167,100015,113,99904,167,100042,167,99900,167,100043,200,99897,100,100049,100,99889,100,100058,100,99884,100,100080,100,99881,100,100087,100,99872,100,100099,200,99861,100
2019-06-28 09:37:40.000000000,99958,354,99907,254,100015,100,99905,154,100042,154,99904,154,100043,254,99900,154,100049,154,99897,154,100058,100,99889,100,100080,100,99884,100,100087,100,99881,100,100099,200,99872,100,100114,100,99861,100
2019-06-28 09:37:50.000000000,99958,568,99907,468,100015,46,99905,100,100042,100,99904,100,100043,200,99900,100,100049,100,99897,100,100058,100,99889,100,100080,100,99884,100,100087,100,99881,100,100099,200,99872,100,100114,100,99861,100
2019-06-28 09:38:00.000000000,99958,391,99907,291,100015,134,99905,188,100042,188,99904,188,100043,200,99900,100,100049,100,99897,100,100058,100,99889,100,100080,100,99884,100,100087,100,99881,100,100099,200,99872,100,100114,100,99861,100
2019-06-28 09:38:03.548024405,99958,291,99907,291,100015,134,99905,188,100042,188,99904,188,100043,200,99900,100,100049,100,99897,100,100058,100,99889,100,100080,100,99884,100,100087,100,99881,100,100099,200,99872,100,100114,100,99861,100
2019-06-28 09:38:10.000000000,99958,254,99907,254,100015,100,99905,154,100042,154,99904,154,100043,254,99900,154,100049,154,99897,154,100058,100,99889,100,100080,100,99884,100,100087,100,99881,100,100099,200,99872,100,100114,100,99861,100
2019-06-28 09:38:14.020741140,99958,154,99949,100,100015,100,99907,254,100042,154,99905,154,100043,254,99904,154,100049,154,99900,154,100058,100,99897,154,100080,100,99889,100,100087,100,99884,100,100099,200,99881,100,100114,100,99872,100
2019-06-28 09:38:20.000000000,99958,368,99949,368,100015,46,99907,200,100042,100,99905,100,100043,200,99904,100,100049,100,99900,100,100058,100,99897,100,100080,100,99889,100,100087,100,99884,100,100099,200,99881,100,100114,100,99872,100
2019-06-28 09:38:27.136592461,99958,368,99949,368,100015,46,99907,200,100042,100,99905,100,100043,200,99904,100,100049,100,99900,100,100058,100,99897,100,100080,100,99889,100,100087,100,99884,100,100099,200,99881,100,100114,100,99872,100
2019-06-28 09:38:28.053195669,99958,268,99949,368,100015,46,99907,200,100042,100,99905,100,100043,200,99904,100,100049,100,99900,100,100058,100,99889,100,100080,100,99884,100,100087,100,99881,100,100099,200,99872,100,100114,100,99861,100
2019-06-28 09:38:30.000000000,100015,314,99949,368,100042,100,99907,200,100043,200,99905,100,100049,100,99904,100,100058,100,99900,100,100080,100,99889,100,100087,100,99884,100,100099,200,99881,100,100114,100,99872,100,100123,100,99861,100
2019-06-28 09:38:32.821618573,100015,314,99958,100,100042,100,99949,368,100043,200,99907,200,100049,100,99905,100,100058,100,99904,100,100080,100,99900,100,100087,100,99889,100,100099,200,99881,100,100114,100,99872,100,100123,100,99861,100
2019-06-28 09:38:40.000000000,100015,314,99958,368,100042,100,99949,100,100043,200,99907,200,100049,100,99905,100,100058,100,99904,100,100080,100,99900,100,100087,100,99889,100,100099,200,99881,100,100114,100,99872,100,100123,100,99861,100
2019-06-28 09:38:50.000000000,100015,180,99958,234,100042,234,99949,234,100043,200,99907,200,100049,100,99905,100,100058,100,99904,100,100080,100,99900,100,100087,100,99889,100,100099,200,99881,100,100114,100,99872,100,100123,100,99861,100
2019-06-28 09:38:51.301473608,100015,180,99958,334,100042,234,99949,234,100043,200,99907,200,100049,100,99905,100,100058,100,99904,100,100080,100,99900,100,100087,100,99889,100,100099,200,99881,100,100114,100,99872,100,100123,100,99861,100
2019-06-28 09:39:00.000000000,100015,100,99958,254,100042,154,99949,154,100043,254,99907,254,100049,154,99905,154,100058,154,99904,154,100080,100,99900,100,100087,100,99889,100,100099,200,99881,100,100114,100,99872,100,100123,100,99861,100
2019-06-28 09:39:07.239581215,100042,154,99958,254,100043,254,99949,154,100049,154,99907,254,100058,154,99905,154,100080,100,99904,154,100087,100,99900,100,100099,200,99889,100,100114,100,99881,100,100123,100,99872,100,100139,100,99861,100
2019-06-28 09:39:10.000000000,100042,368,99958,468,100043,200,99949,100,100049,100,99907,200,100058,100,99905,100,100080,100,99904,100,100087,100,99900,100,100099,200,99889,100,100114,100,99881,100,100123,100,99872,100,100139,100,99861,100
2019-06-28 09:39:13.956602776,100042,368,99959,100,100043,200,99958,468,100049,100,99949,100,100058,100,99907,200,100080,100,99905,100,100087,100,99904,100,100099,200,99900,100,100114,100,99889,100,100123,100,99881,100,100139,100,99872,100
2019-06-28 09:39:15.885435570,100042,268,99959,100,100043,200,99958,468,100049,100,99949,100,100058,100,99907,200,100080,100,99905,100,100087,100,99904,100,100099,200,99900,100,100114,100,99889,100,100123,100,99881,100,100139,100,99872,100
2019-06-28 09:39:20.000000000,100043,267,99959,167,100049,167,99958,267,100058,167,99949,167,100080,167,99907,267,100087,100,99905,100,100099,200,99904,100,100114,100,99900,100,100123,100,99889,100,100139,100,99881,100,100144,100,99872,100
2019-06-28 09:39:20.735953222,100043,167,99959,167,100049,167,99958,267,100058,167,99949,167,100080,167,99907,267,100087,100,99905,100,100099,200,99904,100,100114,100,99900,100,100123,100,99889,100,100139,100,99881,100,100144,100,99872,100
2019-06-28 09:39:29.812082172,100043,167,99959,167,100049,167,99958,267,100058,167,99949,167,100080,167,99907,267,100087,100,99905,100,100099,200,99904,100,100114,100,99900,100,100123,100,99889,100,100139,100,99881,100,100144,100,99872,100
2019-06-28 09:39:30.000000000,100043,167,99959,167,100049,167,99958,267,100058,167,99949,167,100080,167,99907,267,100087,100,99905,100,100099,200,99904,100,100114,100,99900,100,100123,100,99889,100,100139,100,99881,100,100144,100,99872,100
2019-06-28 09:39:40.000000000,100043,234,99959,234,100049,234,99958,334,100058,100,99949,100,100080,100,99907,200,100087,100,99905,100,100099,200,99904,100,100114,100,99900,100,100123,100,99889,100,100139,100,99881,100,100144,100,99872,100
2019-06-28 09:39:40.041133431,100043,234,99959,234,100049,234,99958,334,100058,100,99949,100,100080,100,99907,200,100087,100,99905,100,100099,200,99904,100,100114,100,99900,100,100123,100,99889,100,100139,100,99881,100,100144,100,99872,100
2019-06-28 09:39:42.406427962,100043,134,99959,234,100049,234,99958,334,100058,100,99949,100,100080,100,99907,200,100087,100,99905,100,100099,200,99904,100,100123,100,99900,100,100139,100,99889,100,100144,100,99881,100,100145,100,99872,100
2019-06-28 09:39:50.000000000,100049,154,99959,154,100058,154,99958,254,100080,154,99949,154,100087,154,99907,254,100099,254,99905,154,100123,100,99904,100,100139,100,99900,100,100144,100,99889,100,100145,100,99881,100,100155,100,99872,100
2019-06-28 09:40:00.000000000,100049,167,99959,167,100058,167,99958,267,100080,167,99949,167,100087,167,99907,267,100099,200,99905,100,100123,100,99904,100,100139,100,99900,100,100144,100,99889,100,100145,100,99881,100,100155,100,99872,100
2019-06-28 09:40:02.052770904,100049,67,99959,167,100058,167,99958,267,100080,167,99949,167,100087,167,99907,267,100099,200,99905,100,100123,100,99904,100,100139,100,99900,100,100144,100,99889,100,100145,100,99881,100,100155,100,99872,100
2019-06-28 09:40:10.000000000,100058,191,99959,191,100080,188,99958,288,100087,188,99949,188,100099,200,99907,200,100123,100,99905,100,100139,100,99904,100,100144,100,99900,100,100145,100,99889,100,100155,100,99881,100,100157,100,99872,100
2019-06-28 09:40:10.374796652,100058,91,99959,191,100080,188,99958,288,100087,188,99949,188,100099,200,99907,200,100123,100,99905,100,100139,100,99904,100,100144,100,99900,100,100145,100,99889,100,100155,100,99881,100,100157,100,99872,100
2019-06-28 09:40:20.000000000,100080,368,99959,368,100087,100,99958,200,100099,200,99949,100,100123,100,99907,200,100139,100,99905,100,100144,100,99904,100,100145,100,99900,100,100155,100,99889,100,100157,100,99881,100,100233,100,99872,100
2019-06-28 09:40:22.507238130,100080,368,99959,368,100087,100,99958,200,100099,200,99949,100,100123,100,99907,200,100139,100,99905,100,100145,100,99904,100,100155,100,99900,100,100157,100,99889,100,100233,100,99881,100,100579,100,99872,100
2019-06-28 09:40:27.418901623,100080,368,99959,368,100087,100,99958,200,100099,200,99949,100,100123,100,99907,200,100139,100,99905,100,100145,100,99904,100,100155,100,99900,100,100157,100,99889,100,100233,100,99881,100,100579,100,99872,100
2019-06-28 09:40:30.000000000,100080,154,99959,154,100087,154,99958,254,100099,254,99949,154,100123,154,99907,254,100139,154,99905,154,100145,100,99904,100,100155,100,99900,100,100157,100,99889,100,100233,100,99881,100,100579,100,99872,100
2019-06-28 09:40:40.000000000,100080,191,99959,191,100087,188,99958,288,100099,288,99949,188,100123,100,99907,200,100139,100,99905,100,100145,100,99904,100,100155,100,99900,100,100157,100,99889,100,100233,100,99881,100,100579,100,99872,100
2019-06-28 09:40:50.000000000,100080,167,99959,167,100087,167,99958,267,100099,267,99949,167,100123,167,99907,267,100139,100,99905,100,100145,100,99904,100,100155,100,99900,100,100157,100,99889,100,100233,100,99881,100,100579,100,99872,100
2019-06-28 09:40:50.137883103,100080,167,99959,167,100087,167,99958,267,100099,167,99949,167,100123,167,99907,267,100139,100,99905,100,100145,100,99904,100,100155,100,99900,100,100157,100,99889,100,100233,100,99881,100,100579,100,99872,100
2019-06-28 09:40:51.466244663,100080,167,100049,100,100087,67,99959,167,100099,167,99958,267,100123,167,99949,167,100139,100,99907,267,100145,100,99905,100,100155,100,99904,100,100157,100,99900,100,100233,100,99889,100,100579,100,99881,100
2019-06-28 09:41:00.000000000,100080,234,100049,234,100099,234,99959,234,100123,100,99958,200,100139,100,99949,100,100145,100,99907,200,100155,100,99905,100,100157,100,99904,100,100233,100,99900,100,100579,100,99889,100,101447,100,99881,100
2019-06-28 09:41:03.563692662,100080,234,100049,234,100099,234,99959,234,100123,100,99958,200,100139,100,99949,100,100145,100,99907,200,100155,100,99905,100,100157,100,99904,100,100233,100,99889,100,100579,100,99881,100,101447,100,99872,100
2019-06-28 09:41:10.000000000,100080,191,100049,191,100099,188,99959,188,100123,188,99958,288,100139,100,99949,100,100145,100,99907,200,100155,100,99905,100,100157,100,99904,100,100233,100,99889,100,100579,100,99881,100,101447,100,99872,100
2019-06-28 09:41:11.589360124,100080,191,100049,191,100099,188,99959,188,100123,188,99958,288,100139,100,99949,100,100145,100,99907,200,100155,100,99905,100,100157,100,99904,100,100233,100,99889,100,100579,100,99881,100,101447,100,99872,100
2019-06-28 09:41:20.000000000,100080,191,100049,191,100099,188,99959,188,100123,188,99958,288,100139,100,99949,100,100145,100,99907,200,100155,100,99905,100,100157,100,99904,100,100233,100,99889,100,100579,100,99881,100,101447,100,99872,100
2019-06-28 09:41:22.161403649,100080,191,100049,191,100099,188,99959,188,100123,188,99958,288,100139,100,99949,100,100145,100,99907,200,100155,100,99905,100,100157,100,99904,100,100233,100,99889,100,100579,100,99881,100,101447,100,99872,100
2019-06-28 09:41:30.000000000,100080,191,100049,191,100099,188,99959,188,100123,188,99958,288,100139,100,99949,100,100145,100,99907,200,100155,100,99905,100,100157,100,99904,100,100233,100,99889,100,100579,100,99881,100,101447,100,99872,100
2019-06-28 09:41:31.516082182,100080,191,100049,191,100099,188,99959,188,100123,188,99958,288,100139,100,99949,100,100145,100,99907,200,100155,100,99905,100,100157,100,99904,100,100233,100,99889,100,100579,100,99881,100,101246,100,99872,100
2019-06-28 09:41:35.545089155,100080,91,100049,191,100099,188,99959,188,100123,188,99958,288,100139,100,99949,100,100145,100,99907,200,100155,100,99905,100,100157,100,99904,100,100233,100,99889,100,100579,100,99881,100,101246,100,99872,100
2019-06-28 09:41:36.141512121,100080,91,100058,100,100099,188,100049,191,100123,188,99959,188,100139,100,99958,288,100145,100,99949,100,100155,100,99907,200,100157,100,99905,100,100233,100,99904,100,100579,100,99889,100,101246,100,99881,100
2019-06-28 09:41:40.000000000,100099,368,100058,368,100123,100,100049,100,100139,100,99959,100,100145,100,99958,200,100155,100,99949,100,100157,100,99907,200,100233,100,99905,100,100579,100,99904,100,101246,100,99889,100,101447,100,99881,100
2019-06-28 09:41:50.000000000,100099,368,100058,368,100123,100,100049,100,100139,100,99959,100,100145,100,99958,200,100155,100,99949,100,100157,100,99907,200,100233,100,99905,100,100579,100,99904,100,101246,100,99889,100,101447,100,99881,100
2019-06-28 09:41:52.065473939,100099,268,100058,368,100123,100,100049,100,100145,100,99959,100,100155,100,99958,200,100157,100,99949,100,100233,100,99907,200,100579,100,99905,100,101246,100,99904,100,101447,100,99889,100,101498,100,99881,100
2019-06-28 09:41:58.341693690,100099,268,100058,368,100123,100,100049,100,100145,100,99959,100,100155,100,99958,200,100157,100,99949,100,100233,100,99907,200,100579,100,99905,100,101246,100,99904,100,101447,100,99889,100,101474,100,99881,100
2019-06-28 09:42:00.000000000,100123,167,100058,167,100145,167,100049,167,100155,167,99959,167,100157,167,99958,267,100233,100,99949,100,100579,100,99907,200,101246,100,99905,100,101447,100,99904,100,101474,100,99889,100,101498,100,99881,100
2019-06-28 09:42:04.623380483,100123,167,100058,167,100145,167,100049,167,100155,167,99959,167,100157,167,99958,267,100233,100,99949,100,100579,100,99907,200,101246,100,99904,100,101388,100,99889,100,101447,100,99881,100,101474,100,99872,100
2019-06-28 09:42:09.925144204,100123,167,100080,100,100145,167,100058,167,100155,167,100049,167,100157,167,99959,167,100233,100,99958,267,100579,100,99949,100,101246,100,99907,200,101388,100,99904,100,101447,100,99889,100,101474,100,99881,100
2019-06-28 09:42:10.000000000,100123,191,100080,191,100145,188,100058,188,100155,188,100049,188,100157,100,99959,100,100233,100,99958,200,100579,100,99949,100,101246,100,99907,200,101388,100,99904,100,101447,100,99889,100,101474,100,99881,100
2019-06-28 09:42:20.000000000,100123,167,100080,167,100145,167,100058,167,100155,167,100049,167,100157,167,99959,167,100233,100,99958,200,100579,100,99949,100,101246,100,99907,200,101388,100,99904,100,101447,100,99889,100,101474,100,99881,100
2019-06-28 09:42:21.302898015,100123,167,100080,167,100145,167,100058,167,100155,167,100049,167,100157,167,99959,167,100233,100,99958,200,100579,100,99949,100,101246,100,99907,200,101388,100,99904,100,101431,100,99889,100,101447,100,99881,100
2019-06-28 09:42:28.667854997,100123,67,100080,167,100145,167,100058,167,100155,167,100049,167,100157,167,99959,167,100233,100,99958,200,100579,100,99949,100,101246,100,99907,200,101388,100,99904,100,101431,100,99889,100,101447,100,99881,100
2019-06-28 09:42:30.000000000,100145,191,100080,191,100155,188,100058,188,100157,188,100049,188,100233,100,99959,100,100579,100,99958,200,101246,100,99949,100,101388,100,99907,200,101431,100,99904,100,101447,100,99889,100,101474,100,99881,100
2019-06-28 09:42:33.683531179,100145,91,100080,191,100155,188,100058,188,100157,188,100049,188,100233,100,99959,100,100579,100,99958,200,101246,100,99949,100,101388,100,99907,200,101431,100,99904,100,101447,100,99889,100,101498,100,99881,100
2019-06-28 09:42:40.000000000,100155,234,100080,234,100157,234,100058,234,100233,100,100049,100,100579,100,99959,100,101246,100,99958,200,101388,100,99949,100,101431,100,99907,200,101447,100,99904,100,101498,100,99889,100,101534,100,99881,100
2019-06-28 09:42:42.946900012,100155,234,100080,234,100157,234,100058,234,100233,100,100049,100,100579,100,99959,100,101246,100,99958,200,101388,100,99949,100,101431,100,99907,200,101447,100,99904,100,101462,100,99889,100,101498,100,99881,100
2019-06-28 09:42:43.064924870,100155,234,100080,234,100157,234,100058,234,100233,100,100049,100,100579,100,99959,100,101246,100,99958,200,101379,100,99949,100,101431,100,99907,200,101447,100,99904,100,101462,100,99889,100,101498,100,99881,100
2019-06-28 09:42:50.000000000,100155,167,100080,167,100157,167,100058,167,100233,167,100049,167,100579,167,99959,167,101246,100,99958,200,101379,100,99949,100,101431,100,99907,200,101447,100,99904,100,101462,100,99889,100,101498,100,99881,100
2019-06-28 09:42:51.355954277,100155,67,100080,167,100157,167,100058,167,100233,167,100049,167,100579,167,99959,167,101246,100,99958,200,101379,100,99949,100,101431,100,99907,200,101447,100,99904,100,101462,100,99889,100,101498,100,99881,100
2019-06-28 09:43:00.000000000,100157,234,100080,234,100233,234,100058,234,100579,100,100049,100,101246,100,99959,100,101379,100,99958,200,101431,100,99949,100,101447,100,99907,200,101462,100,99904,100,101498,100,99889,100,101534,100,99881,100
2019-06-28 09:43:06.291834419,100157,234,100145,100,100233,234,100080,234,100579,100,100058,234,101246,100,100049,100,101379,100,99959,100,101431,100,99958,200,101447,100,99949,100,101462,100,99907,100,101498,100,99904,100,101534,100,99889,100
2019-06-28 09:43:09.821985730,100157,134,100145,100,100233,234,100080,234,100579,100,100058,234,101246,100,100049,100,101379,100,99959,100,101431,100,99958,200,101447,100,99949,100,101462,100,99907,100,101498,100,99904,100,101534,100,99889,100
2019-06-28 09:43:10.000000000,100233,234,100145,234,100579,234,100080,234,101246,100,100058,100,101379,100,100049,100,101431,100,99959,100,101447,100,99958,200,101462,100,99949,100,101498,100,99907,100,101534,100,99904,100,101579,100,99889,100
2019-06-28 09:43:20.000000000,100233,167,100145,167,100579,167,100080,167,101246,167,100058,167,101379,167,100049,167,101431,100,99959,100,101447,100,99958,200,101462,100,99949,100,101498,100,99907,100,101534,100,99904,100,101579,100,99889,100
2019-06-28 09:43:22.985805061,100233,167,100155,100,100579,167,100145,167,101246,167,100080,167,101379,167,100058,167,101431,100,100049,167,101447,100,99959,100,101462,100,99958,200,101498,100,99949,100,101534,100,99907,100,101579,100,99904,100
2019-06-28 09:43:30.000000000,100233,234,100155,234,100579,234,100145,234,101246,100,100080,100,101379,100,100058,100,101431,100,100049,100,101447,100,99959,100,101462,100,99958,200,101498,100,99949,100,101534,100,99907,100,101579,100,99904,100
2019-06-28 09:43:40.000000000,100233,368,100155,368,100579,100,100145,100,101246,100,100080,100,101379,100,100058,100,101431,100,100049,100,101447,100,99959,100,101462,100,99958,200,101498,100,99949,100,101534,100,99907,100,101579,100,99904,100
2019-06-28 09:43:45.423187410,100233,368,100155,368,100579,100,100145,100,101246,100,100080,100,101278,100,100058,100,101379,100,100049,100,101431,100,99959,100,101447,100,99958,200,101462,100,99949,100,101498,100,99907,100,101534,100,99904,100
2019-06-28 09:43:50.000000000,100233,154,100155,154,100579,154,100145,154,101246,154,100080,154,101278,154,100058,154,101379,154,100049,154,101431,100,99959,100,101447,100,99958,200,101462,100,99949,100,101498,100,99907,100,101534,100,99904,100
2019-06-28 09:43:54.569735095,100233,154,100155,154,100579,154,100145,154,101246,154,100080,154,101278,154,100058,154,101331,100,100049,154,101379,154,99959,100,101431,100,99958,200,101447,100,99949,100,101462,100,99907,100,101498,100,99904,100
2019-06-28 09:43:55.006213441,100233,54,100155,154,100579,154,100145,154,101246,154,100080,154,101278,154,100058,154,101331,100,100049,154,101379,154,99959,100,101431,100,99958,200,101447,100,99949,100,101462,100,99907,100,101498,100,99904,100
2019-06-28 09:44:00.000000000,100579,234,100155,234,101246,234,100145,234,101278,100,100080,100,101331,100,100058,100,101379,100,100049,100,101431,100,99959,100,101447,100,99958,200,101462,100,99949,100,101498,100,99907,100,101534,100,99904,100
2019-06-28 09:44:01.634351236,100579,134,100155,234,101246,234,100145,234,101278,100,100080,100,101331,100,100058,100,101379,100,100049,100,101431,100,99959,100,101447,100,99958,200,101462,100,99949,100,101498,100,99907,100,101534,100,99904,100
2019-06-28 09:44:10.000000000,101246,234,100155,234,101278,234,100145,234,101331,100,100080,100,101379,100,100058,100,101431,100,100049,100,101447,100,99959,100,101462,100,99958,200,101498,100,99949,100,101534,100,99907,100,101579,100,99904,100
2019-06-28 09:44:10.664288540,101246,134,100155,234,101278,234,100145,234,101331,100,100080,100,101379,100,100058,100,101431,100,100049,100,101447,100,99959,100,101462,100,99958,200,101498,100,99949,100,101534,100,99907,100,101579,100,99904,100
2019-06-28 09:44:20.000000000,101278,234,100155,234,101331,234,100145,234,101379,100,100080,100,101431,100,100058,100,101447,100,100049,100,101462,100,99959,100,101498,100,99958,200,101534,100,99949,100,101579,100,99907,100,101966,100,99904,100
2019-06-28 09:44:30.000000000,101278,234,100155,234,101331,234,100145,234,101379,100,100080,100,101431,100,100058,100,101447,100,100049,100,101462,100,99959,100,101498,100,99958,200,101534,100,99949,100,101579,100,99907,100,101966,100,99904,100
2019-06-28 09:44:40.000000000,101278,368,100155,368,101331,100,100145,100,101379,100,100080,100,101431,100,100058,100,101447,100,100049,100,101462,100,99959,100,101498,100,99958,200,101534,100,99949,100,101579,100,99907,100,101966,100,99904,100
2019-06-28 09:44:44.441790735,101278,368,100155,368,101331,100,100145,100,101379,100,100080,100,101431,100,100049,100,101447,100,99959,100,101462,100,99958,200,101498,100,99949,100,101534,100,99907,100,101579,100,99904,100,101966,100,99889,100
2019-06-28 09:44:47.090929358,101278,368,100579,100,101331,100,100155,368,101379,100,100145,100,101431,100,100080,100,101447,100,100049,100,101462,100,99959,100,101498,100,99958,200,101534,100,99949,100,101579,100,99907,100,101966,100,99904,100
2019-06-28 09:44:50.000000000,101278,154,100579,154,101331,154,100155,154,101379,154,100145,154,101431,154,100080,154,101447,154,100049,154,101462,100,99959,100,101498,100,99958,200,101534,100,99949,100,101579,100,99907,100,101966,100,99904,100
2019-06-28 09:44:53.807292389,101278,154,100579,254,101331,154,100155,154,101379,154,100145,154,101431,154,100080,154,101447,154,100049,154,101462,100,99959,100,101498,100,99958,200,101534,100,99907,100,101579,100,99904,100,101966,100,99889,100
2019-06-28 09:45:00.000000000,101278,154,100579,254,101331,154,100155,154,101379,154,100145,154,101431,154,100080,154,101447,154,100049,154,101462,100,99959,100,101498,100,99958,200,101534,100,99907,100,101579,100,99904,100,101966,100,99889,100
2019-06-28 09:45:10.000000000,101278,167,100579,267,101331,167,100155,167,101379,167,100145,167,101431,167,100080,167,101447,100,100049,100,101462,100,99959,100,101498,100,99958,200,101534,100,99907,100,101579,100,99904,100,101966,100,99889,100
2019-06-28 09:45:16.645483407,101278,167,100579,267,101331,167,100155,167,101379,167,100145,167,101431,167,100080,167,101447,100,100049,100,101462,100,99959,100,101498,100,99958,200,101534,100,99907,100,101579,100,99904,100,101966,100,99889,100
2019-06-28 09:45:20.000000000,101278,234,100579,334,101331,234,100155,234,101379,100,100145,100,101431,100,100080,100,101447,100,100049,100,101462,100,99959,100,101498,100,99958,200,101534,100,99907,100,101579,100,99904,100,101966,100,99889,100
2019-06-28 09:45:30.000000000,101278,154,100579,254,101331,154,100155,154,101379,154,100145,154,101431,154,100080,154,101447,154,100049,154,101462,100,99959,100,101498,100,99958,200,101534,100,99907,100,101579,100,99904,100,101966,100,99889,100
2019-06-28 09:45:40.000000000,101278,167,100579,267,101331,167,100155,167,101379,167,100145,167,101431,167,100080,167,101447,100,100049,100,101462,100,99959,100,101498,100,99958,200,101534,100,99907,100,101579,100,99904,100,101966,100,99889,100
2019-06-28 09:45:48.484303660,101278,167,100579,367,101331,167,100155,167,101379,167,100145,167,101431,167,100080,167,101447,100,100049,100,101462,100,99959,100,101498,100,99958,200,101534,100,99907,100,101579,100,99904,100,101966,100,99889,100
2019-06-28 09:45:50.000000000,101278,234,100579,434,101331,234,100155,234,101379,100,100145,100,101431,100,100080,100,101447,100,100049,100,101462,100,99959,100,101498,100,99958,200,101534,100,99907,100,101579,100,99904,100,101966,100,99889,100
2019-06-28 09:45:50.757596844,101278,234,100579,534,101331,234,100155,234,101379,100,100145,100,101431,100,100080,100,101447,100,100049,100,101462,100,99959,100,101498,100,99958,200,101534,100,99907,100,101579,100,99904,100,101966,100,99889,100
2019-06-28 09:45:59.232882637,101278,234,100579,634,101331,234,100155,234,101379,100,100145,100,101431,100,100080,100,101447,100,100049,100,101462,100,99959,100,101498,100,99958,200,101534,100,99907,100,101579,100,99904,100,101966,100,99889,100
2019-06-28 09:46:00.000000000,101278,167,100579,567,101331,167,100155,167,101379,167,100145,167,101431,167,100080,167,101447,100,100049,100,101462,100,99959,100,101498,100,99958,200,101534,100,99907,100,101579,100,99904,100,101966,100,99889,100
2019-06-28 09:46:10.000000000,101278,154,100579,554,101331,154,100155,154,101379,154,100145,154,101431,154,100080,154,101447,154,100049,154,101462,100,99959,100,101498,100,99958,200,101534,100,99907,100,101579,100,99904,100,101966,100,99889,100
2019-06-28 09:46:20.000000000,101278,368,100579,768,101331,100,100155,100,101379,100,100145,100,101431,100,100080,100,101447,100,100049,100,101462,100,99959,100,101498,100,99958,200,101534,100,99907,100,101579,100,99904,100,101966,100,99889,100
2019-06-28 09:46:20.315816502,101278,368,100579,868,101331,100,100155,100,101379,100,100145,100,101431,100,100080,100,101447,100,100049,100,101462,100,99959,100,101498,100,99958,100,101534,100,99907,100,101579,100,99904,100,101966,100,99889,100
2019-06-28 09:46:21.379232273,101121,100,100579,868,101278,368,100155,100,101331,100,100145,100,101379,100,100080,100,101431,100,100049,100,101447,100,99959,100,101462,100,99958,100,101498,100,99907,100,101534,100,99904,100,101579,100,99889,100
2019-06-28 09:46:22.827594321,101121,100,101011,100,101278,368,100579,868,101331,100,100155,100,101379,100,100145,100,101431,100,100080,100,101447,100,100049,100,101462,100,99959,100,101498,100,99958,100,101534,100,99907,100,101579,100,99904,100
2019-06-28 09:46:26.567025128,101278,368,101011,100,101331,100,100579,868,101379,100,100155,100,101431,100,100145,100,101447,100,100080,100,101462,100,100049,100,101498,100,99959,100,101534,100,99958,100,101579,100,99907,100,101966,100,99904,100
2019-06-28 09:46:27.035660726,101132,100,101011,100,101278,368,100579,868,101331,100,100155,100,101379,100,100145,100,101431,100,100080,100,101447,100,100049,100,101462,100,99959,100,101498,100,99958,100,101534,100,99907,100,101579,100,99904,100
2019-06-28 09:46:30.000000000,101132,167,101011,167,101278,167,100579,667,101331,167,100155,167,101379,167,100145,167,101431,100,100080,100,101447,100,100049,100,101462,100,99959,100,101498,100,99958,100,101534,100,99907,100,101579,100,99904,100
2019-06-28 09:46:34.406522087,101132,67,101011,167,101278,167,100579,667,101331,167,100155,167,101379,167,100145,167,101431,100,100080,100,101447,100,100049,100,101462,100,99959,100,101498,100,99958,100,101534,100,99907,100,101579,100,99904,100
2019-06-28 09:46:40.000000000,101278,368,101011,368,101331,100,100579,600,101379,100,100155,100,101431,100,100145,100,101447,100,100080,100,101462,100,100049,100,101498,100,99959,100,101534,100,99958,100,101579,100,99907,100,101966,100,99904,100
2019-06-28 09:46:50.000000000,101278,154,101011,154,101331,154,100579,654,101379,154,100155,154,101431,154,100145,154,101447,154,100080,154,101462,100,100049,100,101498,100,99959,100,101534,100,99958,100,101579,100,99907,100,101966,100,99904,100
2019-06-28 09:47:00.000000000,101278,167,101011,167,101331,167,100579,667,101379,167,100155,167,101431,167,100145,167,101447,100,100080,100,101462,100,100049,100,101498,100,99959,100,101534,100,99958,100,101579,100,99907,100,101966,100,99904,100
2019-06-28 09:47:10.000000000,101278,234,101011,234,101331,234,100579,734,101379,100,100155,100,101431,100,100145,100,101447,100,100080,100,101462,100,100049,100,101498,100,99959,100,101534,100,99958,100,101579,100,99907,100,101966,100,99904,100
2019-06-28 09:47:13.027612629,101278,234,101011,234,101331,234,100745,100,101379,100,100579,734,101431,100,100155,100,101447,100,100145,100,101462,100,100080,100,101498,100,100049,100,101534,100,99959,100,101579,100,99958,100,101966,100,99907,100
2019-06-28 09:47:20.000000000,101278,191,101011,191,101331,188,100745,188,101379,188,100579,688,101431,100,100155,100,101447,100,100145,100,101462,100,100080,100,101498,100,100049,100,101534,100,99959,100,101579,100,99958,100,101966,100,99907,100
2019-06-28 09:47:25.657038962,101074,100,101011,191,101278,191,100745,188,101331,188,100579,688,101379,188,100155,100,101431,100,100145,100,101447,100,100080,100,101462,100,100049,100,101498,100,99959,100,101534,100,99958,100,101579,100,99907,100
2019-06-28 09:47:30.000000000,101074,167,101011,167,101278,167,100745,167,101331,167,100579,667,101379,167,100155,167,101431,100,100145,100,101447,100,100080,100,101462,100,100049,100,101498,100,99959,100,101534,100,99958,100,101579,100,99907,100
2019-06-28 09:47:40.000000000,101074,234,101011,234,101278,234,100745,234,101331,100,100579,600,101379,100,100155,100,101431,100,100145,100,101447,100,100080,100,101462,100,100049,100,101498,100,99959,100,101534,100,99958,100,101579,100,99907,100
2019-06-28 09:47:43.956141166,101074,234,101011,234,101093,100,100745,234,101278,234,100579,600,101331,100,100155,100,101379,100,100145,100,101431,100,100080,100,101447,100,100049,100,101462,100,99959,100,101498,100,99958,100,101534,100,99907,100
2019-06-28 09:47:50.000000000,101074,368,101011,368,101093,100,100745,100,101278,100,100579,600,101331,100,100155,100,101379,100,100145,100,101431,100,100080,100,101447,100,100049,100,101462,100,99959,100,101498,100,99958,100,101534,100,99907,100
2019-06-28 09:48:00.000000000,101074,154,101011,154,101093,154,100745,154,101278,154,100579,654,101331,154,100155,154,101379,154,100145,154,101431,100,100080,100,101447,100,100049,100,101462,100,99959,100,101498,100,99958,100,101534,100,99907,100
2019-06-28 09:48:08.546837958,101074,154,101011,154,101093,154,100745,154,101278,154,100603,100,101331,154,100579,654,101379,154,100155,154,101431,100,100145,154,101447,100,100080,100,101462,100,100049,100,101498,100,99959,100,101534,100,99958,100
2019-06-28 09:48:10.000000000,101074,191,101011,191,101093,188,100745,188,101278,188,100603,188,101331,100,100579,600,101379,100,100155,100,101431,100,100145,100,101447,100,100080,100,101462,100,100049,100,101498,100,99959,100,101534,100,99958,100
2019-06-28 09:48:20.000000000,101074,368,101011,368,101093,100,100745,100,101278,100,100603,100,101331,100,100579,600,101379,100,100155,100,101431,100,100145,100,101447,100,100080,100,101462,100,100049,100,101498,100,99959,100,101534,100,99958,100
2019-06-28 09:48:30.000000000,101074,234,101011,234,101093,234,100745,234,101278,100,100603,100,101331,100,100579,600,101379,100,100155,100,101431,100,100145,100,101447,100,100080,100,101462,100,100049,100,101498,100,99959,100,101534,100,99958,100
2019-06-28 09:48:38.261958941,101074,234,101011,134,101093,234,100745,234,101278,100,100603,100,101331,100,100579,600,101379,100,100155,100,101431,100,100145,100,101447,100,100080,100,101462,100,100049,100,101498,100,99959,100,101534,100,99958,100
2019-06-28 09:48:39.947823319,101074,234,101011,134,101093,234,100745,234,101278,100,100603,100,101331,100,100584,100,101379,100,100579,600,101431,100,100155,100,101447,100,100145,100,101462,100,100080,100,101498,100,100049,100,101534,100,99959,100
2019-06-28 09:48:40.000000000,101074,167,100745,167,101093,167,100603,167,101278,167,100584,167,101331,167,100579,667,101379,100,100155,100,101431,100,100145,100,101447,100,100080,100,101462,100,100049,100,101498,100,99959,100,101534,100,99958,100
2019-06-28 09:48:47.680237305,101074,167,100745,67,101093,167,100603,167,101278,167,100584,167,101331,167,100579,667,101379,100,100155,100,101431,100,100145,100,101447,100,100080,100,101462,100,100049,100,101498,100,99959,100,101534,100,99958,100
2019-06-28 09:48:50.000000000,101074,368,100603,368,101093,100,100584,100,101278,100,100579,600,101331,100,100155,100,101379,100,100145,100,101431,100,100080,100,101447,100,100049,100,101462,100,99959,100,101498,100,99958,100,101534,100,99907,100
2019-06-28 09:48:59.382948155,101074,368,100772,100,101093,100,100603,368,101278,100,100584,100,101331,100,100579,600,101379,100,100155,100,101431,100,100145,100,101447,100,100080,100,101462,100,100049,100,101498,100,99959,100,101534,100,99958,100
2019-06-28 09:49:00.000000000,101074,167,100772,167,101093,167,100603,167,101278,167,100584,167,101331,167,100579,667,101379,100,100155,100,101431,100,100145,100,101447,100,100080,100,101462,100,100049,100,101498,100,99959,100,101534,100,99958,100
2019-06-28 09:49:10.000000000,101074,167,100772,167,101093,167,100603,167,101278,167,100584,167,101331,167,100579,667,101379,100,100155,100,101431,100,100145,100,101447,100,100080,100,101462,100,100049,100,101498,100,99959,100,101534,100,99958,100
2019-06-28 09:49:20.000000000,101074,368,100772,368,101093,100,100603,100,101278,100,100584,100,101331,100,100579,600,101379,100,100155,100,101431,100,100145,100,101447,100,100080,100,101462,100,100049,100,101498,100,99959,100,101534,100,99958,100
2019-06-28 09:49:30.000000000,101074,154,100772,154,101093,154,100603,154,101278,154,100584,154,101331,154,100579,654,101379,154,100155,154,101431,100,100145,100,101447,100,100080,100,101462,100,100049,100,101498,100,99959,100,101534,100,99958,100
2019-06-28 09:49:40.000000000,101074,167,100772,167,101093,167,100603,167,101278,167,100584,167,101331,167,100579,667,101379,100,100155,100,101431,100,100145,100,101447,100,100080,100,101462,100,100049,100,101498,100,99959,100,101534,100,99958,100
2019-06-28 09:49:45.963363810,101074,167,100870,100,101093,167,100772,167,101278,167,100603,167,101331,167,100584,167,101379,100,100579,667,101431,100,100155,100,101447,100,100145,100,101462,100,100080,100,101498,100,100049,100,101534,100,99959,100
2019-06-28 09:49:50.000000000,101074,191,100870,191,101093,188,100772,188,101278,188,100603,188,101331,100,100584,100,101379,100,100579,600,101431,100,100155,100,101447,100,100145,100,101462,100,100080,100,101498,100,100049,100,101534,100,99959,100
2019-06-28 09:50:00.000000000,101074,234,100870,234,101093,234,100772,234,101278,100,100603,100,101331,100,100584,100,101379,100,100579,600,101431,100,100155,100,101447,100,100145,100,101462,100,100080,100,101498,100,100049,100,101534,100,99959,100
2019-06-28 09:50:02.234741644,101074,234,100870,234,101093,234,100772,234,101278,100,100767,100,101331,100,100603,100,101379,100,100584,100,101431,100,100579,600,101447,100,100155,100,101462,100,100145,100,101498,100,100080,100,101534,100,100049,100
2019-06-28 09:50:10.000000000,101074,167,100870,167,101093,167,100772,167,101278,167,100767,167,101331,167,100603,167,101379,100,100584,100,101431,100,100579,600,101447,100,100155,100,101462,100,100145,100,101498,100,100080,100,101534,100,100049,100
2019-06-28 09:50:20.000000000,101074,191,100870,191,101093,188,100772,188,101278,188,100767,188,101331,100,100603,100,101379,100,100584,100,101431,100,100579,600,101447,100,100155,100,101462,100,100145,100,101498,100,100080,100,101534,100,100049,100
2019-06-28 09:50:30.000000000,101074,191,100870,191,101093,188,100772,188,101278,188,100767,188,101331,100,100603,100,101379,100,100584,100,101431,100,100579,600,101447,100,100155,100,101462,100,100145,100,101498,100,100080,100,101534,100,100049,100
2019-06-28 09:50:40.000000000,101074,191,100870,191,101093,188,100772,188,101278,188,100767,188,101331,100,100603,100,101379,100,100584,100,101431,100,100579,600,101447,100,100155,100,101462,100,100145,100,101498,100,100080,100,101534,100,100049,100
2019-06-28 09:50:50.000000000,101074,154,100870,154,101093,154,100772,154,101278,154,100767,154,101331,154,100603,154,101379,154,100584,154,101431,100,100579,600,101447,100,100155,100,101462,100,100145,100,101498,100,100080,100,101534,100,100049,100
2019-06-28 09:50:50.987788380,101011,100,100870,154,101074,154,100772,154,101093,154,100767,154,101278,154,100603,154,101331,154,100584,154,101379,154,100579,500,101431,100,100155,100,101447,100,100145,100,101462,100,100080,100,101498,100,100049,100
2019-06-28 09:51:00.000000000,101011,154,100870,154,101074,154,100772,154,101093,154,100767,154,101278,154,100603,154,101331,154,100584,154,101379,100,100579,500,101431,100,100155,100,101447,100,100145,100,101462,100,100080,100,101498,100,100049,100
2019-06-28 09:51:10.000000000,101011,234,100870,234,101074,234,100772,234,101093,100,100767,100,101278,100,100603,100,101331,100,100584,100,101379,100,100579,500,101431,100,100155,100,101447,100,100145,100,101462,100,100080,100,101498,100,100049,100
2019-06-28 09:51:17.026917142,101011,234,100870,234,101074,234,100772,234,101093,100,100767,100,101278,100,100603,100,101331,100,100584,100,101379,100,100579,500,101431,100,100155,100,101447,100,100080,100,101462,100,100049,100,101498,100,99959,100
2019-06-28 09:51:20.000000000,101011,154,100870,154,101074,154,100772,154,101093,154,100767,154,101278,154,100603,154,101331,154,100584,154,101379,100,100579,500,101431,100,100155,100,101447,100,100080,100,101462,100,100049,100,101498,100,99959,100
2019-06-28 09:51:30.000000000,101011,191,100870,191,101074,188,100772,188,101093,188,100767,188,101278,100,100603,100,101331,100,100584,100,101379,100,100579,500,101431,100,100155,100,101447,100,100080,100,101462,100,100049,100,101498,100,99959,100
2019-06-28 09:51:40.000000000,101011,191,100870,191,101074,188,100772,188,101093,188,100767,188,101278,100,100603,100,101331,100,100584,100,101379,100,100579,500,101431,100,100155,100,101447,100,100080,100,101462,100,100049,100,101498,100,99959,100
2019-06-28 09:51:50.000000000,101011,234,100870,234,101074,234,100772,234,101093,100,100767,100,101278,100,100603,100,101331,100,100584,100,101379,100,100579,500,101431,100,100155,100,101447,100,100080,100,101462,100,100049,100,101498,100,99959,100
2019-06-28 09:52:00.000000000,101011,167,100870,167,101074,167,100772,167,101093,167,100767,167,101278,167,100603,167,101331,100,100584,100,101379,100,100579,500,101431,100,100155,100,101447,100,100080,100,101462,100,100049,100,101498,100,99959,100
2019-06-28 09:52:07.790418151,101011,167,100870,167,101074,167,100772,167,101093,167,100767,167,101278,167,100603,167,101331,100,100584,100,101379,100,100579,500,101431,100,100155,100,101447,100,100080,100,101462,100,100049,100,101498,100,99977,100
2019-06-28 09:52:10.000000000,101011,368,100870,368,101074,100,100772,100,101093,100,100767,100,101278,100,100603,100,101331,100,100584,100,101379,100,100579,500,101431,100,100155,100,101447,100,100080,100,101462,100,100049,100,101498,100,99977,100
2019-06-28 09:52:18.304631934,101011,368,100870,268,101074,100,100772,100,101093,100,100767,100,101278,100,100603,100,101331,100,100584,100,101379,100,100579,500,101431,100,100155,100,101447,100,100080,100,101462,100,100049,100,101498,100,99977,100
2019-06-28 09:52:20.000000000,101011,368,100772,368,101074,100,100767,100,101093,100,100603,100,101278,100,100584,100,101331,100,100579,500,101379,100,100155,100,101431,100,100080,100,101447,100,100049,100,101462,100,99977,100,101498,100,99959,100
2019-06-28 09:52:30.000000000,101011,167,100772,167,101074,167,100767,167,101093,167,100603,167,101278,167,100584,167,101331,100,100579,500,101379,100,100155,100,101431,100,100080,100,101447,100,100049,100,101462,100,99977,100,101498,100,99959,100
2019-06-28 09:52:30.022520705,101011,167,100772,167,101074,167,100767,167,101093,167,100603,167,101278,167,100584,167,101331,100,100579,500,101379,100,100155,100,101431,100,100080,100,101447,100,99977,100,101462,100,99959,100,101498,100,99958,100
2019-06-28 09:52:40.000000000,101011,154,100772,154,101074,154,100767,154,101093,154,100603,154,101278,154,100584,154,101331,154,100579,554,101379,100,100155,100,101431,100,100080,100,101447,100,99977,100,101462,100,99959,100,101498,100,99958,100
2019-06-28 09:52:49.376985668,101011,154,100772,54,101074,154,100767,154,101093,154,100603,154,101278,154,100584,154,101331,154,100579,554,101379,100,100155,100,101431,100,100080,100,101447,100,99977,100,101462,100,99959,100,101498,100,99958,100
2019-06-28 09:52:50.000000000,101011,234,100767,234,101074,234,100603,234,101093,100,100584,100,101278,100,100579,500,101331,100,100155,100,101379,100,100080,100,101431,100,99977,100,101447,100,99959,100,101462,100,99958,100,101498,100,99907,100
2019-06-28 09:52:53.989972109,100870,100,100767,234,101011,134,100603,234,101074,234,100584,100,101093,100,100579,500,101278,100,100155,100,101331,100,100080,100,101379,100,99977,100,101431,100,99959,100,101447,100,99958,100,101462,100,99907,100
2019-06-28 09:53:00.000000000,100870,191,100767,191,101074,188,100603,188,101093,188,100584,188,101278,100,100579,500,101331,100,100155,100,101379,100,100080,100,101431,100,99977,100,101447,100,99959,100,101462,100,99958,100,101498,100,99907,100
2019-06-28 09:53:02.774063708,100870,191,100767,191,101074,188,100603,188,101093,188,100584,188,101278,100,100579,500,101331,100,100155,100,101379,100,100080,100,101431,100,99977,100,101447,100,99959,100,101462,100,99958,100,101498,100,99907,100
2019-06-28 09:53:05.803445816,100870,191,100767,191,101074,188,100603,188,101093,188,100584,88,101278,100,100579,500,101331,100,100155,100,101379,100,100080,100,101431,100,99977,100,101447,100,99959,100,101462,100,99958,100,101498,100,99907,100
2019-06-28 09:53:09.903582936,100870,191,100767,191,101074,188,100603,188,101093,188,100584,88,101278,100,100579,500,101331,100,100155,100,101379,100,100080,100,101431,100,99977,100,101447,100,99959,100,101462,100,99958,100,101498,100,99907,100
2019-06-28 09:53:10.000000000,100870,191,100767,191,101074,188,100603,188,101093,188,100579,588,101278,100,100155,100,101331,100,100080,100,101379,100,99977,100,101431,100,99959,100,101447,100,99958,100,101462,100,99907,100,101498,100,99904,100
2019-06-28 09:53:20.000000000,100870,234,100767,234,101074,234,100603,234,101093,100,100579,500,101278,100,100155,100,101331,100,100080,100,101379,100,99977,100,101431,100,99959,100,101447,100,99958,100,101462,100,99907,100,101498,100,99904,100
2019-06-28 09:53:24.754286842,100870,234,100767,234,101074,234,100603,234,101093,100,100579,500,101278,100,100155,100,101331,100,100080,100,101379,100,99977,100,101431,100,99959,100,101447,100,99958,100,101462,100,99907,100,101498,100,99904,100
2019-06-28 09:53:30.000000000,100870,167,100767,167,101074,167,100603,167,101093,167,100579,567,101278,167,100155,167,101331,100,100080,100,101379,100,99977,100,101431,100,99959,100,101447,100,99958,100,101462,100,99907,100,101498,100,99904,100
2019-06-28 09:53:33.200715460,100870,267,100767,167,101074,167,100603,167,101093,167,100579,567,101278,167,100155,167,101331,100,100080,100,101379,100,99977,100,101431,100,99959,100,101447,100,99958,100,101462,100,99907,100,101498,100,99904,100
2019-06-28 09:53:40.000000000,100870,254,100767,154,101074,154,100603,154,101093,154,100579,554,101278,154,100155,154,101331,154,100080,154,101379,100,99977,100,101431,100,99959,100,101447,100,99958,100,101462,100,99907,100,101498,100,99904,100
2019-06-28 09:53:48.462002111,100870,254,100767,154,101074,154,100603,154,101093,154,100579,554,101278,154,100155,154,101331,154,100080,154,101379,100,99977,100,101431,100,99959,100,101447,100,99958,100,101462,100,99907,100,101498,100,99904,100
2019-06-28 09:53:50.000000000,100870,468,100767,368,101074,100,100603,100,101093,100,100579,500,101278,100,100155,100,101331,100,100080,100,101379,100,99977,100,101431,100,99959,100,101447,100,99958,100,101462,100,99907,100,101498,100,99904,100
2019-06-28 09:54:00.000000000,100870,291,100767,191,101074,188,100603,188,101093,188,100579,588,101278,100,100155,100,101331,100,100080,100,101379,100,99977,100,101431,100,99959,100,101447,100,99958,100,101462,100,99907,100,101498,100,99904,100
2019-06-28 09:54:07.443785237,100767,9,100603,188,100870,291,100579,588,101074,188,100155,100,101093,188,100080,100,101278,100,99977,100,101331,100,99959,100,101379,100,99958,100,101431,100,99907,100,101447,100,99904,100,101462,100,99888,100
2019-06-28 09:54:10.000000000,100767,100,100603,191,100870,288,100579,588,101074,188,100155,188,101093,100,100080,100,101278,100,99977,100,101331,100,99959,100,101379,100,99958,100,101431,100,99907,100,101447,100,99904,100,101462,100,99888,100
2019-06-28 09:54:20.000000000,100767,63,100603,154,100870,254,100579,554,101074,154,100155,154,101093,154,100080,154,101278,154,99977,154,101331,100,99959,100,101379,100,99958,100,101431,100,99907,100,101447,100,99904,100,101462,100,99888,100
2019-06-28 09:54:21.422886766,100767,63,100603,154,100772,100,100579,454,100870,254,100155,154,101074,154,100080,154,101093,154,99977,154,101278,154,99959,100,101331,100,99958,100,101379,100,99907,100,101431,100,99904,100,101447,100,99888,100
2019-06-28 09:54:30.000000000,100767,143,100603,234,100772,234,100579,534,100870,200,100155,100,101074,100,100080,100,101093,100,99977,100,101278,100,99959,100,101331,100,99958,100,101379,100,99907,100,101431,100,99904,100,101447,100,99888,100
2019-06-28 09:54:34.895970256,100767,143,100603,234,100772,234,100579,534,100870,200,100155,100,101074,100,100080,100,101093,100,99977,100,101278,100,99959,100,101331,100,99958,100,101379,100,99907,100,101431,100,99904,100,101447,100,99888,100
2019-06-28 09:54:39.334205478,100767,143,100603,234,100772,234,100579,534,100870,200,100155,100,101074,100,100080,100,101093,100,99977,100,101278,100,99959,100,101331,100,99958,100,101379,100,99907,100,101431,100,99904,100,101447,100,99888,100
2019-06-28 09:54:40.000000000,100767,100,100603,191,100772,188,100579,488,100870,288,100155,188,101074,100,100080,100,101093,100,99977,100,101278,100,99959,100,101331,100,99958,100,101379,100,99907,100,101431,100,99904,100,101447,100,99888,100
2019-06-28 09:54:50.000000000,100767,76,100603,167,100772,167,100579,467,100870,267,100155,167,101074,167,100080,167,101093,100,99977,100,101278,100,99959,100,101331,100,99958,100,101379,100,99907,100,101431,100,99904,100,101447,100,99888,100
2019-06-28 09:55:00.000000000,100767,100,100603,191,100772,188,100579,488,100870,288,100155,188,101074,100,100080,100,101093,100,99977,100,101278,100,99959,100,101331,100,99958,100,101379,100,99907,100,101431,100,99904,100,101447,100,99888,100
2019-06-28 09:55:03.222209719,100767,100,100603,91,100772,188,100579,488,100870,288,100155,188,101074,100,100080,100,101093,100,99977,100,101331,100,99959,100,101379,100,99958,100,101431,100,99907,100,101447,100,99904,100,101462,100,99888,100
2019-06-28 09:55:10.000000000,100767,63,100579,454,100772,154,100155,154,100870,254,100080,154,101074,154,99977,154,101093,154,99959,154,101331,100,99958,100,101379,100,99907,100,101431,100,99904,100,101447,100,99888,100,101462,100,99881,100
2019-06-28 09:55:20.000000000,100767,100,100579,491,100772,188,100155,188,100870,288,100080,188,101074,100,99977,100,101093,100,99959,100,101331,100,99958,100,101379,100,99907,100,101431,100,99904,100,101447,100,99888,100,101462,100,99881,100
2019-06-28 09:55:24.483019901,100767,100,100579,391,100772,188,100155,188,100870,288,100080,188,101074,100,99977,100,101093,100,99959,100,101331,100,99958,100,101379,100,99907,100,101447,100,99904,100,101462,100,99888,100,101498,100,99881,100
2019-06-28 09:55:30.000000000,100767,63,100579,354,100772,154,100155,154,100870,254,100080,154,101074,154,99977,154,101093,154,99959,154,101331,100,99958,100,101379,100,99907,100,101447,100,99904,100,101462,100,99888,100,101498,100,99881,100
2019-06-28 09:55:40.000000000,100767,63,100579,354,100772,154,100155,154,100870,254,100080,154,101074,154,99977,154,101093,154,99959,154,101331,100,99958,100,101379,100,99907,100,101447,100,99904,100,101462,100,99888,100,101498,100,99881,100
2019-06-28 09:55:50.000000000,100767,63,100579,354,100772,154,100155,154,100870,254,100080,154,101074,154,99977,154,101093,154,99959,154,101331,100,99958,100,101379,100,99907,100,101447,100,99904,100,101462,100,99888,100,101498,100,99881,100
2019-06-28 09:55:58.003673100,100767,63,100579,254,100772,154,100155,154,100870,254,100080,154,101074,154,99977,154,101093,154,99959,154,101331,100,99958,100,101379,100,99907,100,101447,100,99904,100,101462,100,99888,100,101498,100,99881,100
2019-06-28 09:56:00.000000000,100767,76,100579,267,100772,167,100155,167,100870,267,100080,167,101074,167,99977,167,101093,100,99959,100,101331,100,99958,100,101379,100,99907,100,101447,100,99904,100,101462,100,99888,100,101498,100,99881,100
2019-06-28 09:56:10.000000000,100767,76,100579,267,100772,167,100155,167,100870,267,100080,167,101074,167,99977,167,101093,100,99959,100,101331,100,99958,100,101379,100,99907,100,101447,100,99904,100,101462,100,99888,100,101498,100,99881,100
2019-06-28 09:56:20.000000000,100767,100,100579,291,100772,188,100155,188,100870,288,100080,188,101074,100,99977,100,101093,100,99959,100,101331,100,99958,100,101379,100,99907,100,101447,100,99904,100,101462,100,99888,100,101498,100,99881,100
2019-06-28 09:56:30.000000000,100767,143,100579,334,100772,234,100155,234,100870,200,100080,100,101074,100,99977,100,101093,100,99959,100,101331,100,99958,100,101379,100,99907,100,101447,100,99904,100,101462,100,99888,100,101498,100,99881,100
2019-06-28 09:56:38.464686210,100679,100,100579,334,100767,143,100155,234,100772,234,100080,100,100870,200,99977,100,101074,100,99959,100,101093,100,99958,100,101331,100,99907,100,101379,100,99904,100,101447,100,99888,100,101462,100,99881,100
2019-06-28 09:56:40.000000000,100679,154,100579,254,100767,63,100155,154,100772,154,100080,154,100870,254,99977,154,101074,154,99959,154,101093,100,99958,100,101331,100,99907,100,101379,100,99904,100,101447,100,99888,100,101462,100,99881,100
2019-06-28 09:56:41.718942626,100679,154,100580,100,100767,63,100579,254,100772,154,100155,154,100870,254,100080,154,101074,154,99977,154,101093,100,99959,154,101331,100,99958,100,101379,100,99907,100,101447,100,99904,100,101462,100,99888,100
2019-06-28 09:56:50.000000000,100679,191,100580,191,100767,97,100579,288,100772,188,100155,188,100870,200,100080,100,101074,100,99977,100,101093,100,99959,100,101331,100,99958,100,101379,100,99907,100,101447,100,99904,100,101462,100,99888,100
2019-06-28 09:57:00.000000000,100679,234,100580,234,100767,143,100579,334,100772,100,100155,100,100870,200,100080,100,101074,100,99977,100,101093,100,99959,100,101331,100,99958,100,101379,100,99907,100,101447,100,99904,100,101462,100,99888,100
2019-06-28 09:57:06.580649469,100679,234,100580,234,100767,143,100579,334,100772,100,100564,100,100870,200,100155,100,101074,100,100080,100,101093,100,99977,100,101331,100,99959,100,101379,100,99958,100,101447,100,99907,100,101462,100,99904,100
2019-06-28 09:57:10.000000000,100679,368,100580,368,100767,9,100579,200,100772,100,100564,100,100870,200,100155,100,101074,100,100080,100,101093,100,99977,100,101331,100,99959,100,101379,100,99958,100,101447,100,99907,100,101462,100,99904,100
2019-06-28 09:57:20.000000000,100679,167,100580,167,100767,76,100579,267,100772,167,100564,167,100870,267,100155,167,101074,100,100080,100,101093,100,99977,100,101331,100,99959,100,101379,100,99958,100,101447,100,99907,100,101462,100,99904,100
2019-06-28 09:57:30.000000000,100679,234,100580,234,100767,143,100579,334,100772,100,100564,100,100870,200,100155,100,101074,100,100080,100,101093,100,99977,100,101331,100,99959,100,101379,100,99958,100,101447,100,99907,100,101462,100,99904,100
2019-06-28 09:57:38.057297681,100679,234,100580,134,100767,143,100579,334,100772,100,100564,100,100870,200,100155,100,101074,100,100080,100,101093,100,99977,100,101331,100,99958,100,101379,100,99907,100,101447,100,99904,100,101462,100,99888,100
2019-06-28 09:57:40.000000000,100679,167,100579,267,100767,76,100564,167,100772,167,100155,167,100870,267,100080,167,101074,100,99977,100,101093,100,99958,100,101331,100,99907,100,101379,100,99904,100,101447,100,99888,100,101462,100,99881,100
2019-06-28 09:57:50.000000000,100679,234,100579,334,100767,143,100564,234,100772,100,100155,100,100870,200,100080,100,101074,100,99977,100,101093,100,99958,100,101331,100,99907,100,101379,100,99904,100,101447,100,99888,100,101462,100,99881,100
2019-06-28 09:58:00.000000000,100679,167,100579,267,100767,76,100564,167,100772,167,100155,167,100870,267,100080,167,101074,100,99977,100,101093,100,99958,100,101331,100,99907,100,101379,100,99904,100,101447,100,99888,100,101462,100,99881,100
2019-06-28 09:58:00.907727627,100679,167,100579,267,100767,76,100564,167,100772,167,100555,100,100870,267,100155,167,101074,100,100080,167,101093,100,99977,100,101331,100,99958,100,101379,100,99907,100,101447,100,99904,100,101462,100,99888,100
2019-06-28 09:58:03.874605736,100679,167,100579,167,100767,76,100564,167,100772,167,100555,100,100870,267,100155,167,101074,100,100080,167,101093,100,99977,100,101331,100,99958,100,101379,100,99907,100,101447,100,99904,100,101462,100,99888,100
2019-06-28 09:58:10.000000000,100679,368,100579,368,100767,9,100564,100,100772,100,100555,100,100870,200,100155,100,101074,100,100080,100,101093,100,99977,100,101331,100,99958,100,101379,100,99907,100,101447,100,99904,100,101462,100,99888,100
2019-06-28 09:58:20.000000000,100679,191,100579,191,100767,97,100564,188,100772,188,100555,188,100870,200,100155,100,101074,100,100080,100,101093,100,99977,100,101331,100,99958,100,101379,100,99907,100,101447,100,99904,100,101462,100,99888,100
2019-06-28 09:58:30.000000000,100679,167,100579,167,100767,76,100564,167,100772,167,100555,167,100870,267,100155,167,101074,100,100080,100,101093,100,99977,100,101331,100,99958,100,101379,100,99907,100,101447,100,99904,100,101462,100,99888,100
2019-06-28 09:58:30.593776811,100679,167,100579,167,100705,100,100564,167,100767,76,100555,167,100772,167,100155,167,100870,267,100080,100,101074,100,99977,100,101093,100,99958,100,101331,100,99907,100,101379,100,99904,100,101447,100,99888,100
2019-06-28 09:58:40.000000000,100679,368,100579,368,100705,100,100564,100,100767,9,100555,100,100772,100,100155,100,100870,200,100080,100,101074,100,99977,100,101093,100,99958,100,101331,100,99907,100,101379,100,99904,100,101447,100,99888,100
2019-06-28 09:58:43.399267734,100679,368,100579,268,100705,100,100564,100,100767,9,100555,100,100772,100,100155,100,100870,200,100080,100,101074,100,99977,100,101093,100,99958,100,101331,100,99907,100,101379,100,99904,100,101447,100,99888,100
2019-06-28 09:58:47.589257070,100679,368,100579,268,100705,100,100564,100,100767,9,100555,100,100772,100,100080,100,100870,200,99977,100,101074,100,99958,100,101093,100,99907,100,101331,100,99904,100,101379,100,99888,100,101447,100,99881,100
2019-06-28 09:58:50.000000000,100679,154,100564,154,100705,154,100555,154,100767,63,100080,154,100772,154,99977,154,100870,254,99958,154,101074,100,99907,100,101093,100,99904,100,101331,100,99888,100,101379,100,99881,100,101447,100,99861,100
2019-06-28 09:59:00.000000000,100679,154,100564,154,100705,154,100555,154,100767,63,100080,154,100772,154,99977,154,100870,254,99958,154,101074,100,99907,100,101093,100,99904,100,101331,100,99888,100,101379,100,99881,100,101447,100,99861,100
2019-06-28 09:59:10.000000000,100679,167,100564,167,100705,167,100555,167,100767,76,100080,167,100772,167,99977,167,100870,200,99958,100,101074,100,99907,100,101093,100,99904,100,101331,100,99888,100,101379,100,99881,100,101447,100,99861,100
2019-06-28 09:59:10.715799929,100579,100,100564,167,100679,167,100555,167,100705,167,100080,167,100767,76,99977,167,100772,167,99958,100,100870,200,99907,100,101074,100,99904,100,101093,100,99888,100,101331,100,99881,100,101379,100,99861,100
2019-06-28 09:59:20.000000000,100579,368,100564,368,100679,100,100555,100,100705,100,100080,100,100767,9,99977,100,100772,100,99958,100,100870,200,99907,100,101074,100,99904,100,101093,100,99888,100,101331,100,99881,100,101379,100,99861,100
2019-06-28 09:59:30.000000000,100579,234,100564,234,100679,234,100555,234,100705,100,100080,100,100767,9,99977,100,100772,100,99958,100,100870,200,99907,100,101074,100,99904,100,101093,100,99888,100,101331,100,99881,100,101379,100,99861,100
2019-06-28 09:59:40.000000000,100579,191,100564,191,100679,188,100555,188,100705,188,100080,188,100767,9,99977,100,100772,100,99958,100,100870,200,99907,100,101074,100,99904,100,101093,100,99888,100,101331,100,99881,100,101379,100,99861,100
2019-06-28 09:59:50.000000000,100579,154,100564,154,100679,154,100555,154,100705,154,100080,154,100767,63,99977,154,100772,154,99958,154,100870,200,99907,100,101074,100,99904,100,101093,100,99888,100,101331,100,99881,100,101379,100,99861,100
2019-06-28 10:00:00.000000000,100579,368,100564,368,100679,100,100555,100,100705,100,100080,100,100767,9,99977,100,100772,100,99958,100,100870,200,99907,100,101074,100,99904,100,101093,100,99888,100,101331,100,99881,100,101379,100,99861,100
2019-06-28 10:00:10.000000000,100579,167,100564,167,100679,167,100555,167,100705,167,100080,167,100767,76,99977,167,100772,100,99958,100,100870,200,99907,100,101074,100,99904,100,101093,100,99888,100,101331,100,99881,100,101379,100,99861,100
2019-06-28 10:00:20.000000000,100579,154,100564,154,100679,154,100555,154,100705,154,100080,154,100767,63,99977,154,100772,154,99958,154,100870,200,99907,100,101074,100,99904,100,101093,100,99888,100,101331,100,99881,100,101379,100,99861,100
2019-06-28 10:00:25.635736735,100579,154,100564,154,100679,154,100555,154,100705,154,100132,100,100767,63,100080,154,100772,154,99977,154,100870,200,99958,154,101074,100,99907,100,101093,100,99904,100,101379,100,99888,100,101447,100,99881,100
2019-06-28 10:00:30.000000000,100579,167,100564,167,100679,167,100555,167,100705,167,100132,167,100767,76,100080,167,100772,100,99977,100,100870,200,99958,100,101074,100,99907,100,101093,100,99904,100,101379,100,99888,100,101447,100,99881,100
2019-06-28 10:00:31.731629463,100579,167,100564,67,100679,167,100555,167,100705,167,100132,167,100767,76,100080,167,100772,100,99977,100,100870,200,99958,100,101074,100,99907,100,101093,100,99904,100,101379,100,99888,100,101447,100,99861,100
2019-06-28 10:00:40.000000000,100579,368,100555,368,100679,100,100132,100,100705,100,100080,100,100767,9,99977,100,100772,100,99958,100,100870,200,99907,100,101074,100,99904,100,101093,100,99888,100,101379,100,99861,100,101447,100,99853,100
2019-06-28 10:00:42.231080538,100579,368,100555,268,100679,100,100132,100,100705,100,100080,100,100767,9,99977,100,100772,100,99958,100,100870,200,99907,100,101074,100,99904,100,101093,100,99888,100,101379,100,99861,100,101447,100,99853,100
2019-06-28 10:00:50.000000000,100579,191,100132,191,100679,188,100080,188,100705,188,99977,188,100767,9,99958,100,100772,100,99907,100,100870,200,99904,100,101074,100,99888,100,101093,100,99861,100,101379,100,99853,100,101447,100,99811,100
2019-06-28 10:01:00.000000000,100579,368,100132,368,100679,100,100080,100,100705,100,99977,100,100767,9,99958,100,100772,100,99907,100,100870,200,99904,100,101074,100,99888,100,101093,100,99861,100,101379,100,99853,100,101447,100,99811,100
2019-06-28 10:01:10.000000000,100579,191,100132,191,100679,188,100080,188,100705,188,99977,188,100767,9,99958,100,100772,100,99907,100,100870,200,99904,100,101074,100,99888,100,101093,100,99861,100,101379,100,99853,100,101447,100,99811,100
2019-06-28 10:01:20.000000000,100579,154,100132,154,100679,154,100080,154,100705,154,99977,154,100767,63,99958,154,100772,154,99907,154,100870,200,99904,100,101074,100,99888,100,101093,100,99861,100,101379,100,99853,100,101447,100,99811,100
2019-06-28 10:01:30.000000000,100579,191,100132,191,100679,188,100080,188,100705,188,99977,188,100767,9,99958,100,100772,100,99907,100,100870,200,99904,100,101074,100,99888,100,101093,100,99861,100,101379,100,99853,100,101447,100,99811,100
2019-06-28 10:01:31.863307784,100579,191,100132,91,100679,188,100080,188,100705,188,99977,188,100767,9,99958,100,100772,100,99907,100,100870,200,99904,100,101074,100,99888,100,101093,100,99861,100,101379,100,99853,100,101447,100,99811,100
2019-06-28 10:01:36.897681103,100132,9,100080,188,100579,191,99977,188,100679,188,99958,100,100705,188,99907,100,100767,9,99904,100,100772,100,99888,100,100870,200,99861,100,101074,100,99853,100,101093,100,99811,100,101379,100,99808,100
2019-06-28 10:01:40.000000000,100132,143,100080,234,100579,234,99977,234,100679,100,99958,100,100705,100,99907,100,100767,9,99904,100,100772,100,99888,100,100870,200,99861,100,101074,100,99853,100,101093,100,99811,100,101379,100,99808,100
2019-06-28 10:01:50.000000000,100132,100,100080,191,100579,188,99977,188,100679,188,99958,188,100705,100,99907,100,100767,9,99904,100,100772,100,99888,100,100870,200,99861,100,101074,100,99853,100,101093,100,99811,100,101379,100,99808,100
2019-06-28 10:02:00.000000000,100132,100,100080,191,100579,188,99977,188,100679,188,99958,188,100705,100,99907,100,100767,9,99904,100,100772,100,99888,100,100870,200,99861,100,101074,100,99853,100,101093,100,99811,100,101379,100,99808,100
2019-06-28 10:02:04.878129974,100579,188,100080,191,100679,188,99977,188,100705,100,99958,188,100767,9,99907,100,100772,100,99904,100,100870,200,99888,100,101074,100,99861,100,101093,100,99853,100,101379,100,99811,100,101447,100,99808,100
2019-06-28 10:02:10.000000000,100579,368,100080,368,100679,100,99977,100,100705,100,99958,100,100767,9,99907,100,100772,100,99904,100,100870,200,99888,100,101074,100,99861,100,101093,100,99853,100,101379,100,99811,100,101447,100,99808,100
2019-06-28 10:02:20.000000000,100579,234,100080,234,100679,234,99977,234,100705,100,99958,100,100767,9,99907,100,100772,100,99904,100,100870,200,99888,100,101074,100,99861,100,101093,100,99853,100,101379,100,99811,100,101447,100,99808,100
2019-06-28 10:02:30.000000000,100579,167,100080,167,100679,167,99977,167,100705,167,99958,167,100767,76,99907,167,100772,100,99904,100,100870,200,99888,100,101074,100,99861,100,101093,100,99853,100,101379,100,99811,100,101447,100,99808,100
2019-06-28 10:02:39.074401724,100425,100,100080,167,100579,167,99977,167,100679,167,99958,167,100705,67,99907,167,100767,76,99904,100,100772,100,99888,100,100870,200,99861,100,101074,100,99853,100,101093,100,99811,100,101379,100,99808,100
2019-06-28 10:02:40.000000000,100425,234,100080,234,100579,234,99977,234,100679,100,99958,100,100767,9,99907,100,100772,100,99904,100,100870,200,99888,100,101074,100,99861,100,101093,100,99853,100,101379,100,99811,100,101447,100,99808,100
2019-06-28 10:02:45.438944209,100425,234,100275,100,100579,234,100080,234,100679,100,99977,234,100767,9,99958,100,100772,100,99907,100,100870,200,99904,100,101074,100,99888,100,101093,100,99861,100,101379,100,99853,100,101447,100,99811,100
2019-06-28 10:02:50.000000000,100425,368,100275,368,100579,100,100080,100,100679,100,99977,100,100767,9,99958,100,100772,100,99907,100,100870,200,99904,100,101074,100,99888,100,101093,100,99861,100,101379,100,99853,100,101447,100,99811,100
2019-06-28 10:03:00.000000000,100425,368,100275,368,100579,100,100080,100,100679,100,99977,100,100767,9,99958,100,100772,100,99907,100,100870,200,99904,100,101074,100,99888,100,101093,100,99861,100,101379,100,99853,100,101447,100,99811,100
2019-06-28 10:03:02.711691751,100425,368,100275,368,100461,100,100080,100,100579,100,99977,100,100679,100,99958,100,100767,9,99907,100,100772,100,99904,100,100870,200,99888,100,101074,100,99861,100,101093,100,99853,100,101379,100,99811,100
2019-06-28 10:03:10.000000000,100425,154,100275,154,100461,154,100080,154,100579,154,99977,154,100679,154,99958,154,100767,63,99907,154,100772,100,99904,100,100870,200,99888,100,101074,100,99861,100,101093,100,99853,100,101379,100,99811,100
2019-06-28 10:03:20.000000000,100425,154,100275,154,100461,154,100080,154,100579,154,99977,154,100679,154,99958,154,100767,63,99907,154,100772,100,99904,100,100870,200,99888,100,101074,100,99861,100,101093,100,99853,100,101379,100,99811,100
2019-06-28 10:03:30.000000000,100425,154,100275,154,100461,154,100080,154,100579,154,99977,154,100679,154,99958,154,100767,63,99907,154,100772,100,99904,100,100870,200,99888,100,101074,100,99861,100,101093,100,99853,100,101379,100,99811,100
2019-06-28 10:03:40.000000000,100425,167,100275,167,100461,167,100080,167,100579,167,99977,167,100679,167,99958,167,100767,9,99907,100,100772,100,99904,100,100870,200,99888,100,101074,100,99861,100,101093,100,99853,100,101379,100,99811,100
2019-06-28 10:03:41.050776234,100425,167,100275,167,100461,167,100080,167,100579,167,99977,167,100679,167,99958,167,100767,9,99907,100,100772,100,99904,100,100870,200,99888,100,101074,100,99861,100,101093,100,99853,100,101379,100,99808,100
2019-06-28 10:03:50.000000000,100425,167,100275,167,100461,167,100080,167,100579,167,99977,167,100679,167,99958,167,100767,9,99907,100,100772,100,99904,100,100870,200,99888,100,101074,100,99861,100,101093,100,99853,100,101379,100,99808,100
2019-06-28 10:03:52.695626818,100425,167,100275,167,100461,167,100132,100,100579,167,100080,167,100679,167,99977,167,100767,9,99958,167,100772,100,99907,100,100870,200,99904,100,101074,100,99888,100,101093,100,99861,100,101379,100,99853,100
2019-06-28 10:04:00.000000000,100425,234,100275,234,100461,234,100132,234,100579,100,100080,100,100679,100,99977,100,100767,9,99958,100,100772,100,99907,100,100870,200,99904,100,101074,100,99888,100,101093,100,99861,100,101379,100,99853,100
2019-06-28 10:04:04.853965715,100425,234,100275,234,100461,234,100132,334,100579,100,100080,100,100679,100,99977,100,100767,9,99958,100,100772,100,99907,100,100870,200,99904,100,101074,100,99888,100,101093,100,99861,100,101379,100,99853,100
2019-06-28 10:04:10.000000000,100425,154,100275,154,100461,154,100132,254,100579,154,100080,154,100679,154,99977,154,100767,63,99958,154,100772,100,99907,100,100870,200,99904,100,101074,100,99888,100,101093,100,99861,100,101379,100,99853,100
2019-06-28 10:04:17.868057430,100392,100,100275,154,100425,154,100132,254,100461,154,100080,154,100579,154,99977,154,100679,154,99958,154,100767,63,99907,100,100772,100,99904,100,100870,200,99888,100,101074,100,99861,100,101093,100,99853,100
2019-06-28 10:04:20.000000000,100392,368,100275,368,100425,100,100132,200,100461,100,100080,100,100579,100,99977,100,100679,100,99958,100,100767,9,99907,100,100772,100,99904,100,100870,200,99888,100,101074,100,99861,100,101093,100,99853,100
2019-06-28 10:04:30.000000000,100392,154,100275,154,100425,154,100132,254,100461,154,100080,154,100579,154,99977,154,100679,154,99958,154,100767,9,99907,100,100772,100,99904,100,100870,200,99888,100,101074,100,99861,100,101093,100,99853,100
2019-06-28 10:04:32.540245537,100392,154,100275,154,100425,154,100132,354,100461,154,100080,154,100579,154,99977,154,100679,154,99958,154,100767,9,99907,100,100772,100,99904,100,100870,200,99888,100,101074,100,99861,100,101093,100,99853,100
2019-06-28 10:04:32.620308548,100392,154,100275,154,100425,154,100132,454,100461,154,100080,154,100579,154,99977,154,100679,154,99958,154,100767,9,99907,100,100772,100,99904,100,100870,200,99888,100,101074,100,99861,100,101093,100,99853,100
2019-06-28 10:04:40.000000000,100392,191,100275,191,100425,188,100132,488,100461,188,100080,188,100579,100,99977,100,100679,100,99958,100,100767,9,99907,100,100772,100,99904,100,100870,200,99888,100,101074,100,99861,100,101093,100,99853,100
2019-06-28 10:04:40.505984495,100392,191,100390,100,100425,188,100275,191,100461,188,100132,488,100579,100,100080,188,100679,100,99977,100,100767,9,99958,100,100772,100,99907,100,100870,200,99904,100,101074,100,99888,100,101093,100,99861,100
2019-06-28 10:04:50.000000000,100392,167,100390,167,100425,167,100275,167,100461,167,100132,467,100579,167,100080,167,100679,100,99977,100,100767,9,99958,100,100772,100,99907,100,100870,200,99904,100,101074,100,99888,100,101093,100,99861,100
2019-06-28 10:05:00.000000000,100392,154,100390,154,100425,154,100275,154,100461,154,100132,454,100579,154,100080,154,100679,154,99977,154,100767,9,99958,100,100772,100,99907,100,100870,200,99904,100,101074,100,99888,100,101093,100,99861,100
2019-06-28 10:05:10.000000000,100392,154,100390,154,100425,154,100275,154,100461,154,100132,454,100579,154,100080,154,100679,154,99977,154,100767,9,99958,100,100772,100,99907,100,100870,200,99904,100,101074,100,99888,100,101093,100,99861,100
2019-06-28 10:05:20.000000000,100392,234,100390,234,100425,234,100275,234,100461,100,100132,400,100579,100,100080,100,100679,100,99977,100,100767,9,99958,100,100772,100,99907,100,100870,200,99904,100,101074,100,99888,100,101093,100,99861,100
2019-06-28 10:05:30.000000000,100392,167,100390,167,100425,167,100275,167,100461,167,100132,467,100579,167,100080,167,100679,100,99977,100,100767,9,99958,100,100772,100,99907,100,100870,200,99904,100,101074,100,99888,100,101093,100,99861,100
2019-06-28 10:05:40.000000000,100392,234,100390,234,100425,234,100275,234,100461,100,100132,400,100579,100,100080,100,100679,100,99977,100,100767,9,99958,100,100772,100,99907,100,100870,200,99904,100,101074,100,99888,100,101093,100,99861,100
2019-06-28 10:05:50.000000000,100392,368,100390,368,100425,100,100275,100,100461,100,100132,400,100579,100,100080,100,100679,100,99977,100,100767,9,99958,100,100772,100,99907,100,100870,200,99904,100,101074,100,99888,100,101093,100,99861,100
2019-06-28 10:05:51.345943687,100392,368,100390,368,100425,100,100275,100,100461,100,100132,400,100579,100,100080,100,100679,100,99977,100,100772,100,99958,100,100870,200,99907,100,101020,100,99904,100,101074,100,99888,100,101093,100,99861,100
2019-06-28 10:06:00.000000000,100392,368,100390,368,100425,100,100275,100,100461,100,100132,400,100579,100,100080,100,100679,100,99977,100,100772,100,99958,100,100870,200,99907,100,101020,100,99904,100,101074,100,99888,100,101093,100,99861,100
2019-06-28 10:06:10.000000000,100392,191,100390,191,100425,188,100275,188,100461,188,100132,488,100579,100,100080,100,100679,100,99977,100,100772,100,99958,100,100870,200,99907,100,101020,100,99904,100,101074,100,99888,100,101093,100,99861,100
2019-06-28 10:06:20.000000000,100392,154,100390,154,100425,154,100275,154,100461,154,100132,454,100579,154,100080,154,100679,154,99977,154,100772,100,99958,100,100870,200,99907,100,101020,100,99904,100,101074,100,99888,100,101093,100,99861,100
2019-06-28 10:06:26.242261626,100392,54,100390,154,100425,154,100275,154,100461,154,100132,454,100579,154,100080,154,100679,154,99977,154,100772,100,99958,100,100870,200,99907,100,101020,100,99904,100,101074,100,99888,100,101093,100,99861,100
2019-06-28 10:06:30.000000000,100425,234,100390,234,100461,234,100275,234,100579,100,100132,400,100679,100,100080,100,100772,100,99977,100,100870,200,99958,100,101020,100,99907,100,101074,100,99904,100,101093,100,99888,100,101379,100,99861,100
