,ask_price_1,ask_size_1,bid_price_1,bid_size_1,ask_price_2,ask_size_2,bid_price_2,bid_size_2,ask_price_3,ask_size_3,bid_price_3,bid_size_3,ask_price_4,ask_size_4,bid_price_4,bid_size_4,ask_price_5,ask_size_5,bid_price_5,bid_size_5,ask_price_6,ask_size_6,bid_price_6,bid_size_6,ask_price_7,ask_size_7,bid_price_7,bid_size_7,ask_price_8,ask_size_8,bid_price_8,bid_size_8,ask_price_9,ask_size_9,bid_price_9,bid_size_9,ask_price_10,ask_size_10,bid_price_10,bid_size_10
2019-06-28 09:30:00.000000000,100168,100,,,,,,,,,,,,,,,,,,,,,,,,,,,,,,,,,,,,,,
2019-06-28 09:30:00.000000001,100061,100,,,100168,100,,,,,,,,,,,,,,,,,,,,,,,,,,,,,,,,,,
2019-06-28 09:30:00.000000002,100043,100,99977,100,100061,100,,,100168,100,,,,,,,,,,,,,,,,,,,,,,,,,,,,,,
2019-06-28 09:30:00.000000003,100043,100,99977,100,100058,100,,,100061,100,,,100168,100,,,,,,,,,,,,,,,,,,,,,,,,,,
2019-06-28 09:30:00.000000004,100058,100,99977,100,100061,100,,,100108,100,,,100168,100,,,,,,,,,,,,,,,,,,,,,,,,,,
2019-06-28 09:30:00.000000005,100058,100,99977,100,100061,100,99912,100,100108,100,,,100168,100,,,,,,,,,,,,,,,,,,,,,,,,,,
2019-06-28 09:30:00.000000011,100058,100,99977,100,100061,100,99912,100,100108,100,99873,100,100168,100,,,,,,,,,,,,,,,,,,,,,,,,,,
2019-06-28 09:30:00.000000012,100058,100,99981,100,100061,100,99977,100,100108,100,99924,100,100168,100,99912,100,,,99873,100,,,,,,,,,,,,,,,,,,,,
2019-06-28 09:30:00.000000014,100058,100,99981,100,100061,100,99977,100,100078,100,99924,100,100108,100,99912,100,100168,100,99873,100,,,,,,,,,,,,,,,,,,,,
2019-06-28 09:30:00.000000015,100043,100,99981,100,100058,100,99977,100,100061,100,99924,100,100078,100,99912,100,100105,100,99873,100,100108,100,,,100168,100,,,,,,,,,,,,,,
2019-06-28 09:30:00.000000018,100015,100,99981,100,100043,100,99977,100,100058,100,99924,100,100061,100,99912,100,100078,100,99873,100,100105,100,,,100108,100,,,100168,100,,,,,,,,,,
2019-06-28 09:30:00.000000020,100015,100,99981,100,100043,100,99977,100,100058,100,99924,100,100061,100,99912,100,100078,100,99873,100,100090,100,,,100105,100,,,100108,100,,,100168,100,,,,,,
2019-06-28 09:30:00.000000021,100015,100,99981,100,100043,200,99977,100,100058,100,99924,100,100061,100,99912,100,100078,100,99873,100,100090,100,,,100105,100,,,100108,100,,,100168,100,,,,,,
2019-06-28 09:30:00.000000023,100015,100,99981,100,100043,200,99977,100,100058,100,99924,100,100061,100,99912,100,100077,100,99873,100,100078,100,,,100090,100,,,100105,100,,,100108,100,,,100168,100,,
2019-06-28 09:30:00.000000027,100015,100,99981,100,100041,100,99977,100,100043,200,99924,100,100058,100,99912,100,100061,100,99873,100,100077,100,,,100078,100,,,100090,100,,,100094,100,,,100105,100,,
2019-06-28 09:30:00.000000028,100015,100,99981,100,100041,100,99977,100,100043,200,99966,100,100058,100,99924,100,100061,100,99912,100,100077,100,99873,100,100078,100,,,100090,100,,,100094,100,,,100105,100,,
2019-06-28 09:30:00.000000033,100015,100,99981,100,100041,100,99977,100,100043,200,99976,100,100058,100,99966,100,100061,100,99924,100,100077,100,99912,100,100078,100,99873,100,100090,100,,,100094,100,,,100105,100,,
2019-06-28 09:30:00.000000036,100015,100,99981,100,100041,100,99977,100,100043,200,99976,100,100058,100,99966,100,100061,100,99924,100,100077,100,99912,100,100078,100,99873,100,100090,100,,,100094,200,,,100105,100,,
2019-06-28 09:30:00.000000037,100015,100,99977,100,100041,100,99976,100,100043,200,99966,100,100058,100,99924,100,100061,100,99912,100,100077,100,99873,100,100078,100,,,100090,100,,,100094,200,,,100105,100,,
2019-06-28 09:30:00.000000039,100015,100,99977,100,100041,100,99976,100,100043,200,99966,100,100058,100,99924,100,100061,100,99912,100,100077,100,99873,100,100078,100,,,100088,100,,,100090,100,,,100094,200,,
2019-06-28 09:30:00.000000040,100013,100,99977,100,100015,100,99976,100,100041,100,99966,100,100043,200,99924,100,100058,100,99912,100,100061,100,99873,100,100077,100,,,100078,100,,,100088,100,,,100090,100,,
2019-06-28 09:30:00.000000044,100013,100,99981,100,100015,100,99977,100,100041,100,99976,100,100043,200,99966,100,100058,100,99924,100,100061,100,99912,100,100077,100,99873,100,100078,100,,,100088,100,,,100090,100,,
2019-06-28 09:30:00.000000051,100013,100,99981,100,100015,100,99977,100,100041,100,99976,100,100043,200,99966,100,100058,100,99933,100,100061,100,99924,100,100077,100,99912,100,100078,100,99873,100,100088,100,,,100090,100,,
2019-06-28 09:30:00.000000052,100013,100,99981,100,100015,100,99977,100,100041,100,99976,100,100043,200,99966,100,100058,100,99939,100,100061,100,99933,100,100077,100,99924,100,100078,100,99912,100,100088,100,99873,100,100090,100,,
2019-06-28 09:30:00.000000053,100015,100,99981,100,100041,100,99977,100,100043,200,99976,100,100058,100,99966,100,100061,100,99939,100,100063,100,99933,100,100077,100,99924,100,100078,100,99912,100,100088,100,99873,100,100090,100,,
2019-06-28 09:30:00.000000054,100015,100,99981,100,100041,100,99977,100,100043,200,99976,100,100058,100,99966,100,100061,100,99939,100,100063,100,99933,100,100077,100,99924,100,100078,100,99912,100,100088,100,99899,100,100090,100,99873,100
2019-06-28 09:30:00.000000056,100015,100,99981,100,100041,100,99977,100,100043,200,99976,100,100058,100,99975,100,100061,100,99966,100,100063,100,99939,100,100077,100,99933,100,100078,100,99924,100,100088,100,99912,100,100090,100,99899,100
2019-06-28 09:30:00.000000057,100015,100,99977,100,100041,100,99976,100,100043,200,99975,100,100058,100,99966,100,100061,100,99939,100,100063,100,99933,100,100077,100,99924,100,100078,100,99912,100,100088,100,99899,200,100090,100,99887,100
2019-06-28 09:30:00.000000058,100015,100,99981,100,100041,100,99977,100,100043,200,99976,100,100058,100,99975,100,100061,100,99966,100,100063,100,99939,100,100066,100,99933,100,100077,100,99924,100,100078,100,99912,100,100088,100,99903,100
2019-06-28 09:30:00.000000059,100015,100,99981,200,100041,100,99977,100,100043,200,99976,100,100058,100,99975,100,100061,100,99966,100,100063,100,99939,100,100066,100,99933,100,100077,100,99924,100,100078,100,99912,100,100088,100,99903,100
2019-06-28 09:30:00.000000062,100015,100,99981,300,100041,100,99977,100,100043,200,99976,100,100058,100,99975,100,100061,100,99966,100,100063,100,99939,100,100066,100,99933,100,100077,100,99924,100,100078,100,99912,100,100088,100,99903,100
2019-06-28 09:30:00.000000063,100015,100,99981,300,100041,100,99977,100,100043,200,99976,100,100058,100,99975,100,100061,100,99966,100,100063,100,99939,100,100066,100,99933,100,100077,100,99924,100,100078,100,99912,100,100088,100,99903,100
2019-06-28 09:30:00.000000068,100015,100,99981,300,100041,100,99977,100,100043,200,99976,100,100058,100,99975,100,100061,100,99971,100,100063,100,99966,100,100066,100,99939,100,100077,100,99933,100,100078,100,99924,100,100088,100,99912,100
2019-06-28 09:30:00.000000069,100015,100,99981,300,100041,100,99977,100,100043,200,99976,100,100058,100,99975,100,100061,100,99971,100,100063,100,99966,100,100066,100,99939,100,100077,100,99933,100,100078,100,99924,100,100088,100,99912,100
2019-06-28 09:30:00.000000070,100013,100,99981,300,100015,100,99977,100,100041,100,99976,100,100043,200,99975,100,100058,100,99971,100,100061,100,99966,100,100063,100,99939,100,100066,100,99933,100,100077,100,99924,100,100078,100,99921,100
2019-06-28 09:30:00.000000073,100013,100,99981,100,100015,100,99977,100,100041,100,99976,100,100043,200,99975,100,100058,100,99971,100,100061,100,99966,100,100063,100,99939,100,100066,100,99933,100,100077,100,99924,100,100078,100,99921,100
2019-06-28 09:30:00.000000074,100015,100,99981,100,100041,100,99977,100,100043,200,99976,100,100058,100,99975,100,100061,100,99971,100,100063,100,99966,100,100066,100,99954,100,100077,100,99939,100,100078,100,99933,100,100088,100,99924,100
2019-06-28 09:30:00.000000077,100041,100,99981,100,100043,200,99977,100,100058,100,99976,100,100061,100,99975,100,100063,100,99971,100,100066,100,99966,100,100077,100,99954,100,100078,100,99939,100,100088,100,99933,100,100090,100,99924,100
2019-06-28 09:30:00.000000078,100021,100,99981,100,100041,100,99977,100,100043,200,99976,100,100058,100,99975,100,100061,100,99971,100,100063,100,99966,100,100066,100,99954,100,100077,100,99939,100,100078,100,99933,100,100088,100,99924,100
2019-06-28 09:30:00.000000080,100021,100,99981,100,100030,100,99977,100,100041,100,99976,100,100043,200,99975,100,100058,100,99971,100,100061,100,99966,100,100063,100,99954,100,100066,100,99939,100,100077,100,99933,100,100078,100,99924,100
2019-06-28 09:30:00.000000083,100021,100,100005,100,100030,100,99981,100,100041,100,99977,100,100043,200,99976,100,100058,100,99975,100,100061,100,99971,100,100063,100,99966,100,100066,100,99954,100,100077,100,99939,200,100078,100,99933,100
2019-06-28 09:30:00.000000089,100021,100,100013,100,100030,100,100005,100,100041,100,99981,100,100043,200,99977,100,100058,100,99976,100,100061,100,99975,100,100063,100,99971,100,100066,100,99966,100,100077,100,99954,100,100078,100,99939,200
2019-06-28 09:30:00.000000091,100030,100,100015,100,100041,100,100013,100,100043,200,100005,100,100058,100,99981,100,100061,100,99977,100,100063,100,99976,100,100066,100,99975,100,100077,100,99971,100,100078,100,99966,100,100088,100,99954,100
2019-06-28 09:30:00.000000094,100021,100,100015,100,100030,100,100013,100,100041,100,100005,100,100043,200,99981,100,100058,100,99977,100,100061,100,99976,100,100063,100,99975,100,100066,100,99971,100,100077,100,99966,100,100078,100,99954,100
2019-06-28 09:30:00.000000096,100021,100,100015,100,100030,100,100013,100,100041,100,100005,100,100043,200,99981,100,100058,100,99977,100,100061,100,99976,100,100063,100,99975,100,100066,100,99971,100,100077,100,99970,100,100078,100,99966,100
2019-06-28 09:30:00.621789392,100030,100,100015,100,100041,100,100013,100,100043,200,100005,100,100058,100,99981,100,100061,100,99977,100,100063,100,99976,100,100066,100,99975,100,100077,100,99971,100,100078,100,99970,100,100088,100,99966,100
2019-06-28 09:30:10.000000000,100030,557,100015,557,100041,100,100013,100,100043,200,100005,100,100058,100,99981,100,100061,100,99977,100,100063,100,99976,100,100066,100,99975,100,100077,100,99971,100,100078,100,99970,100,100088,100,99966,100
2019-06-28 09:30:18.152899976,100021,100,100015,557,100030,557,100013,100,100041,100,100005,100,100043,100,99981,100,100058,100,99977,100,100061,100,99976,100,100063,100,99975,100,100066,100,99971,100,100077,100,99970,100,100078,100,99966,100
2019-06-28 09:30:19.467908452,100021,100,100015,557,100030,557,100013,100,100043,100,100005,100,100058,100,99981,100,100061,100,99977,100,100063,100,99976,100,100066,100,99975,100,100077,100,99971,100,100078,100,99970,100,100088,100,99966,100
2019-06-28 09:30:19.577986061,100021,100,100015,457,100030,557,100013,100,100043,100,100005,100,100058,100,99981,100,100061,100,99977,100,100063,100,99976,100,100066,100,99975,100,100077,100,99971,100,100078,100,99970,100,100088,100,99966,100
2019-06-28 09:30:20.000000000,100021,191,100013,191,100030,191,100005,191,100043,191,99981,191,100058,191,99977,191,100061,191,99976,191,100063,100,99975,100,100066,100,99971,100,100077,100,99970,100,100078,100,99966,100,100088,100,99954,100
2019-06-28 09:30:30.000000000,100021,191,100013,191,100030,191,100005,191,100043,191,99981,191,100058,191,99977,191,100061,191,99976,191,100063,100,99975,100,100066,100,99971,100,100077,100,99970,100,100078,100,99966,100,100088,100,99954,100
2019-06-28 09:30:40.000000000,100021,214,100013,214,100030,214,100005,214,100043,214,99981,214,100058,214,99977,214,100061,100,99976,100,100063,100,99975,100,100066,100,99971,100,100077,100,99970,100,100078,100,99966,100,100088,100,99954,100
2019-06-28 09:30:50.000000000,100021,557,100013,557,100030,100,100005,100,100043,100,99981,100,100058,100,99977,100,100061,100,99976,100,100063,100,99975,100,100066,100,99971,100,100077,100,99970,100,100078,100,99966,100,100088,100,99954,100
2019-06-28 09:30:59.443014553,100021,557,100013,457,100030,100,100005,100,100043,100,99981,100,100058,100,99977,100,100061,100,99976,100,100063,100,99975,100,100066,100,99971,100,100077,100,99970,100,100078,100,99966,100,100088,100,99954,100
2019-06-28 09:31:00.000000000,100021,214,100005,214,100030,214,99981,214,100043,214,99977,214,100058,214,99976,214,100061,100,99975,100,100063,100,99971,100,100066,100,99970,100,100077,100,99966,100,100078,100,99954,100,100088,100,99939,200
2019-06-28 09:31:10.000000000,100021,191,100005,191,100030,191,99981,191,100043,191,99977,191,100058,191,99976,191,100061,191,99975,191,100063,100,99971,100,100066,100,99970,100,100077,100,99966,100,100078,100,99954,100,100088,100,99939,200
2019-06-28 09:31:20.000000000,100021,191,100005,191,100030,191,99981,191,100043,191,99977,191,100058,191,99976,191,100061,191,99975,191,100063,100,99971,100,100066,100,99970,100,100077,100,99966,100,100078,100,99954,100,100088,100,99939,200
2019-06-28 09:31:30.000000000,100021,214,100005,214,100030,214,99981,214,100043,214,99977,214,100058,214,99976,214,100061,100,99975,100,100063,100,99971,100,100066,100,99970,100,100077,100,99966,100,100078,100,99954,100,100088,100,99939,200
2019-06-28 09:31:40.000000000,100021,557,100005,557,100030,100,99981,100,100043,100,99977,100,100058,100,99976,100,100061,100,99975,100,100063,100,99971,100,100066,100,99970,100,100077,100,99966,100,100078,100,99954,100,100088,100,99939,200
2019-06-28 09:31:50.000000000,100021,557,100005,557,100030,100,99981,100,100043,100,99977,100,100058,100,99976,100,100061,100,99975,100,100063,100,99971,100,100066,100,99970,100,100077,100,99966,100,100078,100,99954,100,100088,100,99939,200
2019-06-28 09:31:56.239875752,100021,557,100005,457,100030,100,99981,100,100043,100,99977,100,100058,100,99976,100,100061,100,99975,100,100063,100,99971,100,100066,100,99970,100,100077,100,99966,100,100078,100,99954,100,100088,100,99939,200
2019-06-28 09:32:00.000000000,100021,557,99981,557,100030,100,99977,100,100043,100,99976,100,100058,100,99975,100,100061,100,99971,100,100063,100,99970,100,100066,100,99966,100,100077,100,99954,100,100078,100,99939,200,100088,100,99933,100
2019-06-28 09:32:00.840192611,100021,557,99981,557,100030,100,99977,100,100043,100,99976,100,100058,100,99975,100,100061,100,99971,100,100063,100,99970,100,100066,100,99966,100,100077,100,99954,100,100078,100,99939,200,100088,100,99933,100
2019-06-28 09:32:03.180659347,100021,557,99981,557,100030,100,99977,100,100043,100,99976,100,100058,100,99975,100,100061,100,99971,100,100063,100,99970,100,100066,100,99966,100,100077,100,99954,100,100078,100,99939,100,100088,100,99933,100
2019-06-28 09:32:10.000000000,100021,557,99981,557,100030,100,99977,100,100043,100,99976,100,100058,100,99975,100,100061,100,99971,100,100063,100,99970,100,100066,100,99966,100,100077,100,99954,100,100078,100,99939,100,100088,100,99933,100
2019-06-28 09:32:20.000000000,100021,214,99981,214,100030,214,99977,214,100043,214,99976,214,100058,214,99975,214,100061,100,99971,100,100063,100,99970,100,100066,100,99966,100,100077,100,99954,100,100078,100,99939,100,100088,100,99933,100
2019-06-28 09:32:30.000000000,100021,255,99981,255,100030,251,99977,251,100043,251,99976,251,100058,100,99975,100,100061,100,99971,100,100063,100,99970,100,100066,100,99966,100,100077,100,99954,100,100078,100,99939,100,100088,100,99933,100
2019-06-28 09:32:40.000000000,100021,557,99981,557,100030,100,99977,100,100043,100,99976,100,100058,100,99975,100,100061,100,99971,100,100063,100,99970,100,100066,100,99966,100,100077,100,99954,100,100078,100,99939,100,100088,100,99933,100
2019-06-28 09:32:50.000000000,100021,191,99981,191,100030,191,99977,191,100043,191,99976,191,100058,191,99975,191,100061,191,99971,191,100063,100,99970,100,100066,100,99966,100,100077,100,99954,100,100078,100,99939,100,100088,100,99933,100
2019-06-28 09:32:54.356585456,100021,191,99981,191,100030,191,99977,191,100043,191,99976,191,100058,191,99975,191,100061,191,99971,191,100063,100,99970,100,100066,100,99966,100,100077,100,99954,100,100078,100,99939,100,100088,100,99933,100
2019-06-28 09:32:56.076842516,100013,100,99981,191,100021,191,99977,191,100030,191,99976,191,100043,191,99975,191,100058,191,99971,191,100061,191,99970,100,100063,100,99966,100,100066,100,99954,100,100077,100,99939,100,100078,100,99933,100
2019-06-28 09:33:00.000000000,100013,328,99981,328,100021,328,99977,328,100030,100,99976,100,100043,100,99975,100,100058,100,99971,100,100061,100,99970,100,100063,100,99966,100,100066,100,99954,100,100077,100,99939,100,100078,100,99933,100
2019-06-28 09:33:02.473383088,100013,328,99981,228,100021,328,99977,328,100030,100,99976,100,100043,100,99975,100,100058,100,99971,100,100061,100,99970,100,100063,100,99966,100,100066,100,99954,100,100077,100,99939,100,100078,100,99933,100
2019-06-28 09:33:07.082762930,100005,100,99981,228,100013,328,99977,328,100021,328,99976,100,100030,100,99975,100,100043,100,99971,100,100058,100,99970,100,100061,100,99966,100,100063,100,99954,100,100066,100,99939,100,100077,100,99933,100
2019-06-28 09:33:10.000000000,100005,214,99977,214,100013,214,99976,214,100021,214,99975,214,100030,214,99971,214,100043,100,99970,100,100058,100,99966,100,100061,100,99954,100,100063,100,99939,100,100066,100,99933,100,100077,100,99924,100
2019-06-28 09:33:14.939790380,100005,214,99977,214,100013,214,99976,214,100021,214,99975,214,100030,214,99971,214,100043,100,99970,100,100058,100,99966,100,100061,100,99954,100,100063,100,99939,100,100066,100,99933,100,100077,100,99924,100
2019-06-28 09:33:20.000000000,100005,328,99977,328,100013,328,99976,328,100021,100,99975,100,100030,100,99971,100,100043,100,99970,100,100058,100,99966,100,100061,100,99954,100,100063,100,99939,100,100066,100,99933,100,100077,100,99924,100
2019-06-28 09:33:30.000000000,100005,557,99977,557,100013,100,99976,100,100021,100,99975,100,100030,100,99971,100,100043,100,99970,100,100058,100,99966,100,100061,100,99954,100,100063,100,99939,100,100066,100,99933,100,100077,100,99924,100
2019-06-28 09:33:40.000000000,100005,191,99977,191,100013,191,99976,191,100021,191,99975,191,100030,191,99971,191,100043,191,99970,191,100058,100,99966,100,100061,100,99954,100,100063,100,99939,100,100066,100,99933,100,100077,100,99924,100
2019-06-28 09:33:44.035182126,100005,191,99977,91,100013,191,99976,191,100021,191,99975,191,100030,191,99971,191,100043,191,99970,191,100058,100,99966,100,100061,100,99954,100,100063,100,99939,100,100066,100,99933,100,100077,100,99924,100
2019-06-28 09:33:50.000000000,100005,328,99976,328,100013,328,99975,328,100021,100,99971,100,100030,100,99970,100,100043,100,99966,100,100058,100,99954,100,100061,100,99939,100,100063,100,99933,100,100066,100,99924,100,100077,100,99921,100
2019-06-28 09:34:00.000000000,100005,255,99976,255,100013,251,99975,251,100021,251,99971,251,100030,100,99970,100,100043,100,99966,100,100058,100,99954,100,100061,100,99939,100,100063,100,99933,100,100066,100,99924,100,100077,100,99921,100
2019-06-28 09:34:10.000000000,100005,191,99976,191,100013,191,99975,191,100021,191,99971,191,100030,191,99970,191,100043,191,99966,191,100058,100,99954,100,100061,100,99939,100,100063,100,99933,100,100066,100,99924,100,100077,100,99921,100
2019-06-28 09:34:10.539026568,100005,191,99976,191,100013,191,99975,191,100021,191,99971,191,100030,191,99970,191,100043,191,99966,191,100058,100,99954,100,100061,100,99939,100,100063,100,99933,100,100066,100,99924,100,100077,100,99921,100
2019-06-28 09:34:16.913244101,100005,191,99976,191,100013,191,99975,191,100021,191,99971,191,100030,191,99970,191,100043,191,99966,191,100058,100,99954,100,100061,100,99939,100,100063,100,99933,100,100066,100,99924,100,100077,100,99921,100
2019-06-28 09:34:20.000000000,100005,557,99976,557,100013,100,99975,100,100021,100,99971,100,100030,100,99970,100,100043,100,99966,100,100058,100,99954,100,100061,100,99939,100,100063,100,99933,100,100066,100,99924,100,100077,100,99921,100
2019-06-28 09:34:21.954170401,99981,100,99976,557,100005,557,99975,100,100013,100,99971,100,100021,100,99970,100,100030,100,99966,100,100043,100,99954,100,100058,100,99939,100,100061,100,99933,100,100063,100,99924,100,100066,100,99921,100
2019-06-28 09:34:30.000000000,99981,191,99976,191,100005,191,99975,191,100013,191,99971,191,100021,191,99970,191,100030,191,99966,191,100043,100,99954,100,100058,100,99939,100,100061,100,99933,100,100063,100,99924,100,100066,100,99921,100
2019-06-28 09:34:40.000000000,99981,557,99976,557,100005,100,99975,100,100013,100,99971,100,100021,100,99970,100,100030,100,99966,100,100043,100,99954,100,100058,100,99939,100,100061,100,99933,100,100063,100,99924,100,100066,100,99921,100
2019-06-28 09:34:44.381282223,99981,557,99976,557,100005,100,99975,100,100013,100,99971,100,100021,100,99970,100,100030,100,99966,100,100043,100,99954,100,100058,100,99939,100,100061,100,99933,100,100063,100,99924,100,100066,100,99921,100
2019-06-28 09:34:46.746709358,99981,557,99976,557,100005,100,99975,100,100013,100,99971,100,100021,100,99970,100,100030,100,99966,100,100043,100,99954,100,100058,100,99939,100,100061,100,99933,100,100063,100,99924,100,100066,100,99921,100
2019-06-28 09:34:50.000000000,99981,328,99976,328,100005,328,99975,328,100013,100,99971,100,100021,100,99970,100,100030,100,99966,100,100043,100,99954,100,100058,100,99939,100,100061,100,99933,100,100063,100,99924,100,100066,100,99921,100
2019-06-28 09:34:50.506765388,99981,328,99976,328,100005,328,99975,328,100013,100,99971,100,100021,100,99970,100,100030,100,99966,100,100043,100,99954,100,100058,100,99939,100,100061,100,99933,100,100063,100,99924,100,100066,100,99921,100
2019-06-28 09:34:59.458459983,99981,328,99976,328,100005,328,99975,328,100013,100,99971,100,100021,100,99970,100,100030,100,99966,100,100043,100,99954,100,100058,100,99939,100,100061,100,99933,100,100063,100,99924,100,100066,100,99921,100
2019-06-28 09:35:00.000000000,99981,328,99976,328,100005,328,99975,328,100013,100,99971,100,100021,100,99970,100,100030,100,99966,100,100043,100,99954,100,100058,100,99939,100,100061,100,99933,100,100063,100,99924,100,100066,100,99921,100
2019-06-28 09:35:10.000000000,99981,191,99976,191,100005,191,99975,191,100013,191,99971,191,100021,191,99970,191,100030,191,99966,191,100043,100,99954,100,100058,100,99939,100,100061,100,99933,100,100063,100,99924,100,100066,100,99921,100
2019-06-28 09:35:20.000000000,99981,191,99976,191,100005,191,99975,191,100013,191,99971,191,100021,191,99970,191,100030,191,99966,191,100043,100,99954,100,100058,100,99939,100,100061,100,99933,100,100063,100,99924,100,100066,100,99921,100
2019-06-28 09:35:22.752631566,99981,191,99976,91,100005,191,99975,191,100013,191,99971,191,100021,191,99970,191,100030,191,99966,191,100043,100,99954,100,100058,100,99939,100,100061,100,99933,100,100063,100,99924,100,100066,100,99921,100
2019-06-28 09:35:27.462245503,99977,100,99976,91,99981,191,99975,191,100005,191,99971,191,100013,191,99970,191,100021,191,99966,191,100030,191,99954,100,100043,100,99939,100,100058,100,99933,100,100061,100,99924,100,100063,100,99921,100
2019-06-28 09:35:30.000000000,99977,328,99975,328,99981,328,99971,328,100005,100,99970,100,100013,100,99966,100,100021,100,99954,100,100030,100,99939,100,100043,100,99933,100,100058,100,99924,100,100061,100,99921,100,100063,100,99912,100
2019-06-28 09:35:31.347937732,99977,328,99975,328,99981,328,99971,328,100005,100,99970,100,100013,100,99966,100,100021,100,99954,100,100030,100,99939,100,100043,100,99933,100,100058,100,99924,100,100061,100,99921,100,100063,100,99912,100
2019-06-28 09:35:40.000000000,99977,255,99975,255,99981,251,99971,251,100005,251,99970,251,100013,100,99966,100,100021,100,99954,100,100030,100,99939,100,100043,100,99933,100,100058,100,99924,100,100061,100,99921,100,100063,100,99912,100
2019-06-28 09:35:45.070201021,99977,255,99975,155,99981,251,99971,251,100005,251,99970,251,100013,100,99966,100,100021,100,99954,100,100030,100,99939,100,100043,100,99933,100,100058,100,99924,100,100061,100,99921,100,100063,100,99912,100
2019-06-28 09:35:50.000000000,99977,328,99971,328,99981,328,99970,328,100005,100,99966,100,100013,100,99954,100,100021,100,99939,100,100030,100,99933,100,100043,100,99924,100,100058,100,99921,100,100061,100,99912,100,100063,100,99899,100
2019-06-28 09:35:59.399367319,99977,328,99971,228,99981,328,99970,328,100005,100,99966,100,100013,100,99954,100,100021,100,99939,100,100030,100,99933,100,100043,100,99924,100,100058,100,99921,100,100061,100,99912,100,100063,100,99899,100
2019-06-28 09:36:00.000000000,99977,255,99970,255,99981,251,99966,251,100005,251,99954,251,100013,100,99939,100,100021,100,99933,100,100030,100,99924,100,100043,100,99921,100,100058,100,99912,100,100061,100,99899,100,100063,100,99873,100
2019-06-28 09:36:10.000000000,99977,328,99970,328,99981,328,99966,328,100005,100,99954,100,100013,100,99939,100,100021,100,99933,100,100030,100,99924,100,100043,100,99921,100,100058,100,99912,100,100061,100,99899,100,100063,100,99873,100
2019-06-28 09:36:15.478496528,99975,100,99970,328,99977,328,99966,328,99981,328,99954,100,100005,100,99939,100,100013,100,99933,100,100021,100,99924,100,100030,100,99921,100,100043,100,99912,100,100058,100,99899,100,100061,100,99873,100
2019-06-28 09:36:20.000000000,99975,557,99970,557,99977,100,99966,100,99981,100,99954,100,100005,100,99939,100,100013,100,99933,100,100021,100,99924,100,100030,100,99921,100,100043,100,99912,100,100058,100,99899,100,100061,100,99873,100
2019-06-28 09:36:30.000000000,99975,255,99970,255,99977,251,99966,251,99981,251,99954,251,100005,100,99939,100,100013,100,99933,100,100021,100,99924,100,100030,100,99921,100,100043,100,99912,100,100058,100,99899,100,100061,100,99873,100
2019-06-28 09:36:40.000000000,99975,328,99970,328,99977,328,99966,328,99981,100,99954,100,100005,100,99939,100,100013,100,99933,100,100021,100,99924,100,100030,100,99921,100,100043,100,99912,100,100058,100,99899,100,100061,100,99873,100
2019-06-28 09:36:50.000000000,99975,191,99970,191,99977,191,99966,191,99981,191,99954,191,100005,191,99939,191,100013,191,99933,191,100021,100,99924,100,100030,100,99921,100,100043,100,99912,100,100058,100,99899,100,100061,100,99873,100
2019-06-28 09:36:58.765328964,99975,191,99970,191,99977,191,99966,191,99981,191,99954,191,100005,191,99939,191,100013,191,99933,191,100021,100,99924,100,100043,100,99921,100,100058,100,99912,100,100061,100,99899,100,100063,100,99873,100
2019-06-28 09:37:00.000000000,99975,255,99970,255,99977,251,99966,251,99981,251,99954,251,100005,100,99939,100,100013,100,99933,100,100021,100,99924,100,100043,100,99921,100,100058,100,99912,100,100061,100,99899,100,100063,100,99873,100
2019-06-28 09:37:10.000000000,99975,255,99970,255,99977,251,99966,251,99981,251,99954,251,100005,100,99939,100,100013,100,99933,100,100021,100,99924,100,100043,100,99921,100,100058,100,99912,100,100061,100,99899,100,100063,100,99873,100
2019-06-28 09:37:20.000000000,99975,557,99970,557,99977,100,99966,100,99981,100,99954,100,100005,100,99939,100,100013,100,99933,100,100021,100,99924,100,100043,100,99921,100,100058,100,99912,100,100061,100,99899,100,100063,100,99873,100
2019-06-28 09:37:30.000000000,99975,328,99970,328,99977,328,99966,328,99981,100,99954,100,100005,100,99939,100,100013,100,99933,100,100021,100,99924,100,100043,100,99921,100,100058,100,99912,100,100061,100,99899,100,100063,100,99873,100
2019-06-28 09:37:35.853582346,99975,328,99970,328,99977,328,99966,328,99981,100,99954,100,100005,100,99939,100,100013,100,99933,100,100021,100,99921,100,100043,100,99912,100,100058,100,99899,100,100061,100,99873,100,100063,100,99871,100
2019-06-28 09:37:38.352357583,99975,328,99970,328,99977,328,99966,328,99981,100,99954,100,100005,100,99939,100,100013,100,99933,100,100021,100,99921,100,100043,100,99912,100,100058,100,99899,100,100061,100,99873,100,100063,100,99871,100
2019-06-28 09:37:40.000000000,99975,191,99970,191,99977,191,99966,191,99981,191,99954,191,100005,191,99939,191,100013,191,99933,191,100021,100,99921,100,100043,100,99912,100,100058,100,99899,100,100061,100,99873,100,100063,100,99871,100
2019-06-28 09:37:47.571255691,99970,9,99966,191,99975,191,99954,191,99977,191,99939,191,99981,191,99933,191,100005,191,99921,100,100013,191,99912,100,100021,100,99899,100,100043,100,99873,100,100058,100,99871,100,100061,100,99821,100
2019-06-28 09:37:47.697542063,99970,9,99966,191,99975,191,99954,191,99977,191,99939,191,99981,191,99933,191,100005,191,99921,100,100013,191,99912,100,100021,100,99899,100,100043,100,99873,100,100058,100,99871,100,100061,100,99821,100
2019-06-28 09:37:50.000000000,99970,164,99966,255,99975,251,99954,251,99977,251,99939,251,99981,100,99933,100,100005,100,99921,100,100013,100,99912,100,100021,100,99899,100,100043,100,99873,100,100058,100,99871,100,100061,100,99821,100
2019-06-28 09:37:56.176927903,99970,164,99966,255,99971,100,99954,251,99975,251,99939,251,99977,251,99933,100,99981,100,99921,100,100005,100,99912,100,100021,100,99899,100,100043,100,99873,100,100058,100,99871,100,100061,100,99821,100
2019-06-28 09:38:00.000000000,99970,466,99966,557,99971,100,99954,100,99975,100,99939,100,99977,100,99933,100,99981,100,99921,100,100005,100,99912,100,100021,100,99899,100,100043,100,99873,100,100058,100,99871,100,100061,100,99821,100
2019-06-28 09:38:02.004301865,99970,466,99966,457,99971,100,99954,100,99975,100,99939,100,99977,100,99933,100,99981,100,99921,100,100005,100,99912,100,100021,100,99899,100,100043,100,99873,100,100058,100,99871,100,100061,100,99821,100
2019-06-28 09:38:10.000000000,99970,164,99954,255,99971,251,99939,251,99975,251,99933,251,99977,100,99921,100,99981,100,99912,100,100005,100,99899,100,100021,100,99873,100,100043,100,99871,100,100058,100,99821,100,100061,100,99796,100
2019-06-28 09:38:14.330305402,99969,100,99954,255,99970,164,99939,251,99971,251,99933,251,99975,251,99921,100,99977,100,99912,100,99981,100,99899,100,100005,100,99873,100,100021,100,99871,100,100043,100,99821,100,100058,100,99796,100
2019-06-28 09:38:20.000000000,99969,328,99954,328,99970,237,99939,328,99971,100,99933,100,99975,100,99921,100,99977,100,99912,100,99981,100,99899,100,100005,100,99873,100,100021,100,99871,100,100043,100,99821,100,100058,100,99796,100
2019-06-28 09:38:20.063201233,99969,328,99954,328,99970,237,99939,328,99971,100,99933,100,99975,100,99921,100,99977,100,99912,100,99981,100,99899,100,100005,100,99873,100,100021,100,99871,100,100043,100,99821,100,100058,100,99796,100
2019-06-28 09:38:30.000000000,99969,328,99954,328,99970,237,99939,328,99971,100,99933,100,99975,100,99921,100,99977,100,99912,100,99981,100,99899,100,100005,100,99873,100,100021,100,99871,100,100043,100,99821,100,100058,100,99796,100
2019-06-28 09:38:40.000000000,99969,214,99954,214,99970,123,99939,214,99971,214,99933,214,99975,214,99921,214,99977,100,99912,100,99981,100,99899,100,100005,100,99873,100,100021,100,99871,100,100043,100,99821,100,100058,100,99796,100
2019-06-28 09:38:44.387975627,99969,314,99954,214,99970,123,99939,214,99971,214,99933,214,99975,214,99921,214,99977,100,99912,100,99981,100,99899,100,100005,100,99873,100,100021,100,99871,100,100043,100,99821,100,100058,100,99796,100
2019-06-28 09:38:50.000000000,99969,657,99954,557,99970,9,99939,100,99971,100,99933,100,99975,100,99921,100,99977,100,99912,100,99981,100,99899,100,100005,100,99873,100,100021,100,99871,100,100043,100,99821,100,100058,100,99796,100
2019-06-28 09:39:00.000000000,99969,657,99954,557,99970,9,99939,100,99971,100,99933,100,99975,100,99921,100,99977,100,99912,100,99981,100,99899,100,100005,100,99873,100,100021,100,99871,100,100043,100,99821,100,100058,100,99796,100
2019-06-28 09:39:10.000000000,99969,291,99954,191,99970,100,99939,191,99971,191,99933,191,99975,191,99921,191,99977,191,99912,191,99981,100,99899,100,100005,100,99873,100,100021,100,99871,100,100043,100,99821,100,100058,100,99796,100
2019-06-28 09:39:20.000000000,99969,355,99954,255,99970,160,99939,251,99971,251,99933,251,99975,100,99921,100,99977,100,99912,100,99981,100,99899,100,100005,100,99873,100,100021,100,99871,100,100043,100,99821,100,100058,100,99796,100
2019-06-28 09:39:24.653899014,99969,355,99954,155,99970,160,99939,251,99971,251,99933,251,99975,100,99921,100,99977,100,99912,100,99981,100,99899,100,100005,100,99873,100,100021,100,99871,100,100043,100,99821,100,100058,100,99796,100
2019-06-28 09:39:30.000000000,99969,291,99939,191,99970,100,99933,191,99971,191,99921,191,99975,191,99912,191,99977,191,99899,191,99981,100,99873,100,100005,100,99871,100,100021,100,99821,100,100043,100,99796,100,100058,100,99691,100
2019-06-28 09:39:40.000000000,99969,657,99939,557,99970,9,99933,100,99971,100,99921,100,99975,100,99912,100,99977,100,99899,100,99981,100,99873,100,100005,100,99871,100,100021,100,99821,100,100043,100,99796,100,100058,100,99691,100
2019-06-28 09:39:50.000000000,99969,314,99939,214,99970,123,99933,214,99971,214,99921,214,99975,214,99912,214,99977,100,99899,100,99981,100,99873,100,100005,100,99871,100,100021,100,99821,100,100043,100,99796,100,100058,100,99691,100
2019-06-28 09:40:00.000000000,99969,355,99939,255,99970,160,99933,251,99971,251,99921,251,99975,100,99912,100,99977,100,99899,100,99981,100,99873,100,100005,100,99871,100,100021,100,99821,100,100043,100,99796,100,100058,100,99691,100
2019-06-28 09:40:06.630037229,99969,255,99939,255,99970,160,99933,251,99971,251,99921,251,99975,100,99912,100,99977,100,99899,100,99981,100,99873,100,100005,100,99871,100,100021,100,99821,100,100043,100,99796,100,100058,100,99691,100
2019-06-28 09:40:10.000000000,99969,191,99939,191,99970,100,99933,191,99971,191,99921,191,99975,191,99912,191,99977,191,99899,191,99981,100,99873,100,100005,100,99871,100,100021,100,99821,100,100043,100,99796,100,100058,100,99691,100
2019-06-28 09:40:18.026135284,99969,191,99939,191,99970,100,99933,191,99971,191,99921,91,99975,191,99912,191,99977,191,99899,191,99981,100,99873,100,100005,100,99871,100,100021,100,99821,100,100043,100,99796,100,100058,100,99691,100
2019-06-28 09:40:18.054976496,99966,100,99939,191,99969,191,99933,191,99970,100,99921,91,99971,191,99912,191,99975,191,99899,191,99977,191,99873,100,99981,100,99871,100,100005,100,99821,100,100021,100,99796,100,100043,100,99691,100
2019-06-28 09:40:20.000000000,99966,214,99939,214,99969,214,99933,214,99970,123,99912,214,99971,214,99899,214,99975,100,99873,100,99977,100,99871,100,99981,100,99821,100,100005,100,99796,100,100021,100,99691,100,100043,100,99452,100
2019-06-28 09:40:24.979500871,99966,214,99939,214,99969,214,99933,214,99970,123,99912,214,99971,214,99899,214,99975,100,99873,100,99977,100,99871,100,99981,100,99821,100,100005,100,99796,100,100021,100,99691,100,100043,100,99452,100
2019-06-28 09:40:27.296744824,99966,214,99939,214,99969,214,99933,214,99970,123,99912,214,99971,214,99899,214,99975,100,99873,100,99977,100,99871,100,99981,100,99821,100,100005,100,99796,100,100021,100,99691,100,100043,100,99628,100
2019-06-28 09:40:30.000000000,99966,255,99939,255,99969,251,99933,251,99970,160,99912,251,99971,100,99899,100,99975,100,99873,100,99977,100,99871,100,99981,100,99821,100,100005,100,99796,100,100021,100,99691,100,100043,100,99628,100
2019-06-28 09:40:40.000000000,99966,255,99939,255,99969,251,99933,251,99970,160,99912,251,99971,100,99899,100,99975,100,99873,100,99977,100,99871,100,99981,100,99821,100,100005,100,99796,100,100021,100,99691,100,100043,100,99628,100
2019-06-28 09:40:44.439757565,99966,355,99939,255,99969,251,99933,251,99970,160,99912,251,99971,100,99899,100,99975,100,99873,100,99977,100,99871,100,99981,100,99821,100,100005,100,99796,100,100021,100,99691,100,100043,100,99628,100
2019-06-28 09:40:46.285512742,99966,355,99939,155,99969,251,99933,251,99970,160,99912,251,99971,100,99899,100,99975,100,99873,100,99977,100,99871,100,99981,100,99821,100,100005,100,99796,100,100021,100,99691,100,100043,100,99628,100
2019-06-28 09:40:46.286357574,99966,355,99939,55,99969,251,99933,251,99970,160,99912,251,99971,100,99899,100,99975,100,99873,100,99977,100,99871,100,99981,100,99821,100,100005,100,99796,100,100021,100,99691,100,100043,100,99628,100
2019-06-28 09:40:50.000000000,99966,428,99933,328,99969,328,99912,328,99970,9,99899,100,99971,100,99873,100,99975,100,99871,100,99977,100,99821,100,99981,100,99796,100,100005,100,99691,100,100021,100,99628,100,100043,100,99452,100
2019-06-28 09:40:54.254219610,99966,428,99933,328,99969,328,99912,328,99970,9,99899,100,99971,100,99873,100,99975,100,99871,100,99977,100,99821,100,99981,100,99796,100,100005,100,99691,100,100021,100,99628,100,100043,100,99452,100
2019-06-28 09:41:00.000000000,99966,657,99933,557,99969,100,99912,100,99970,9,99899,100,99971,100,99873,100,99975,100,99871,100,99977,100,99821,100,99981,100,99796,100,100005,100,99691,100,100021,100,99628,100,100043,100,99452,100
2019-06-28 09:41:01.228544817,99966,657,99933,457,99969,100,99912,100,99970,9,99899,100,99971,100,99873,100,99975,100,99871,100,99977,100,99821,100,99981,100,99796,100,100005,100,99691,100,100021,100,99628,100,100043,100,99460,100
2019-06-28 09:41:10.000000000,99966,314,99912,214,99969,214,99899,214,99970,123,99873,214,99971,214,99871,214,99975,100,99821,100,99977,100,99796,100,99981,100,99691,100,100005,100,99628,100,100021,100,99460,100,100043,100,99452,100
2019-06-28 09:41:16.847126248,99939,100,99912,214,99966,314,99899,214,99969,214,99873,214,99970,123,99871,214,99971,214,99821,100,99975,100,99796,100,99977,100,99691,100,99981,100,99628,100,100005,100,99460,100,100021,100,99452,100
2019-06-28 09:41:20.000000000,99939,557,99912,557,99966,200,99899,100,99969,100,99873,100,99970,9,99871,100,99971,100,99821,100,99975,100,99796,100,99977,100,99691,100,99981,100,99628,100,100005,100,99460,100,100021,100,99452,100
2019-06-28 09:41:22.821745144,99939,557,99912,457,99966,200,99899,100,99969,100,99873,100,99970,9,99871,100,99971,100,99821,100,99975,100,99796,100,99977,100,99691,100,99981,100,99628,100,100005,100,99460,100,100021,100,99452,100
2019-06-28 09:41:30.000000000,99939,191,99899,191,99966,291,99873,191,99969,191,99871,191,99970,100,99821,191,99971,191,99796,191,99975,100,99691,100,99977,100,99628,100,99981,100,99460,100,100005,100,99452,100,100021,100,99441,100
2019-06-28 09:41:38.469837224,99939,191,99899,191,99966,291,99873,191,99969,191,99871,191,99970,100,99821,191,99971,191,99796,91,99975,100,99691,100,99977,100,99628,100,99981,100,99589,100,100005,100,99460,100,100021,100,99452,100
2019-06-28 09:41:40.000000000,99939,255,99899,255,99966,351,99873,251,99969,251,99871,251,99970,9,99821,100,99971,100,99691,100,99975,100,99628,100,99977,100,99589,100,99981,100,99460,100,100005,100,99452,100,100021,100,99441,100
2019-06-28 09:41:49.359358882,99939,255,99899,255,99966,351,99873,251,99969,251,99871,251,99970,9,99821,100,99971,100,99691,100,99975,100,99628,100,99977,100,99589,100,99981,100,99489,100,100005,100,99460,100,100021,100,99452,100
2019-06-28 09:41:49.552692353,99939,255,99899,255,99966,351,99873,251,99969,251,99871,251,99970,9,99837,100,99971,100,99821,100,99975,100,99691,100,99977,100,99628,100,99981,100,99589,100,100005,100,99489,100,100021,100,99460,100
2019-06-28 09:41:50.000000000,99939,557,99899,557,99966,200,99873,100,99969,100,99871,100,99970,9,99837,100,99971,100,99821,100,99975,100,99691,100,99977,100,99628,100,99981,100,99589,100,100005,100,99489,100,100021,100,99460,100
2019-06-28 09:41:51.845441775,99939,557,99899,557,99966,200,99873,100,99969,100,99871,100,99970,9,99837,100,99971,100,99821,100,99975,100,99709,100,99977,100,99691,100,99981,100,99628,100,100005,100,99589,100,100021,100,99489,100
2019-06-28 09:41:52.326248911,99939,557,99899,557,99966,200,99873,100,99969,100,99871,100,99970,9,99837,100,99971,100,99832,100,99975,100,99821,100,99977,100,99709,100,99981,100,99691,100,100005,100,99628,100,100021,100,99589,100
2019-06-28 09:42:00.000000000,99939,214,99899,214,99966,314,99873,214,99969,214,99871,214,99970,123,99837,214,99971,100,99832,100,99975,100,99821,100,99977,100,99709,100,99981,100,99691,100,100005,100,99628,100,100021,100,99589,100
2019-06-28 09:42:08.825110099,99938,100,99899,214,99939,214,99873,214,99966,314,99871,214,99969,214,99837,214,99970,123,99832,100,99971,100,99821,100,99975,100,99709,100,99977,100,99691,100,99981,100,99628,100,100005,100,99589,100
2019-06-28 09:42:10.000000000,99938,328,99899,328,99939,328,99873,328,99966,200,99871,100,99969,100,99837,100,99970,9,99832,100,99971,100,99821,100,99975,100,99709,100,99977,100,99691,100,99981,100,99628,100,100005,100,99589,100
2019-06-28 09:42:11.365701404,99938,328,99899,228,99939,328,99873,328,99966,200,99871,100,99969,100,99837,100,99970,9,99832,100,99971,100,99821,100,99975,100,99709,100,99977,100,99691,100,99981,100,99628,100,100005,100,99589,100
2019-06-28 09:42:14.462949682,99933,100,99899,228,99938,228,99873,328,99939,328,99871,100,99966,200,99837,100,99969,100,99832,100,99970,9,99821,100,99971,100,99709,100,99975,100,99691,100,99977,100,99628,100,99981,100,99589,100
2019-06-28 09:42:20.000000000,99933,191,99873,191,99939,191,99871,191,99966,291,99837,191,99969,191,99832,191,99970,100,99821,191,99971,100,99709,100,99975,100,99691,100,99977,100,99628,100,99981,100,99589,100,100005,100,99489,100
2019-06-28 09:42:26.626038127,99933,191,99873,91,99939,191,99871,191,99966,291,99837,191,99969,191,99832,191,99970,100,99821,191,99971,100,99709,100,99975,100,99691,100,99977,100,99628,100,99981,100,99589,100,100005,100,99489,100
2019-06-28 09:42:30.000000000,99933,328,99871,328,99939,328,99837,328,99966,200,99832,100,99969,100,99821,100,99970,9,99709,100,99971,100,99691,100,99975,100,99628,100,99977,100,99589,100,99981,100,99489,100,100005,100,99460,100
2019-06-28 09:42:38.358095572,99933,328,99871,328,99939,328,99837,328,99966,200,99832,100,99969,100,99821,100,99970,9,99709,100,99971,100,99691,100,99975,100,99628,100,99977,100,99589,100,99981,100,99489,100,100005,100,99460,100
2019-06-28 09:42:38.557294577,99933,328,99900,100,99939,328,99871,328,99966,200,99837,328,99969,100,99832,100,99970,9,99821,100,99971,100,99709,100,99975,100,99691,100,99977,100,99628,100,99981,100,99589,100,100005,100,99489,100
2019-06-28 09:42:40.000000000,99933,557,99900,557,99939,100,99871,100,99966,200,99837,100,99969,100,99832,100,99970,9,99821,100,99971,100,99709,100,99975,100,99691,100,99977,100,99628,100,99981,100,99589,100,100005,100,99489,100
2019-06-28 09:42:50.000000000,99933,214,99900,214,99939,214,99871,214,99966,314,99837,214,99969,214,99832,214,99970,9,99821,100,99971,100,99709,100,99975,100,99691,100,99977,100,99628,100,99981,100,99589,100,100005,100,99489,100
2019-06-28 09:43:00.000000000,99933,255,99900,255,99939,251,99871,251,99966,351,99837,251,99969,100,99832,100,99970,9,99821,100,99971,100,99709,100,99975,100,99691,100,99977,100,99628,100,99981,100,99589,100,100005,100,99489,100
2019-06-28 09:43:00.010645146,99933,155,99900,255,99939,251,99871,251,99966,351,99837,251,99969,100,99832,100,99970,9,99821,100,99971,100,99709,100,99975,100,99691,100,99977,100,99628,100,99981,100,99589,100,100005,100,99489,100
2019-06-28 09:43:10.000000000,99939,328,99900,328,99966,428,99871,328,99969,100,99837,100,99970,9,99832,100,99971,100,99821,100,99975,100,99709,100,99977,100,99691,100,99981,100,99628,100,100005,100,99589,100,100021,100,99489,100
2019-06-28 09:43:20.000000000,99939,255,99900,255,99966,351,99871,251,99969,251,99837,251,99970,9,99832,100,99971,100,99821,100,99975,100,99709,100,99977,100,99691,100,99981,100,99628,100,100005,100,99589,100,100021,100,99489,100
2019-06-28 09:43:30.000000000,99939,255,99900,255,99966,351,99871,251,99969,251,99837,251,99970,9,99832,100,99971,100,99821,100,99975,100,99709,100,99977,100,99691,100,99981,100,99628,100,100005,100,99589,100,100021,100,99489,100
2019-06-28 09:43:32.673671863,99939,255,99900,255,99966,351,99871,251,99969,251,99837,251,99970,9,99832,100,99971,100,99821,100,99975,100,99709,100,99977,100,99691,100,99981,100,99628,100,100005,100,99589,100,100021,100,99489,100
2019-06-28 09:43:40.000000000,99939,328,99900,328,99966,428,99871,328,99969,100,99837,100,99970,9,99832,100,99971,100,99821,100,99975,100,99709,100,99977,100,99691,100,99981,100,99628,100,100005,100,99589,100,100021,100,99489,100
2019-06-28 09:43:50.000000000,99939,557,99900,557,99966,200,99871,100,99969,100,99837,100,99970,9,99832,100,99971,100,99821,100,99975,100,99709,100,99977,100,99691,100,99981,100,99628,100,100005,100,99589,100,100021,100,99489,100
2019-06-28 09:44:00.000000000,99939,255,99900,255,99966,351,99871,251,99969,251,99837,251,99970,9,99832,100,99971,100,99821,100,99975,100,99709,100,99977,100,99691,100,99981,100,99628,100,100005,100,99589,100,100021,100,99489,100
2019-06-28 09:44:10.000000000,99939,328,99900,328,99966,428,99871,328,99969,100,99837,100,99970,9,99832,100,99971,100,99821,100,99975,100,99709,100,99977,100,99691,100,99981,100,99628,100,100005,100,99589,100,100021,100,99489,100
2019-06-28 09:44:15.433338829,99939,328,99900,328,99966,428,99871,328,99969,100,99837,100,99970,9,99832,100,99971,100,99821,100,99975,100,99785,100,99977,100,99709,100,99981,100,99691,100,100005,100,99628,100,100021,100,99589,100
2019-06-28 09:44:20.000000000,99939,214,99900,214,99966,314,99871,214,99969,214,99837,214,99970,123,99832,214,99971,100,99821,100,99975,100,99785,100,99977,100,99709,100,99981,100,99691,100,100005,100,99628,100,100021,100,99589,100
2019-06-28 09:44:30.000000000,99939,557,99900,557,99966,200,99871,100,99969,100,99837,100,99970,9,99832,100,99971,100,99821,100,99975,100,99785,100,99977,100,99709,100,99981,100,99691,100,100005,100,99628,100,100021,100,99589,100
2019-06-28 09:44:40.000000000,99939,328,99900,328,99966,428,99871,328,99969,100,99837,100,99970,9,99832,100,99971,100,99821,100,99975,100,99785,100,99977,100,99709,100,99981,100,99691,100,100005,100,99628,100,100021,100,99589,100
2019-06-28 09:44:50.000000000,99939,328,99900,328,99966,428,99871,328,99969,100,99837,100,99970,9,99832,100,99971,100,99821,100,99975,100,99785,100,99977,100,99709,100,99981,100,99691,100,100005,100,99628,100,100021,100,99589,100
2019-06-28 09:44:52.691038258,99939,228,99900,328,99966,428,99871,328,99969,100,99837,100,99970,9,99832,100,99971,100,99821,100,99975,100,99785,100,99977,100,99709,100,99981,100,99691,100,100005,100,99628,100,100021,100,99589,100
2019-06-28 09:44:54.438712590,99939,128,99900,328,99966,428,99871,328,99969,100,99837,100,99970,9,99832,100,99971,100,99821,100,99975,100,99785,100,99977,100,99709,100,99981,100,99691,100,100005,100,99628,100,100021,100,99589,100
2019-06-28 09:44:56.907781235,99939,128,99900,328,99966,428,99871,328,99969,100,99837,100,99970,9,99832,100,99971,100,99821,100,99975,100,99785,100,99977,100,99709,100,99981,100,99691,100,100021,100,99628,100,100043,100,99589,100
2019-06-28 09:44:59.606248991,99939,28,99900,228,99966,428,99871,328,99969,100,99837,100,99970,9,99832,100,99971,100,99821,100,99975,100,99785,100,99977,100,99709,100,99981,100,99691,100,100021,100,99628,100,100043,100,99589,100
2019-06-28 09:45:00.000000000,99966,355,99871,255,99969,251,99837,251,99970,160,99832,251,99971,100,99821,100,99975,100,99785,100,99977,100,99709,100,99981,100,99691,100,100021,100,99628,100,100043,100,99589,100,100058,100,99489,100
2019-06-28 09:45:10.000000000,99966,428,99871,328,99969,328,99837,328,99970,9,99832,100,99971,100,99821,100,99975,100,99785,100,99977,100,99709,100,99981,100,99691,100,100021,100,99628,100,100043,100,99589,100,100058,100,99489,100
2019-06-28 09:45:20.000000000,99966,314,99871,214,99969,214,99837,214,99970,123,99832,214,99971,214,99821,214,99975,100,99785,100,99977,100,99709,100,99981,100,99691,100,100021,100,99628,100,100043,100,99589,100,100058,100,99489,100
2019-06-28 09:45:30.000000000,99966,291,99871,191,99969,191,99837,191,99970,100,99832,191,99971,191,99821,191,99975,191,99785,191,99977,100,99709,100,99981,100,99691,100,100021,100,99628,100,100043,100,99589,100,100058,100,99489,100
2019-06-28 09:45:40.000000000,99966,291,99871,191,99969,191,99837,191,99970,100,99832,191,99971,191,99821,191,99975,191,99785,191,99977,100,99709,100,99981,100,99691,100,100021,100,99628,100,100043,100,99589,100,100058,100,99489,100
2019-06-28 09:45:43.874776623,99966,291,99871,191,99969,191,99837,191,99970,100,99832,191,99971,191,99821,191,99975,191,99785,191,99977,100,99709,100,99981,100,99691,100,100021,100,99628,100,100043,100,99589,100,100058,100,99489,100
2019-06-28 09:45:50.000000000,99966,291,99871,191,99969,191,99837,191,99970,100,99832,191,99971,191,99821,191,99975,191,99785,191,99977,100,99709,100,99981,100,99691,100,100021,100,99628,100,100043,100,99589,100,100058,100,99489,100
2019-06-28 09:46:00.000000000,99966,428,99871,328,99969,328,99837,328,99970,9,99832,100,99971,100,99821,100,99975,100,99785,100,99977,100,99709,100,99981,100,99691,100,100021,100,99628,100,100043,100,99589,100,100058,100,99489,100
2019-06-28 09:46:02.568824822,99966,328,99871,328,99969,328,99837,328,99970,9,99821,100,99971,100,99785,100,99975,100,99709,100,99977,100,99691,100,99981,100,99628,100,100021,100,99589,100,100043,100,99489,100,100058,100,99460,100
2019-06-28 09:46:04.614537643,99966,328,99871,328,99969,328,99837,328,99970,9,99821,100,99971,100,99785,100,99975,100,99709,100,99977,100,99691,100,99981,100,99628,100,100021,100,99589,100,100043,100,99489,100,100058,100,99460,100
2019-06-28 09:46:06.215810766,99966,328,99871,328,99969,328,99837,328,99970,9,99821,100,99971,100,99785,100,99975,100,99709,100,99977,100,99691,100,99981,100,99628,100,100021,100,99589,100,100043,100,99489,100,100058,100,99460,100
2019-06-28 09:46:10.000000000,99966,328,99871,328,99969,328,99837,328,99970,9,99821,100,99971,100,99785,100,99975,100,99709,100,99977,100,99691,100,99981,100,99628,100,100021,100,99589,100,100043,100,99489,100,100058,100,99460,100
2019-06-28 09:46:15.910280752,99966,328,99871,328,99969,328,99837,328,99970,9,99821,100,99971,100,99785,100,99975,100,99709,100,99977,100,99691,100,99981,100,99628,100,100021,100,99589,100,100043,100,99489,100,100058,100,99460,100
2019-06-28 09:46:20.000000000,99966,328,99871,328,99969,328,99837,328,99970,9,99821,100,99971,100,99785,100,99975,100,99709,100,99977,100,99691,100,99981,100,99628,100,100021,100,99589,100,100043,100,99489,100,100058,100,99460,100
2019-06-28 09:46:30.000000000,99966,557,99871,557,99969,100,99837,100,99970,9,99821,100,99971,100,99785,100,99975,100,99709,100,99977,100,99691,100,99981,100,99628,100,100021,100,99589,100,100043,100,99489,100,100058,100,99460,100
2019-06-28 09:46:40.000000000,99966,191,99871,191,99969,191,99837,191,99970,100,99821,191,99971,191,99785,191,99975,191,99709,191,99977,100,99691,100,99981,100,99628,100,100021,100,99589,100,100043,100,99489,100,100058,100,99460,100
2019-06-28 09:46:42.020383568,99966,191,99939,100,99969,191,99871,191,99970,100,99837,191,99971,191,99821,191,99975,191,99785,191,99977,100,99709,191,99981,100,99691,100,100021,100,99628,100,100043,100,99589,100,100058,100,99489,100
2019-06-28 09:46:50.000000000,99966,191,99939,191,99969,191,99871,191,99970,100,99837,191,99971,191,99821,191,99975,191,99785,191,99977,100,99709,100,99981,100,99691,100,100021,100,99628,100,100043,100,99589,100,100058,100,99489,100
2019-06-28 09:46:53.011904910,99966,191,99939,191,99969,191,99871,191,99970,100,99837,191,99971,191,99821,191,99975,191,99785,191,99977,100,99709,100,100021,100,99691,100,100043,100,99628,100,100058,100,99589,100,100063,100,99489,100
2019-06-28 09:47:00.000000000,99966,255,99939,255,99969,251,99871,251,99970,160,99837,251,99971,100,99821,100,99975,100,99785,100,99977,100,99709,100,100021,100,99691,100,100043,100,99628,100,100058,100,99589,100,100063,100,99489,100
2019-06-28 09:47:09.177638774,99966,255,99939,355,99969,251,99871,251,99970,160,99837,251,99975,100,99821,100,99977,100,99785,100,100021,100,99709,100,100043,100,99691,100,100058,100,99628,100,100063,100,99589,100,100066,100,99489,100
2019-06-28 09:47:10.000000000,99966,214,99939,314,99969,214,99871,214,99970,123,99837,214,99975,214,99821,214,99977,100,99785,100,100021,100,99709,100,100043,100,99691,100,100058,100,99628,100,100063,100,99589,100,100066,100,99489,100
2019-06-28 09:47:20.000000000,99966,255,99939,355,99969,251,99871,251,99970,160,99837,251,99975,100,99821,100,99977,100,99785,100,100021,100,99709,100,100043,100,99691,100,100058,100,99628,100,100063,100,99589,100,100066,100,99489,100
2019-06-28 09:47:26.041421298,99966,155,99939,355,99969,251,99871,251,99970,160,99837,251,99975,100,99821,100,99977,100,99785,100,100021,100,99709,100,100043,100,99691,100,100058,100,99628,100,100063,100,99589,100,100066,100,99489,100
2019-06-28 09:47:28.635780206,99966,155,99939,355,99969,251,99871,251,99970,160,99837,251,99975,100,99821,100,99977,100,99785,100,100021,100,99709,100,100043,100,99691,100,100058,100,99628,100,100063,100,99589,100,100066,100,99489,100
2019-06-28 09:47:30.000000000,99969,328,99939,428,99970,237,99871,328,99975,100,99837,100,99977,100,99821,100,100021,100,99785,100,100043,100,99709,100,100058,100,99691,100,100063,100,99628,100,100066,100,99589,100,100078,100,99489,100
2019-06-28 09:47:40.000000000,99969,557,99939,657,99970,9,99871,100,99975,100,99837,100,99977,100,99821,100,100021,100,99785,100,100043,100,99709,100,100058,100,99691,100,100063,100,99628,100,100066,100,99589,100,100078,100,99489,100
2019-06-28 09:47:50.000000000,99969,214,99939,314,99970,123,99871,214,99975,214,99837,214,99977,214,99821,214,100021,100,99785,100,100043,100,99709,100,100058,100,99691,100,100063,100,99628,100,100066,100,99589,100,100078,100,99489,100
2019-06-28 09:47:56.854752952,99969,114,99939,314,99970,123,99871,214,99975,214,99837,214,99977,214,99821,214,100021,100,99785,100,100043,100,99709,100,100058,100,99691,100,100063,100,99628,100,100066,100,99589,100,100078,100,99489,100
2019-06-28 09:48:00.000000000,99970,466,99939,657,99975,100,99871,100,99977,100,99837,100,100021,100,99821,100,100043,100,99785,100,100058,100,99709,100,100063,100,99691,100,100066,100,99628,100,100078,100,99589,100,100105,100,99489,100
2019-06-28 09:48:10.000000000,99970,164,99939,355,99975,251,99871,251,99977,251,99837,251,100021,100,99821,100,100043,100,99785,100,100058,100,99709,100,100063,100,99691,100,100066,100,99628,100,100078,100,99589,100,100105,100,99489,100
2019-06-28 09:48:12.339344046,99970,164,99939,355,99975,251,99871,251,99977,251,99837,251,100021,100,99821,100,100043,100,99785,100,100058,100,99709,100,100063,100,99691,100,100066,100,99628,100,100078,100,99589,100,100105,100,99489,100
2019-06-28 09:48:15.142805334,99970,164,99939,355,99975,251,99871,251,99977,251,99837,251,100021,100,99785,100,100043,100,99709,100,100058,100,99691,100,100063,100,99628,100,100066,100,99589,100,100078,100,99489,100,100105,100,99460,100
2019-06-28 09:48:20.000000000,99970,123,99939,314,99975,214,99871,214,99977,214,99837,214,100021,214,99785,214,100043,100,99709,100,100058,100,99691,100,100063,100,99628,100,100066,100,99589,100,100078,100,99489,100,100105,100,99460,100
2019-06-28 09:48:28.902201004,99970,123,99966,100,99975,214,99939,314,99977,214,99871,214,100021,214,99837,214,100043,100,99785,214,100058,100,99709,100,100063,100,99691,100,100066,100,99628,100,100078,100,99589,100,100105,100,99489,100
2019-06-28 09:48:30.000000000,99970,164,99966,255,99975,251,99939,351,99977,251,99871,251,100021,100,99837,100,100043,100,99785,100,100058,100,99709,100,100063,100,99691,100,100066,100,99628,100,100078,100,99589,100,100105,100,99489,100
2019-06-28 09:48:30.529674322,99970,164,99966,255,99975,251,99939,351,99977,251,99871,251,100021,100,99837,100,100043,100,99785,100,100058,100,99709,100,100063,100,99628,100,100066,100,99589,100,100078,100,99489,100,100105,100,99460,100
2019-06-28 09:48:40.000000000,99970,237,99966,328,99975,328,99939,428,99977,100,99871,100,100021,100,99837,100,100043,100,99785,100,100058,100,99709,100,100063,100,99628,100,100066,100,99589,100,100078,100,99489,100,100105,100,99460,100
2019-06-28 09:48:42.612770732,99970,237,99966,328,99975,328,99939,428,99977,100,99871,100,100021,100,99837,100,100043,100,99785,100,100058,100,99709,100,100063,100,99628,100,100066,100,99589,100,100078,100,99489,100,100105,100,99460,100
2019-06-28 09:48:48.891313541,99970,237,99966,328,99975,328,99939,428,99977,100,99871,100,100021,100,99837,100,100043,100,99785,100,100058,100,99709,100,100063,100,99628,100,100066,100,99589,100,100078,100,99489,100,100105,100,99460,100
2019-06-28 09:48:50.000000000,99970,123,99966,214,99975,214,99939,314,99977,214,99871,214,100021,214,99837,214,100043,100,99785,100,100058,100,99709,100,100063,100,99628,100,100066,100,99589,100,100078,100,99489,100,100105,100,99460,100
2019-06-28 09:48:51.175629055,99970,123,99966,314,99975,114,99939,314,99977,214,99871,214,100021,214,99837,214,100043,100,99785,100,100058,100,99709,100,100063,100,99628,100,100066,100,99589,100,100078,100,99489,100,100105,100,99460,100
2019-06-28 09:49:00.000000000,99970,100,99966,291,99977,191,99939,291,100021,191,99871,191,100043,191,99837,191,100058,191,99785,191,100063,100,99709,100,100066,100,99628,100,100078,100,99589,100,100105,100,99489,100,100186,100,99460,100
2019-06-28 09:49:10.000000000,99970,123,99966,314,99977,214,99939,314,100021,214,99871,214,100043,214,99837,214,100058,100,99785,100,100063,100,99709,100,100066,100,99628,100,100078,100,99589,100,100105,100,99489,100,100186,100,99460,100
2019-06-28 09:49:19.266758088,99970,123,99966,414,99977,214,99939,314,100021,214,99871,214,100043,214,99837,214,100058,100,99785,100,100063,100,99709,100,100066,100,99628,100,100078,100,99589,100,100105,100,99489,100,100186,100,99460,100
2019-06-28 09:49:20.000000000,99970,237,99966,528,99977,328,99939,428,100021,100,99871,100,100043,100,99837,100,100058,100,99785,100,100063,100,99709,100,100066,100,99628,100,100078,100,99589,100,100105,100,99489,100,100186,100,99460,100
2019-06-28 09:49:30.000000000,99970,123,99966,414,99977,214,99939,314,100021,214,99871,214,100043,214,99837,214,100058,100,99785,100,100063,100,99709,100,100066,100,99628,100,100078,100,99589,100,100105,100,99489,100,100186,100,99460,100
2019-06-28 09:49:31.176822922,99970,123,99966,514,99977,214,99939,314,100021,214,99871,214,100043,214,99837,214,100058,100,99785,100,100063,100,99709,100,100066,100,99628,100,100078,100,99589,100,100105,100,99489,100,100186,100,99460,100
2019-06-28 09:49:32.223650619,99970,123,99966,514,99977,214,99939,314,100021,214,99871,214,100043,214,99837,214,100058,100,99785,100,100063,100,99709,100,100066,100,99628,100,100078,100,99589,100,100105,100,99489,100,100186,100,99460,100
2019-06-28 09:49:38.667596981,99970,123,99966,514,99977,214,99939,314,100021,214,99871,214,100043,214,99837,214,100058,100,99785,100,100063,100,99709,100,100066,100,99628,100,100078,100,99589,100,100105,100,99489,100,100186,100,99460,100
2019-06-28 09:49:40.000000000,99970,100,99966,491,99977,191,99939,291,100021,191,99871,191,100043,191,99837,191,100058,191,99785,191,100063,100,99709,100,100066,100,99628,100,100078,100,99589,100,100105,100,99489,100,100186,100,99460,100
2019-06-28 09:49:41.133955281,99970,100,99966,491,99977,191,99939,291,100021,191,99871,191,100043,191,99837,191,100058,191,99785,191,100063,100,99709,100,100066,100,99628,100,100078,100,99589,100,100105,100,99489,100,100186,100,99460,100
2019-06-28 09:49:50.000000000,99970,164,99966,555,99977,251,99939,351,100021,251,99871,251,100043,100,99837,100,100058,100,99785,100,100063,100,99709,100,100066,100,99628,100,100078,100,99589,100,100105,100,99489,100,100186,100,99460,100
2019-06-28 09:50:00.000000000,99970,164,99966,555,99977,251,99939,351,100021,251,99871,251,100043,100,99837,100,100058,100,99785,100,100063,100,99709,100,100066,100,99628,100,100078,100,99589,100,100105,100,99489,100,100186,100,99460,100
2019-06-28 09:50:01.243647304,99970,164,99966,455,99977,251,99939,351,100021,251,99871,251,100043,100,99837,100,100058,100,99785,100,100063,100,99709,100,100066,100,99628,100,100078,100,99589,100,100105,100,99489,100,100186,100,99460,100
2019-06-28 09:50:04.580039500,99970,164,99966,455,99977,251,99939,351,100021,251,99871,251,100043,100,99837,100,100063,100,99785,100,100066,100,99709,100,100078,100,99628,100,100105,100,99589,100,100186,100,99489,100,100475,100,99460,100
2019-06-28 09:50:10.000000000,99970,466,99966,757,99977,100,99939,200,100021,100,99871,100,100043,100,99837,100,100063,100,99785,100,100066,100,99709,100,100078,100,99628,100,100105,100,99589,100,100186,100,99489,100,100475,100,99460,100
2019-06-28 09:50:14.301365941,99970,466,99966,757,99977,100,99939,200,100021,100,99871,100,100043,100,99837,100,100063,100,99785,100,100066,100,99709,100,100078,100,99628,100,100105,100,99589,100,100186,100,99489,100,100475,100,99460,100
2019-06-28 09:50:20.000000000,99970,100,99966,391,99977,191,99939,291,100021,191,99871,191,100043,191,99837,191,100063,191,99785,191,100066,100,99709,100,100078,100,99628,100,100105,100,99589,100,100186,100,99489,100,100475,100,99460,100
2019-06-28 09:50:30.000000000,99970,164,99966,455,99977,251,99939,351,100021,251,99871,251,100043,100,99837,100,100063,100,99785,100,100066,100,99709,100,100078,100,99628,100,100105,100,99589,100,100186,100,99489,100,100475,100,99460,100
2019-06-28 09:50:40.000000000,99970,466,99966,757,99977,100,99939,200,100021,100,99871,100,100043,100,99837,100,100063,100,99785,100,100066,100,99709,100,100078,100,99628,100,100105,100,99589,100,100186,100,99489,100,100475,100,99460,100
2019-06-28 09:50:40.161506660,99970,466,99966,757,99977,100,99939,200,100021,100,99871,100,100063,100,99837,100,100066,100,99785,100,100078,100,99709,100,100105,100,99628,100,100186,100,99589,100,100475,100,99489,100,100484,100,99460,100
2019-06-28 09:50:50.000000000,99970,237,99966,528,99977,328,99939,428,100021,100,99871,100,100063,100,99837,100,100066,100,99785,100,100078,100,99709,100,100105,100,99628,100,100186,100,99589,100,100475,100,99489,100,100484,100,99460,100
2019-06-28 09:50:58.252875392,99970,237,99966,628,99977,328,99939,428,100021,100,99871,100,100063,100,99837,100,100066,100,99785,100,100078,100,99709,100,100105,100,99628,100,100186,100,99589,100,100475,100,99489,100,100484,100,99460,100
2019-06-28 09:51:00.000000000,99970,237,99966,628,99977,328,99939,428,100021,100,99871,100,100063,100,99837,100,100066,100,99785,100,100078,100,99709,100,100105,100,99628,100,100186,100,99589,100,100475,100,99489,100,100484,100,99460,100
2019-06-28 09:51:01.124743234,99970,237,99966,728,99977,328,99939,428,100021,100,99871,100,100063,100,99837,100,100066,100,99785,100,100078,100,99709,100,100105,100,99628,100,100186,100,99589,100,100475,100,99489,100,100484,100,99460,100
2019-06-28 09:51:04.612538406,99970,137,99966,728,99977,328,99939,428,100021,100,99871,100,100063,100,99837,100,100066,100,99785,100,100078,100,99709,100,100105,100,99628,100,100186,100,99589,100,100475,100,99489,100,100484,100,99460,100
2019-06-28 09:51:10.000000000,99977,214,99966,614,100021,214,99939,314,100063,214,99871,214,100066,214,99837,214,100078,100,99785,100,100105,100,99709,100,100186,100,99628,100,100475,100,99589,100,100484,100,99489,100,100581,100,99460,100
2019-06-28 09:51:10.330557126,99977,114,99966,614,100021,214,99939,314,100063,214,99871,214,100066,214,99837,214,100078,100,99785,100,100105,100,99709,100,100186,100,99628,100,100475,100,99589,100,100484,100,99489,100,100581,100,99452,100
2019-06-28 09:51:20.000000000,100021,255,99966,655,100063,251,99939,351,100066,251,99871,251,100078,100,99837,100,100105,100,99785,100,100186,100,99709,100,100475,100,99628,100,100484,100,99589,100,100581,100,99489,100,100747,100,99452,100
2019-06-28 09:51:30.000000000,100021,557,99966,957,100063,100,99939,200,100066,100,99871,100,100078,100,99837,100,100105,100,99785,100,100186,100,99709,100,100475,100,99628,100,100484,100,99589,100,100581,100,99489,100,100747,100,99452,100
2019-06-28 09:51:30.945487581,100021,557,99966,957,100063,100,99939,200,100066,100,99871,100,100078,100,99837,100,100105,100,99785,100,100186,100,99709,100,100475,100,99628,100,100484,100,99589,100,100581,100,99452,100,100747,100,99441,100
2019-06-28 09:51:40.000000000,100021,191,99966,591,100063,191,99939,291,100066,191,99871,191,100078,191,99837,191,100105,191,99785,191,100186,100,99709,100,100475,100,99628,100,100484,100,99589,100,100581,100,99452,100,100747,100,99441,100
2019-06-28 09:51:44.137480254,100021,191,99970,100,100063,191,99966,491,100066,191,99939,291,100078,191,99871,191,100105,191,99837,191,100186,100,99785,191,100475,100,99709,100,100484,100,99628,100,100581,100,99589,100,100747,100,99452,100
2019-06-28 09:51:50.000000000,100021,328,99970,328,100063,328,99966,628,100066,100,99939,200,100078,100,99871,100,100105,100,99837,100,100186,100,99785,100,100475,100,99709,100,100484,100,99628,100,100581,100,99589,100,100747,100,99452,100
2019-06-28 09:51:51.924946464,100021,228,99970,328,100063,328,99966,628,100066,100,99939,200,100078,100,99871,100,100105,100,99837,100,100186,100,99785,100,100475,100,99709,100,100484,100,99628,100,100581,100,99589,100,100747,100,99452,100
2019-06-28 09:51:53.002607085,100021,128,99970,328,100063,328,99966,628,100066,100,99939,200,100078,100,99871,100,100105,100,99837,100,100186,100,99785,100,100475,100,99709,100,100484,100,99628,100,100581,100,99589,100,100747,100,99441,100
2019-06-28 09:52:00.000000000,100063,557,99970,557,100066,100,99966,400,100078,100,99939,200,100105,100,99871,100,100186,100,99837,100,100475,100,99785,100,100484,100,99709,100,100581,100,99628,100,100747,100,99589,100,100789,100,99441,100
2019-06-28 09:52:10.000000000,100063,214,99970,214,100066,214,99966,514,100078,214,99939,314,100105,214,99871,214,100186,100,99837,100,100475,100,99785,100,100484,100,99709,100,100581,100,99628,100,100747,100,99589,100,100789,100,99441,100
2019-06-28 09:52:13.994691083,100063,214,100021,100,100066,214,99970,214,100078,214,99966,514,100105,214,99939,314,100186,100,99871,214,100475,100,99837,100,100484,100,99785,100,100581,100,99709,100,100747,100,99628,100,100789,100,99589,100
2019-06-28 09:52:20.000000000,100063,191,100021,191,100066,191,99970,191,100078,191,99966,491,100105,191,99939,291,100186,191,99871,191,100475,100,99837,100,100484,100,99785,100,100581,100,99709,100,100747,100,99628,100,100789,100,99589,100
2019-06-28 09:52:24.260901879,100063,191,100021,191,100066,191,99970,191,100078,191,99966,491,100105,191,99939,291,100186,191,99871,191,100475,100,99837,100,100484,100,99785,100,100581,100,99628,100,100747,100,99589,100,100789,100,99441,100
2019-06-28 09:52:30.000000000,100063,191,100021,191,100066,191,99970,191,100078,191,99966,491,100105,191,99939,291,100186,191,99871,191,100475,100,99837,100,100484,100,99785,100,100581,100,99628,100,100747,100,99589,100,100789,100,99441,100
2019-06-28 09:52:30.597508977,100063,191,100021,291,100066,191,99970,191,100078,191,99966,491,100105,191,99939,291,100186,191,99871,191,100475,100,99837,100,100484,100,99785,100,100581,100,99628,100,100747,100,99589,100,100789,100,99441,100
2019-06-28 09:52:34.561652425,100063,191,100021,291,100066,191,99970,191,100078,191,99966,491,100105,191,99939,291,100186,191,99871,191,100475,100,99837,100,100484,100,99785,100,100581,100,99628,100,100747,100,99589,100,100789,100,99441,100
2019-06-28 09:52:40.000000000,100063,328,100021,428,100066,328,99970,328,100078,100,99966,400,100105,100,99939,200,100186,100,99871,100,100475,100,99837,100,100484,100,99785,100,100581,100,99628,100,100747,100,99589,100,100789,100,99441,100
2019-06-28 09:52:50.000000000,100063,557,100021,657,100066,100,99970,100,100078,100,99966,400,100105,100,99939,200,100186,100,99871,100,100475,100,99837,100,100484,100,99785,100,100581,100,99628,100,100747,100,99589,100,100789,100,99441,100
2019-06-28 09:52:51.649069241,100063,557,100021,657,100066,100,99970,100,100078,100,99966,400,100105,100,99939,200,100186,100,99871,100,100475,100,99837,100,100484,100,99785,100,100581,100,99628,100,100747,100,99589,100,100789,100,99441,100
2019-06-28 09:53:00.000000000,100063,328,100021,428,100066,328,99970,328,100078,100,99966,400,100105,100,99939,200,100186,100,99871,100,100475,100,99837,100,100484,100,99785,100,100581,100,99628,100,100747,100,99589,100,100789,100,99441,100
2019-06-28 09:53:04.470790218,100063,228,100021,428,100066,328,99970,328,100078,100,99966,400,100105,100,99939,200,100186,100,99871,100,100475,100,99837,100,100484,100,99785,100,100581,100,99628,100,100747,100,99589,100,100789,100,99441,100
2019-06-28 09:53:09.520450417,100063,228,100022,100,100066,328,100021,428,100078,100,99970,328,100105,100,99966,400,100186,100,99939,100,100475,100,99871,100,100484,100,99837,100,100581,100,99785,100,100747,100,99628,100,100789,100,99589,100
2019-06-28 09:53:10.000000000,100066,191,100022,191,100078,191,100021,291,100105,191,99970,191,100186,191,99966,491,100475,191,99939,191,100484,100,99871,100,100581,100,99837,100,100747,100,99785,100,100789,100,99628,100,100809,100,99589,100
2019-06-28 09:53:20.000000000,100066,191,100022,191,100078,191,100021,291,100105,191,99970,191,100186,191,99966,491,100475,191,99939,191,100484,100,99871,100,100581,100,99837,100,100747,100,99785,100,100789,100,99628,100,100809,100,99589,100
2019-06-28 09:53:30.000000000,100066,557,100022,557,100078,100,100021,200,100105,100,99970,100,100186,100,99966,400,100475,100,99939,100,100484,100,99871,100,100581,100,99837,100,100747,100,99785,100,100789,100,99628,100,100809,100,99589,100
2019-06-28 09:53:40.000000000,100066,214,100022,214,100078,214,100021,314,100105,214,99970,214,100186,214,99966,514,100475,100,99939,100,100484,100,99871,100,100581,100,99837,100,100747,100,99785,100,100789,100,99628,100,100809,100,99589,100
2019-06-28 09:53:46.277185291,100066,214,100022,214,100078,214,100021,314,100105,214,99970,214,100186,214,99966,514,100475,100,99939,100,100484,100,99871,100,100581,100,99837,100,100646,100,99785,100,100747,100,99628,100,100789,100,99589,100
2019-06-28 09:53:50.000000000,100066,557,100022,557,100078,100,100021,200,100105,100,99970,100,100186,100,99966,400,100475,100,99939,100,100484,100,99871,100,100581,100,99837,100,100646,100,99785,100,100747,100,99628,100,100789,100,99589,100
2019-06-28 09:54:00.000000000,100066,557,100022,557,100078,100,100021,200,100105,100,99970,100,100186,100,99966,400,100475,100,99939,100,100484,100,99871,100,100581,100,99837,100,100646,100,99785,100,100747,100,99628,100,100789,100,99589,100
2019-06-28 09:54:02.900256203,100066,457,100022,557,100078,100,100021,200,100105,100,99970,100,100186,100,99966,400,100475,100,99939,100,100484,100,99837,100,100581,100,99785,100,100646,100,99628,100,100747,100,99589,100,100789,100,99441,100
2019-06-28 09:54:03.717275216,100066,457,100022,557,100078,100,100021,200,100105,100,99970,100,100186,100,99966,400,100475,100,99939,100,100484,100,99837,100,100581,100,99785,100,100646,100,99628,100,100689,100,99589,100,100789,100,99441,100
2019-06-28 09:54:10.000000000,100078,191,100022,191,100105,191,100021,291,100186,191,99970,191,100475,191,99966,491,100484,191,99939,191,100581,100,99837,100,100646,100,99785,100,100689,100,99628,100,100789,100,99589,100,100809,100,99441,100
2019-06-28 09:54:11.750596553,100078,91,100022,191,100105,191,100021,291,100186,191,99970,191,100475,191,99966,491,100484,191,99939,191,100581,100,99837,100,100646,100,99785,100,100689,100,99628,100,100789,100,99589,100,100809,100,99441,100
2019-06-28 09:54:20.000000000,100105,255,100022,255,100186,251,100021,351,100475,251,99970,251,100484,100,99966,400,100581,100,99939,100,100646,100,99837,100,100689,100,99785,100,100789,100,99628,100,100809,100,99589,100,100981,100,99441,100
2019-06-28 09:54:20.985080584,100105,255,100066,100,100186,251,100022,255,100475,251,100021,351,100484,100,99970,251,100581,100,99966,300,100646,100,99939,100,100689,100,99837,100,100789,100,99785,100,100809,100,99628,100,100981,100,99589,100
2019-06-28 09:54:25.248475420,100105,155,100066,100,100186,251,100022,255,100475,251,100021,351,100484,100,99970,251,100581,100,99966,300,100646,100,99939,100,100689,100,99837,100,100789,100,99785,100,100809,100,99628,100,100981,100,99589,100
2019-06-28 09:54:30.000000000,100186,255,100066,255,100475,251,100022,251,100484,251,100021,351,100581,100,99970,100,100646,100,99966,300,100689,100,99939,100,100789,100,99837,100,100809,100,99785,100,100981,100,99628,100,100982,100,99589,100
2019-06-28 09:54:40.000000000,100186,557,100066,557,100475,100,100022,100,100484,100,100021,200,100581,100,99970,100,100646,100,99966,300,100689,100,99939,100,100789,100,99837,100,100809,100,99785,100,100981,100,99628,100,100982,100,99589,100
2019-06-28 09:54:41.062329869,100186,557,100066,557,100475,100,100022,100,100484,100,100021,200,100581,100,99970,100,100646,100,99966,300,100689,100,99939,100,100789,100,99837,100,100809,100,99785,100,100981,100,99628,100,100982,100,99589,100
2019-06-28 09:54:50.000000000,100186,255,100066,255,100475,251,100022,251,100484,251,100021,351,100581,100,99970,100,100646,100,99966,300,100689,100,99939,100,100789,100,99837,100,100809,100,99785,100,100981,100,99628,100,100982,100,99589,100
2019-06-28 09:54:57.830258093,100186,255,100078,100,100475,251,100066,255,100484,251,100022,251,100581,100,100021,351,100646,100,99970,100,100689,100,99966,300,100789,100,99939,100,100809,100,99837,100,100981,100,99785,100,100982,100,99628,100
2019-06-28 09:55:00.000000000,100186,328,100078,328,100475,328,100066,328,100484,100,100022,100,100581,100,100021,200,100646,100,99970,100,100689,100,99966,300,100789,100,99939,100,100809,100,99837,100,100981,100,99785,100,100982,100,99628,100
2019-06-28 09:55:00.681770513,100186,228,100078,328,100475,328,100066,328,100484,100,100022,100,100581,100,100021,200,100646,100,99970,100,100689,100,99966,300,100789,100,99939,100,100809,100,99837,100,100981,100,99785,100,100982,100,99628,100
2019-06-28 09:55:04.529085086,100186,228,100078,328,100475,328,100066,328,100484,100,100022,100,100581,100,100021,200,100646,100,99970,100,100689,100,99966,300,100789,100,99939,100,100809,100,99837,100,100981,100,99785,100,100982,100,99628,100
2019-06-28 09:55:07.929986657,100186,228,100078,328,100475,328,100066,328,100484,100,100022,100,100581,100,100021,200,100646,100,99970,100,100689,100,99966,300,100789,100,99939,100,100809,100,99837,100,100914,100,99785,100,100981,100,99628,100
2019-06-28 09:55:10.000000000,100475,214,100078,214,100484,214,100066,214,100581,214,100022,214,100646,214,100021,314,100689,100,99970,100,100789,100,99966,300,100809,100,99939,100,100914,100,99837,100,100981,100,99785,100,100982,100,99628,100
2019-06-28 09:55:12.939512288,100475,214,100078,214,100484,214,100066,214,100581,214,100022,214,100646,214,100021,314,100689,100,99970,100,100789,100,99966,300,100809,100,99939,100,100914,100,99837,100,100981,100,99785,100,100982,100,99628,100
2019-06-28 09:55:20.000000000,100475,214,100078,214,100484,214,100066,214,100581,214,100022,214,100646,214,100021,314,100689,100,99970,100,100789,100,99966,300,100809,100,99939,100,100914,100,99837,100,100981,100,99785,100,100982,100,99628,100
2019-06-28 09:55:28.708222493,100475,114,100078,214,100484,214,100066,214,100581,214,100022,214,100646,214,100021,314,100689,100,99970,100,100789,100,99966,300,100809,100,99939,100,100914,100,99837,100,100981,100,99785,100,100982,100,99628,100
2019-06-28 09:55:30.000000000,100484,214,100078,214,100581,214,100066,214,100646,214,100022,214,100689,214,100021,314,100789,100,99970,100,100809,100,99966,300,100914,100,99939,100,100981,100,99837,100,100982,100,99785,100,101068,100,99628,100
2019-06-28 09:55:40.000000000,100484,557,100078,557,100581,100,100066,100,100646,100,100022,100,100689,100,100021,200,100789,100,99970,100,100809,100,99966,300,100914,100,99939,100,100981,100,99837,100,100982,100,99785,100,101068,100,99628,100
2019-06-28 09:55:47.461429007,100484,557,100186,100,100581,100,100078,557,100646,100,100066,100,100689,100,100022,100,100789,100,100021,200,100809,100,99970,100,100914,100,99966,300,100981,100,99939,100,100982,100,99837,100,101068,100,99785,100
2019-06-28 09:55:50.000000000,100484,255,100186,255,100581,251,100078,251,100646,251,100066,251,100689,100,100022,100,100789,100,100021,200,100809,100,99970,100,100914,100,99966,300,100981,100,99939,100,100982,100,99837,100,101068,100,99785,100
2019-06-28 09:56:00.000000000,100484,191,100186,191,100581,191,100078,191,100646,191,100066,191,100689,191,100022,191,100789,191,100021,291,100809,100,99970,100,100914,100,99966,300,100981,100,99939,100,100982,100,99837,100,101068,100,99785,100
2019-06-28 09:56:00.088528931,100484,191,100186,291,100581,191,100078,191,100646,191,100066,191,100689,191,100022,191,100789,191,100021,291,100809,100,99970,100,100914,100,99966,300,100981,100,99939,100,100982,100,99837,100,101068,100,99785,100
2019-06-28 09:56:02.844083782,100484,191,100186,391,100581,191,100078,191,100646,191,100066,191,100689,191,100022,191,100789,191,100021,291,100809,100,99970,100,100914,100,99966,300,100981,100,99939,100,100982,100,99837,100,101068,100,99785,100
2019-06-28 09:56:10.000000000,100484,557,100186,757,100581,100,100078,100,100646,100,100066,100,100689,100,100022,100,100789,100,100021,200,100809,100,99970,100,100914,100,99966,300,100981,100,99939,100,100982,100,99837,100,101068,100,99785,100
2019-06-28 09:56:20.000000000,100484,255,100186,455,100581,251,100078,251,100646,251,100066,251,100689,100,100022,100,100789,100,100021,200,100809,100,99970,100,100914,100,99966,300,100981,100,99939,100,100982,100,99837,100,101068,100,99785,100
2019-06-28 09:56:30.000000000,100484,328,100186,528,100581,328,100078,328,100646,100,100066,100,100689,100,100022,100,100789,100,100021,200,100809,100,99970,100,100914,100,99966,300,100981,100,99939,100,100982,100,99837,100,101068,100,99785,100
2019-06-28 09:56:40.000000000,100484,214,100186,414,100581,214,100078,214,100646,214,100066,214,100689,214,100022,214,100789,100,100021,200,100809,100,99970,100,100914,100,99966,300,100981,100,99939,100,100982,100,99837,100,101068,100,99785,100
2019-06-28 09:56:50.000000000,100484,214,100186,414,100581,214,100078,214,100646,214,100066,214,100689,214,100022,214,100789,100,100021,200,100809,100,99970,100,100914,100,99966,300,100981,100,99939,100,100982,100,99837,100,101068,100,99785,100
2019-06-28 09:56:59.954455446,100484,214,100186,414,100581,214,100078,214,100646,214,100066,214,100689,214,100022,214,100789,100,100021,200,100809,100,99970,100,100914,100,99966,300,100981,100,99939,100,100982,100,99837,100,101068,100,99785,100
2019-06-28 09:57:00.000000000,100484,328,100186,528,100581,328,100078,328,100646,100,100066,100,100689,100,100022,100,100789,100,100021,200,100809,100,99970,100,100914,100,99966,300,100981,100,99939,100,100982,100,99837,100,101068,100,99785,100
2019-06-28 09:57:02.232648854,100484,328,100186,528,100581,328,100078,328,100646,100,100066,100,100689,100,100022,100,100789,100,100021,200,100809,100,99966,300,100914,100,99939,100,100981,100,99837,100,100982,100,99785,100,101068,100,99628,100
2019-06-28 09:57:10.000000000,100484,557,100186,757,100581,100,100078,100,100646,100,100066,100,100689,100,100022,100,100789,100,100021,200,100809,100,99966,300,100914,100,99939,100,100981,100,99837,100,100982,100,99785,100,101068,100,99628,100
2019-06-28 09:57:14.989501805,100484,457,100186,757,100581,100,100078,100,100646,100,100066,100,100689,100,100022,100,100789,100,100021,200,100809,100,99966,300,100914,100,99939,100,100982,100,99837,100,101068,100,99785,100,101074,100,99628,100
2019-06-28 09:57:20.000000000,100581,328,100186,528,100646,328,100078,328,100689,100,100066,100,100789,100,100022,100,100809,100,100021,200,100914,100,99966,300,100982,100,99939,100,101068,100,99837,100,101074,100,99785,100,101081,100,99628,100
2019-06-28 09:57:22.331421221,100581,328,100475,100,100646,328,100186,528,100689,100,100078,328,100789,100,100066,100,100809,100,100022,100,100914,100,100021,200,100982,100,99966,300,101068,100,99939,100,101074,100,99837,100,101081,100,99785,100
2019-06-28 09:57:30.000000000,100581,255,100475,255,100646,251,100186,451,100689,251,100078,251,100789,100,100066,100,100809,100,100022,100,100914,100,100021,200,100982,100,99966,300,101068,100,99939,100,101074,100,99837,100,101081,100,99785,100
2019-06-28 09:57:38.892358893,100581,155,100475,255,100646,251,100186,451,100689,251,100078,251,100789,100,100066,100,100809,100,100022,100,100982,100,100021,200,101068,100,99966,300,101074,100,99939,100,101081,100,99837,100,101107,100,99785,100
2019-06-28 09:57:40.000000000,100646,557,100475,557,100689,100,100186,300,100789,100,100078,100,100809,100,100066,100,100982,100,100022,100,101068,100,100021,200,101074,100,99966,300,101081,100,99939,100,101107,100,99837,100,101331,100,99785,100
2019-06-28 09:57:50.000000000,100646,557,100475,557,100689,100,100186,300,100789,100,100078,100,100809,100,100066,100,100982,100,100022,100,101068,100,100021,200,101074,100,99966,300,101081,100,99939,100,101107,100,99837,100,101331,100,99785,100
2019-06-28 09:58:00.000000000,100646,328,100475,328,100689,328,100186,528,100789,100,100078,100,100809,100,100066,100,100982,100,100022,100,101068,100,100021,200,101074,100,99966,300,101081,100,99939,100,101107,100,99837,100,101331,100,99785,100
2019-06-28 09:58:10.000000000,100646,255,100475,255,100689,251,100186,451,100789,251,100078,251,100809,100,100066,100,100982,100,100022,100,101068,100,100021,200,101074,100,99966,300,101081,100,99939,100,101107,100,99837,100,101331,100,99785,100
2019-06-28 09:58:20.000000000,100646,255,100475,255,100689,251,100186,451,100789,251,100078,251,100809,100,100066,100,100982,100,100022,100,101068,100,100021,200,101074,100,99966,300,101081,100,99939,100,101107,100,99837,100,101331,100,99785,100
2019-06-28 09:58:20.503587394,100646,255,100475,255,100689,251,100186,451,100789,251,100078,251,100809,100,100066,100,100982,100,100022,100,101046,100,100021,200,101068,100,99966,300,101074,100,99939,100,101081,100,99837,100,101107,100,99785,100
2019-06-28 09:58:30.000000000,100646,328,100475,328,100689,328,100186,528,100789,100,100078,100,100809,100,100066,100,100982,100,100022,100,101046,100,100021,200,101068,100,99966,300,101074,100,99939,100,101081,100,99837,100,101107,100,99785,100
2019-06-28 09:58:40.000000000,100646,328,100475,328,100689,328,100186,528,100789,100,100078,100,100809,100,100066,100,100982,100,100022,100,101046,100,100021,200,101068,100,99966,300,101074,100,99939,100,101081,100,99837,100,101107,100,99785,100
2019-06-28 09:58:50.000000000,100646,214,100475,214,100689,214,100186,414,100789,214,100078,214,100809,214,100066,214,100982,100,100022,100,101046,100,100021,200,101068,100,99966,300,101074,100,99939,100,101081,100,99837,100,101107,100,99785,100
2019-06-28 09:58:57.476031919,100646,114,100475,214,100689,214,100186,414,100789,214,100078,214,100809,214,100066,214,100910,100,100022,100,100982,100,100021,200,101046,100,99966,300,101068,100,99939,100,101074,100,99837,100,101081,100,99785,100
2019-06-28 09:59:00.000000000,100689,557,100475,557,100789,100,100186,300,100809,100,100078,100,100910,100,100066,100,100982,100,100022,100,101046,100,100021,200,101068,100,99966,300,101074,100,99939,100,101081,100,99837,100,101107,100,99785,100
2019-06-28 09:59:03.740603711,100689,557,100484,100,100789,100,100475,557,100809,100,100186,300,100910,100,100078,100,100982,100,100066,100,101046,100,100022,100,101068,100,100021,200,101074,100,99966,300,101081,100,99939,100,101107,100,99837,100
2019-06-28 09:59:10.000000000,100689,255,100484,255,100789,251,100475,251,100809,251,100186,451,100910,100,100078,100,100982,100,100066,100,101046,100,100022,100,101068,100,100021,200,101074,100,99966,300,101081,100,99939,100,101107,100,99837,100
2019-06-28 09:59:14.162817461,100689,155,100484,255,100789,251,100475,251,100809,251,100186,451,100910,100,100078,100,100982,100,100066,100,101046,100,100022,100,101068,100,100021,200,101074,100,99966,300,101081,100,99939,100,101107,100,99837,100
2019-06-28 09:59:19.020536190,100689,155,100581,100,100789,251,100484,255,100809,251,100475,251,100910,100,100186,351,100982,100,100078,100,101046,100,100066,100,101068,100,100022,100,101074,100,100021,200,101081,100,99966,300,101107,100,99939,100
2019-06-28 09:59:20.000000000,100789,214,100581,214,100809,214,100484,214,100910,214,100475,214,100982,214,100186,314,101046,100,100078,100,101068,100,100066,100,101074,100,100022,100,101081,100,100021,200,101107,100,99966,300,101331,100,99939,100
2019-06-28 09:59:23.143557177,100789,214,100581,314,100809,214,100484,214,100910,214,100475,214,100982,214,100186,314,101046,100,100078,100,101068,100,100066,100,101074,100,100021,200,101081,100,99966,300,101107,100,99939,100,101331,100,99837,100
2019-06-28 09:59:23.188867693,100789,114,100581,314,100809,214,100484,214,100910,214,100475,214,100982,114,100186,314,101046,100,100078,100,101068,100,100066,100,101074,100,100021,200,101081,100,99966,300,101107,100,99939,100,101331,100,99837,100
2019-06-28 09:59:30.000000000,100809,214,100581,314,100910,214,100484,214,101046,214,100475,214,101068,214,100186,314,101074,100,100078,100,101081,100,100066,100,101107,100,100021,200,101331,100,99966,300,101352,100,99939,100,,,99837,100
2019-06-28 09:59:40.000000000,100809,191,100581,291,100910,191,100484,191,101046,191,100475,191,101068,191,100186,291,101074,191,100078,191,101081,100,100066,100,101107,100,100021,200,101331,100,99966,300,101352,100,99939,100,,,99837,100
2019-06-28 09:59:50.000000000,100809,557,100581,657,100910,100,100484,100,101046,100,100475,100,101068,100,100186,200,101074,100,100078,100,101081,100,100066,100,101107,100,100021,200,101331,100,99966,300,101352,100,99939,100,,,99837,100
2019-06-28 10:00:00.000000000,100809,328,100581,428,100910,328,100484,328,101046,100,100475,100,101068,100,100186,200,101074,100,100078,100,101081,100,100066,100,101107,100,100021,200,101331,100,99966,300,101352,100,99939,100,,,99837,100
2019-06-28 10:00:10.000000000,100809,191,100581,291,100910,191,100484,191,101046,191,100475,191,101068,191,100186,291,101074,191,100078,191,101081,100,100066,100,101107,100,100021,200,101331,100,99966,300,101352,100,99939,100,,,99837,100
2019-06-28 10:00:10.150955498,100809,191,100581,291,100910,191,100484,191,101046,191,100475,191,101068,191,100186,191,101074,191,100078,191,101081,100,100066,100,101107,100,100021,200,101331,100,99966,300,101352,100,99939,100,,,99837,100
2019-06-28 10:00:18.561439804,100809,91,100747,100,100910,191,100581,291,101046,191,100484,191,101068,191,100475,191,101074,191,100186,191,101081,100,100078,191,101107,100,100066,100,101331,100,100021,200,101352,100,99966,300,,,99939,100
2019-06-28 10:00:20.000000000,100910,191,100747,191,101046,191,100581,291,101068,191,100484,191,101074,191,100475,191,101081,191,100186,191,101107,100,100078,100,101331,100,100066,100,101352,100,100021,200,,,99966,300,,,99939,100
2019-06-28 10:00:30.000000000,100910,214,100747,214,101046,214,100581,314,101068,214,100484,214,101074,214,100475,214,101081,100,100186,100,101107,100,100078,100,101331,100,100066,100,101352,100,100021,200,,,99966,300,,,99939,100
2019-06-28 10:00:32.973600782,100910,114,100747,214,101046,214,100581,314,101068,214,100484,214,101074,214,100475,214,101081,100,100186,100,101331,100,100078,100,101352,100,100066,100,,,100021,200,,,99966,300,,,99939,100
2019-06-28 10:00:40.000000000,101046,191,100747,191,101068,191,100581,291,101074,191,100484,191,101081,191,100475,191,101331,191,100186,191,101352,100,100078,100,,,100066,100,,,100021,200,,,99966,300,,,99939,100
2019-06-28 10:00:50.000000000,101046,191,100747,191,101068,191,100581,291,101074,191,100484,191,101081,191,100475,191,101331,191,100186,191,101352,100,100078,100,,,100066,100,,,100021,200,,,99966,300,,,99939,100
2019-06-28 10:00:50.185520995,101046,191,100861,100,101068,191,100747,191,101074,191,100581,291,101081,191,100484,191,101331,191,100475,191,101352,100,100186,191,,,100078,100,,,100066,100,,,100021,200,,,99966,300
2019-06-28 10:00:50.565399439,101046,191,100861,100,101068,191,100780,100,101074,191,100747,191,101081,191,100581,291,101331,191,100484,191,101352,100,100475,191,,,100186,191,,,100078,100,,,100066,100,,,100021,200
2019-06-28 10:00:51.674145223,101046,191,100861,100,101068,191,100780,100,101074,191,100747,191,101080,100,100581,291,101081,191,100484,191,101331,191,100475,191,101352,100,100186,191,,,100078,100,,,100066,100,,,100021,200
2019-06-28 10:01:00.000000000,101046,191,100861,191,101068,191,100780,191,101074,191,100747,191,101080,191,100581,291,101081,191,100484,191,101331,100,100475,100,101352,100,100186,100,,,100078,100,,,100066,100,,,100021,200
2019-06-28 10:01:02.407146886,101046,191,100861,191,101068,191,100789,100,101074,191,100780,191,101080,191,100747,191,101081,191,100581,291,101331,100,100484,191,101352,100,100475,100,,,100186,100,,,100078,100,,,100066,100
2019-06-28 10:01:10.000000000,101046,214,100861,214,101068,214,100789,214,101074,214,100780,214,101080,214,100747,214,101081,100,100581,200,101331,100,100484,100,101352,100,100475,100,,,100186,100,,,100078,100,,,100066,100
2019-06-28 10:01:20.000000000,101046,255,100861,255,101068,251,100789,251,101074,251,100780,251,101080,100,100747,100,101081,100,100581,200,101331,100,100484,100,101352,100,100475,100,,,100186,100,,,100078,100,,,100066,100
2019-06-28 10:01:23.083246676,101046,255,100861,155,101068,251,100789,251,101074,251,100780,251,101080,100,100747,100,101331,100,100581,200,101352,100,100484,100,,,100475,100,,,100186,100,,,100078,100,,,100066,100
2019-06-28 10:01:23.424772805,101046,255,100861,155,101068,251,100789,251,101074,251,100780,251,101080,100,100753,100,101331,100,100747,100,101352,100,100581,200,,,100484,100,,,100475,100,,,100186,100,,,100078,100
2019-06-28 10:01:30.000000000,101046,557,100789,557,101068,100,100780,100,101074,100,100753,100,101080,100,100747,100,101331,100,100581,200,101352,100,100484,100,,,100475,100,,,100186,100,,,100078,100,,,100066,100
2019-06-28 10:01:40.000000000,101046,328,100789,328,101068,328,100780,328,101074,100,100753,100,101080,100,100747,100,101331,100,100581,200,101352,100,100484,100,,,100475,100,,,100186,100,,,100078,100,,,100066,100
2019-06-28 10:01:40.374050409,100828,100,100789,328,101046,228,100780,328,101068,328,100753,100,101074,100,100747,100,101080,100,100581,200,101331,100,100484,100,101352,100,100475,100,,,100186,100,,,100078,100,,,100066,100
2019-06-28 10:01:50.000000000,100828,191,100789,191,101068,191,100780,191,101074,191,100753,191,101080,191,100747,191,101331,191,100581,291,101352,100,100484,100,,,100475,100,,,100186,100,,,100078,100,,,100066,100
2019-06-28 10:02:00.000000000,100828,214,100789,214,101068,214,100780,214,101074,214,100753,214,101080,214,100747,214,101331,100,100581,200,101352,100,100484,100,,,100475,100,,,100186,100,,,100078,100,,,100066,100
2019-06-28 10:02:09.637786040,100828,214,100789,214,101068,214,100780,214,101074,214,100753,214,101080,214,100747,214,101331,100,100581,200,101344,100,100484,100,101352,100,100475,100,,,100186,100,,,100078,100,,,100066,100
2019-06-28 10:02:10.000000000,100828,328,100789,328,101068,328,100780,328,101074,100,100753,100,101080,100,100747,100,101331,100,100581,200,101344,100,100484,100,101352,100,100475,100,,,100186,100,,,100078,100,,,100066,100
2019-06-28 10:02:20.000000000,100828,255,100789,255,101068,251,100780,251,101074,251,100753,251,101080,100,100747,100,101331,100,100581,200,101344,100,100484,100,101352,100,100475,100,,,100186,100,,,100078,100,,,100066,100
2019-06-28 10:02:27.761442180,100808,100,100789,255,100828,255,100780,251,101068,251,100753,251,101074,251,100747,100,101080,100,100581,200,101331,100,100484,100,101344,100,100475,100,101352,100,100186,100,,,100078,100,,,100066,100
2019-06-28 10:02:30.000000000,100808,214,100789,214,100828,214,100780,214,101068,214,100753,214,101074,214,100747,214,101080,100,100581,200,101331,100,100484,100,101344,100,100475,100,101352,100,100186,100,,,100078,100,,,100066,100
2019-06-28 10:02:40.000000000,100808,255,100789,255,100828,251,100780,251,101068,251,100753,251,101074,100,100747,100,101080,100,100581,200,101331,100,100484,100,101344,100,100475,100,101352,100,100186,100,,,100078,100,,,100066,100
2019-06-28 10:02:50.000000000,100808,214,100789,214,100828,214,100780,214,101068,214,100753,214,101074,214,100747,214,101080,100,100581,200,101331,100,100484,100,101344,100,100475,100,101352,100,100186,100,,,100078,100,,,100066,100
2019-06-28 10:02:51.647076044,100808,214,100789,214,100828,214,100780,214,101068,214,100753,214,101074,214,100747,214,101080,100,100581,200,101331,100,100484,100,101344,100,100475,100,101352,100,100334,100,,,100186,100,,,100078,100
2019-06-28 10:02:58.829181101,100808,214,100789,214,100828,214,100780,214,101068,214,100753,214,101074,214,100747,214,101080,100,100581,200,101331,100,100484,100,101344,100,100475,100,101352,100,100468,100,,,100334,100,,,100186,100
2019-06-28 10:03:00.000000000,100808,557,100789,557,100828,100,100780,100,101068,100,100753,100,101074,100,100747,100,101080,100,100581,200,101331,100,100484,100,101344,100,100475,100,101352,100,100468,100,,,100334,100,,,100186,100
2019-06-28 10:03:04.084798341,100808,557,100789,457,100828,100,100780,100,101068,100,100753,100,101074,100,100747,100,101080,100,100581,200,101331,100,100484,100,101344,100,100475,100,101352,100,100468,100,,,100334,100,,,100186,100
2019-06-28 10:03:10.000000000,100808,557,100780,557,100828,100,100753,100,101068,100,100747,100,101074,100,100581,200,101080,100,100484,100,101331,100,100475,100,101344,100,100468,100,101352,100,100334,100,,,100186,100,,,100078,100
2019-06-28 10:03:20.000000000,100808,255,100780,255,100828,251,100753,251,101068,251,100747,251,101074,100,100581,200,101080,100,100484,100,101331,100,100475,100,101344,100,100468,100,101352,100,100334,100,,,100186,100,,,100078,100
2019-06-28 10:03:30.000000000,100808,214,100780,214,100828,214,100753,214,101068,214,100747,214,101074,214,100581,314,101080,100,100484,100,101331,100,100475,100,101344,100,100468,100,101352,100,100334,100,,,100186,100,,,100078,100
2019-06-28 10:03:40.000000000,100808,255,100780,255,100828,251,100753,251,101068,251,100747,251,101074,100,100581,200,101080,100,100484,100,101331,100,100475,100,101344,100,100468,100,101352,100,100334,100,,,100186,100,,,100078,100
2019-06-28 10:03:41.127531165,100808,155,100780,255,100828,251,100753,251,101068,251,100747,251,101074,100,100581,200,101080,100,100484,100,101331,100,100475,100,101344,100,100468,100,101352,100,100334,100,,,100186,100,,,100078,100
2019-06-28 10:03:41.424474641,100808,155,100780,255,100828,251,100753,251,101068,251,100747,251,101074,100,100581,200,101080,100,100484,100,101331,100,100475,100,101344,100,100468,100,101352,100,100334,100,,,100186,100,,,100078,100
2019-06-28 10:03:47.514804008,100807,100,100780,255,100808,155,100753,251,100828,251,100747,251,101068,251,100581,200,101074,100,100484,100,101080,100,100475,100,101331,100,100468,100,101344,100,100334,100,101352,100,100078,100,,,100066,100
2019-06-28 10:03:50.000000000,100807,255,100780,255,100828,251,100753,251,101068,251,100747,251,101074,100,100581,200,101080,100,100484,100,101331,100,100475,100,101344,100,100468,100,101352,100,100334,100,,,100078,100,,,100066,100
2019-06-28 10:04:00.000000000,100807,214,100780,214,100828,214,100753,214,101068,214,100747,214,101074,214,100581,314,101080,100,100484,100,101331,100,100475,100,101344,100,100468,100,101352,100,100334,100,,,100078,100,,,100066,100
2019-06-28 10:04:00.108241498,100807,214,100780,114,100828,214,100753,214,101068,214,100747,214,101074,214,100581,314,101080,100,100484,100,101331,100,100475,100,101344,100,100468,100,101352,100,100334,100,,,100078,100,,,100066,100
2019-06-28 10:04:01.018138022,100807,214,100780,14,100828,214,100753,214,101068,214,100747,214,101074,214,100581,314,101080,100,100484,100,101331,100,100475,100,101344,100,100468,100,101352,100,100334,100,,,100078,100,,,100066,100
2019-06-28 10:04:06.283365492,100807,214,100780,14,100828,214,100753,214,101068,214,100747,214,101074,114,100581,314,101080,100,100484,100,101331,100,100475,100,101344,100,100468,100,101352,100,100334,100,,,100078,100,,,100066,100
2019-06-28 10:04:10.000000000,100807,214,100753,214,100828,214,100747,214,101068,214,100581,314,101080,214,100484,214,101331,100,100475,100,101344,100,100468,100,101352,100,100334,100,,,100078,100,,,100066,100,,,100021,200
2019-06-28 10:04:11.233961124,100780,100,100753,214,100807,214,100747,214,100828,214,100581,314,101068,214,100484,214,101080,214,100475,100,101331,100,100468,100,101344,100,100334,100,101352,100,100078,100,,,100066,100,,,100021,200
2019-06-28 10:04:16.801295247,100780,100,100753,114,100807,214,100747,214,100828,214,100581,314,101068,214,100484,214,101080,214,100475,100,101331,100,100468,100,101344,100,100334,100,101352,100,100078,100,,,100066,100,,,100021,200
2019-06-28 10:04:20.000000000,100780,328,100747,328,100807,328,100581,428,100828,100,100484,100,101068,100,100475,100,101080,100,100468,100,101331,100,100334,100,101344,100,100078,100,101352,100,100066,100,,,100021,200,,,99966,200
2019-06-28 10:04:30.000000000,100780,557,100747,557,100807,100,100581,200,100828,100,100484,100,101068,100,100475,100,101080,100,100468,100,101331,100,100334,100,101344,100,100078,100,101352,100,100066,100,,,100021,200,,,99966,200
2019-06-28 10:04:40.000000000,100780,328,100747,328,100807,328,100581,428,100828,100,100484,100,101068,100,100475,100,101080,100,100468,100,101331,100,100334,100,101344,100,100078,100,101352,100,100066,100,,,100021,200,,,99966,200
2019-06-28 10:04:43.679229997,100780,328,100747,328,100807,328,100581,428,100828,100,100484,100,101068,100,100475,100,101080,100,100468,100,101331,100,100334,100,101344,100,100078,100,101352,100,100066,100,,,100021,200,,,99966,200
2019-06-28 10:04:50.000000000,100780,255,100747,255,100807,251,100581,351,100828,251,100484,251,101068,100,100475,100,101080,100,100468,100,101331,100,100334,100,101344,100,100078,100,101352,100,100066,100,,,100021,200,,,99966,200
2019-06-28 10:05:00.000000000,100780,328,100747,328,100807,328,100581,428,100828,100,100484,100,101068,100,100475,100,101080,100,100468,100,101331,100,100334,100,101344,100,100078,100,101352,100,100066,100,,,100021,200,,,99966,200
2019-06-28 10:05:09.140347449,100780,328,100747,328,100807,328,100581,428,100828,100,100484,100,101068,100,100475,100,101080,100,100468,100,101331,100,100334,100,101344,100,100078,100,101352,100,100066,100,,,100039,100,,,100021,200
2019-06-28 10:05:10.000000000,100780,255,100747,255,100807,251,100581,351,100828,251,100484,251,101068,100,100475,100,101080,100,100468,100,101331,100,100334,100,101344,100,100078,100,101352,100,100066,100,,,100039,100,,,100021,200
2019-06-28 10:05:13.104162424,100780,255,100747,255,100807,251,100581,351,100828,251,100484,251,101068,100,100475,100,101080,100,100468,100,101331,100,100334,100,101344,100,100255,100,101352,100,100078,100,,,100066,100,,,100039,100
2019-06-28 10:05:20.000000000,100780,328,100747,328,100807,328,100581,428,100828,100,100484,100,101068,100,100475,100,101080,100,100468,100,101331,100,100334,100,101344,100,100255,100,101352,100,100078,100,,,100066,100,,,100039,100
2019-06-28 10:05:27.482606718,100780,328,100747,328,100807,328,100581,428,100828,100,100484,100,101068,100,100475,100,101080,100,100468,100,101331,100,100334,100,101344,100,100255,100,101352,100,100078,100,,,100066,100,,,100039,100
2019-06-28 10:05:30.000000000,100780,214,100747,214,100807,214,100581,314,100828,214,100484,214,101068,214,100475,214,101080,100,100468,100,101331,100,100334,100,101344,100,100255,100,101352,100,100078,100,,,100066,100,,,100039,100
2019-06-28 10:05:38.754280912,100780,214,100747,214,100807,214,100581,314,100828,214,100484,214,101068,214,100475,214,101080,100,100468,100,101331,100,100334,100,101344,100,100255,100,101352,100,100111,100,,,100078,100,,,100066,100
2019-06-28 10:05:40.000000000,100780,214,100747,214,100807,214,100581,314,100828,214,100484,214,101068,214,100475,214,101080,100,100468,100,101331,100,100334,100,101344,100,100255,100,101352,100,100111,100,,,100078,100,,,100066,100
2019-06-28 10:05:50.000000000,100780,214,100747,214,100807,214,100581,314,100828,214,100484,214,101068,214,100475,214,101080,100,100468,100,101331,100,100334,100,101344,100,100255,100,101352,100,100111,100,,,100078,100,,,100066,100
2019-06-28 10:05:57.214081737,100780,214,100747,214,100807,214,100599,100,100828,214,100581,314,101068,214,100484,214,101080,100,100475,214,101331,100,100468,100,101344,100,100334,100,101352,100,100255,100,,,100111,100,,,100078,100
