,ask_price_1,ask_size_1,bid_price_1,bid_size_1,ask_price_2,ask_size_2,bid_price_2,bid_size_2,ask_price_3,ask_size_3,bid_price_3,bid_size_3,ask_price_4,ask_size_4,bid_price_4,bid_size_4,ask_price_5,ask_size_5,bid_price_5,bid_size_5,ask_price_6,ask_size_6,bid_price_6,bid_size_6,ask_price_7,ask_size_7,bid_price_7,bid_size_7,ask_price_8,ask_size_8,bid_price_8,bid_size_8,ask_price_9,ask_size_9,bid_price_9,bid_size_9,ask_price_10,ask_size_10,bid_price_10,bid_size_10
2019-06-28 09:30:00.000000001,,,100059,100,,,,,,,,,,,,,,,,,,,,,,,,,,,,,,,,,,,,
2019-06-28 09:30:00.000000004,,,100059,100,,,99866,100,,,,,,,,,,,,,,,,,,,,,,,,,,,,,,,,
2019-06-28 09:30:00.000000005,,,99866,100,,,,,,,,,,,,,,,,,,,,,,,,,,,,,,,,,,,,
2019-06-28 09:30:00.000000006,99971,100,99866,100,,,,,,,,,,,,,,,,,,,,,,,,,,,,,,,,,,,,
2019-06-28 09:30:00.000000007,99971,100,99866,100,,,99859,100,,,,,,,,,,,,,,,,,,,,,,,,,,,,,,,,
2019-06-28 09:30:00.000000008,99971,100,99866,100,100114,100,99859,100,,,,,,,,,,,,,,,,,,,,,,,,,,,,,,,,
2019-06-28 09:30:00.000000010,99971,100,99866,100,100114,100,99859,100,100180,100,,,,,,,,,,,,,,,,,,,,,,,,,,,,,,
2019-06-28 09:30:00.000000011,99971,100,99960,100,99979,100,99866,100,100015,100,99859,100,100114,100,,,100180,100,,,,,,,,,,,,,,,,,,,,,,
2019-06-28 09:30:00.000000012,99971,100,99963,100,99972,100,99960,100,99979,100,99866,100,100015,100,99859,100,100114,100,,,100180,100,,,,,,,,,,,,,,,,,,
2019-06-28 09:30:00.000000014,99972,100,99963,100,99979,100,99960,100,100015,100,99866,100,100048,100,99859,100,100114,100,,,100180,100,,,,,,,,,,,,,,,,,,
2019-06-28 09:30:00.000000015,99972,100,99963,100,99979,100,99960,100,100015,100,99866,100,100048,100,99859,100,100114,100,,,100119,100,,,100180,100,,,,,,,,,,,,,,
2019-06-28 09:30:00.000000016,99972,100,99971,100,99979,100,99963,100,100015,100,99960,100,100048,100,99866,100,100114,100,99859,100,100119,100,,,100180,100,,,,,,,,,,,,,,
2019-06-28 09:30:00.000000017,99972,100,99971,100,99979,100,99963,100,100015,100,99960,100,100048,200,99866,100,100114,100,99859,100,100119,100,,,100180,100,,,,,,,,,,,,,,
2019-06-28 09:30:00.000000018,99972,100,99971,100,99979,100,99963,100,100015,100,99960,100,100048,200,99866,100,100114,100,99859,100,100119,100,99852,100,100180,100,,,,,,,,,,,,,,
2019-06-28 09:30:00.000000021,99972,100,99971,100,99979,100,99963,200,100015,100,99960,100,100048,200,99866,100,100114,100,99859,100,100119,100,99852,100,100180,100,,,,,,,,,,,,,,
2019-06-28 09:30:00.000000023,99972,100,99971,100,99979,100,99963,200,100015,100,99960,100,100048,200,99866,100,100088,100,99859,100,100114,100,99852,100,100119,100,,,100180,100,,,,,,,,,,
2019-06-28 09:30:00.000000024,99972,100,99971,100,99979,100,99963,200,100015,100,99960,100,100048,200,99866,100,100059,100,99859,100,100088,100,99852,100,100114,100,,,100119,100,,,100180,100,,,,,,
2019-06-28 09:30:00.000000026,99972,100,99971,100,99979,100,99963,200,100015,100,99960,100,100048,200,99866,100,100059,200,99859,100,100088,100,99852,100,100114,100,,,100119,100,,,100180,100,,,,,,
2019-06-28 09:30:00.000000027,99972,100,99963,200,99979,100,99960,100,100015,100,99866,100,100048,200,99859,100,100059,200,99852,100,100088,100,,,100114,100,,,100119,100,,,100180,100,,,,,,
2019-06-28 09:30:00.000000029,99972,100,99963,200,99979,100,99962,100,100015,100,99960,100,100048,200,99866,100,100059,200,99859,100,100088,100,99852,100,100114,100,,,100119,100,,,100180,100,,,,,,
2019-06-28 09:30:00.000000031,99972,100,99963,200,99979,100,99962,100,100015,100,99960,100,100048,200,99866,100,100059,200,99859,100,100088,100,99852,100,100090,100,,,100114,100,,,100119,100,,,100180,100,,
2019-06-28 09:30:00.000000032,99972,100,99963,200,99979,100,99962,100,100015,100,99960,100,100048,200,99866,100,100059,200,99859,100,100088,100,99852,100,100090,100,,,100106,100,,,100114,100,,,100119,100,,
2019-06-28 09:30:00.000000033,99972,100,99971,100,99979,100,99963,200,100015,100,99962,100,100048,200,99960,100,100059,200,99866,100,100088,100,99859,100,100090,100,99852,100,100106,100,,,100114,100,,,100119,100,,
2019-06-28 09:30:00.000000036,99972,100,99971,200,99979,100,99963,200,100015,100,99962,100,100048,200,99960,100,100059,200,99866,100,100088,100,99859,100,100090,100,99852,100,100106,100,,,100114,100,,,100119,100,,
2019-06-28 09:30:00.000000038,99972,100,99971,200,99979,100,99963,200,100015,100,99962,100,100048,200,99960,100,100059,200,99866,100,100082,100,99859,100,100088,100,99852,100,100090,100,,,100106,100,,,100114,100,,
2019-06-28 09:30:00.000000039,99972,100,99971,200,99979,100,99963,200,100015,100,99962,100,100044,100,99960,100,100048,200,99866,100,100059,200,99859,100,100082,100,99852,100,100088,100,,,100090,100,,,100106,100,,
2019-06-28 09:30:00.000000041,99972,100,99971,200,99979,100,99963,200,100015,100,99962,100,100044,100,99960,100,100048,200,99932,100,100059,200,99866,100,100082,100,99859,100,100088,100,99852,100,100090,100,99827,100,100106,100,,
2019-06-28 09:30:00.000000042,99972,100,99971,200,99979,100,99963,200,100015,100,99962,100,100044,100,99960,100,100048,200,99951,100,100059,200,99932,100,100082,100,99866,100,100088,100,99859,100,100090,100,99852,100,100106,100,99827,100
2019-06-28 09:30:00.000000044,99972,100,99971,200,99979,100,99963,200,100015,100,99962,100,100044,100,99960,100,100048,200,99951,100,100059,200,99932,100,100082,100,99866,100,100088,100,99859,100,100090,100,99852,100,100106,100,99827,100
2019-06-28 09:30:00.000000050,99972,100,99971,300,99979,100,99963,200,100015,100,99962,100,100044,100,99960,100,100048,200,99951,100,100059,200,99932,100,100082,100,99866,100,100088,100,99859,100,100090,100,99852,100,100106,100,99827,100
2019-06-28 09:30:00.000000054,99972,100,99971,300,99979,100,99963,200,100015,100,99962,100,100044,100,99960,100,100048,200,99951,100,100059,200,99932,100,100082,100,99866,100,100088,100,99859,100,100090,100,99852,100,100094,100,99827,100
2019-06-28 09:30:00.000000055,99972,100,99971,300,99979,100,99963,200,100015,100,99962,100,100044,100,99960,100,100048,200,99951,100,100059,200,99932,100,100082,100,99885,100,100088,100,99866,100,100090,100,99859,100,100094,100,99852,100
2019-06-28 09:30:00.000000056,99972,100,99971,200,99979,100,99963,200,100015,100,99962,100,100044,100,99960,100,100048,200,99951,100,100059,200,99932,100,100082,100,99885,100,100088,100,99866,100,100090,100,99859,100,100094,100,99852,100
2019-06-28 09:30:00.000000057,99972,100,99971,200,99979,100,99963,200,100015,100,99962,100,100044,100,99960,100,100048,200,99951,100,100059,200,99932,100,100062,100,99885,100,100082,100,99866,100,100088,100,99859,100,100090,100,99852,100
2019-06-28 09:30:00.000000058,99972,100,99971,200,99979,100,99963,200,100015,100,99962,100,100044,100,99960,100,100048,200,99951,100,100059,200,99932,100,100062,100,99885,100,100082,100,99866,100,100088,100,99859,100,100090,100,99852,100
2019-06-28 09:30:00.000000059,99972,100,99971,200,99979,100,99963,200,100015,100,99962,100,100044,100,99960,100,100048,200,99951,100,100059,200,99932,100,100062,100,99885,100,100065,100,99866,100,100082,100,99859,100,100088,100,99852,100
2019-06-28 09:30:00.000000066,99979,100,99971,200,100015,100,99963,200,100044,100,99962,100,100048,200,99960,100,100059,200,99951,100,100062,100,99932,100,100065,100,99885,100,100082,100,99866,100,100088,100,99859,100,100090,100,99852,100
2019-06-28 09:30:00.000000069,99972,100,99971,200,99979,100,99963,200,99994,100,99962,100,100015,100,99960,100,100044,100,99951,100,100048,200,99932,100,100059,200,99898,100,100062,100,99885,100,100065,100,99866,100,100082,100,99859,100
2019-06-28 09:30:00.000000070,99972,100,99971,200,99979,100,99963,200,99994,100,99962,100,100015,100,99960,100,100044,100,99951,100,100048,200,99932,100,100059,200,99898,100,100062,100,99885,100,100065,100,99866,100,100082,100,99859,100
2019-06-28 09:30:00.000000072,99972,100,99971,200,99979,100,99963,200,99994,100,99962,100,100014,100,99960,100,100015,100,99951,100,100044,100,99932,100,100048,200,99898,100,100059,200,99885,100,100062,100,99866,100,100065,100,99859,100
2019-06-28 09:30:00.000000073,99972,100,99971,200,99979,100,99963,200,99994,100,99962,100,100014,100,99960,100,100015,100,99951,100,100044,100,99932,100,100048,200,99921,100,100059,200,99898,100,100062,100,99885,100,100065,100,99866,100
2019-06-28 09:30:00.000000075,99979,100,99971,200,99994,100,99963,200,100014,100,99962,100,100015,100,99960,100,100044,100,99951,100,100048,200,99932,100,100059,200,99921,100,100062,100,99898,100,100065,100,99885,100,100082,100,99866,100
2019-06-28 09:30:00.000000078,99979,100,99972,100,99994,100,99971,200,100014,100,99963,200,100015,100,99962,100,100044,100,99960,100,100048,200,99951,100,100059,200,99932,100,100062,100,99921,100,100065,100,99898,100,100082,100,99885,100
2019-06-28 09:30:00.000000082,99979,100,99972,100,99994,100,99971,200,100014,100,99963,200,100015,100,99962,100,100044,100,99960,100,100048,200,99951,100,100059,200,99932,100,100062,100,99921,100,100065,100,99898,100,100082,100,99885,100
2019-06-28 09:30:00.000000083,99979,100,99972,200,99994,100,99971,200,100014,100,99963,200,100015,100,99962,100,100044,100,99960,100,100048,200,99951,100,100059,200,99932,100,100062,100,99921,100,100065,100,99898,100,100082,100,99885,100
2019-06-28 09:30:00.000000085,99979,100,99972,300,99994,100,99971,200,100014,100,99963,200,100015,100,99962,100,100044,100,99960,100,100048,200,99951,100,100059,200,99932,100,100062,100,99921,100,100065,100,99898,100,100082,100,99885,100
2019-06-28 09:30:00.000000086,99979,100,99972,300,99994,100,99971,200,100014,100,99963,200,100015,100,99962,100,100044,100,99960,100,100048,200,99951,100,100059,200,99932,100,100062,100,99921,100,100065,100,99898,100,100082,100,99885,100
2019-06-28 09:30:00.000000089,99979,100,99972,300,99994,100,99971,200,100014,100,99963,200,100015,100,99962,100,100044,100,99960,100,100048,200,99951,100,100059,200,99932,100,100062,100,99921,100,100065,100,99898,100,100082,100,99885,100
2019-06-28 09:30:00.000000091,99994,100,99972,300,100014,100,99971,200,100015,100,99963,200,100044,100,99962,100,100048,200,99960,100,100059,200,99951,100,100062,100,99932,100,100065,100,99921,100,100082,100,99898,100,100088,100,99885,100
2019-06-28 09:30:00.000000092,99994,100,99972,300,100014,100,99971,200,100015,100,99963,200,100044,100,99962,100,100048,200,99960,100,100059,200,99951,100,100062,100,99932,100,100065,100,99921,100,100082,100,99898,100,100088,100,99885,100
2019-06-28 09:30:00.000000095,99994,100,99972,300,100014,100,99971,200,100015,100,99963,200,100044,100,99962,100,100048,200,99960,100,100059,200,99951,100,100062,100,99932,100,100065,100,99921,100,100082,100,99898,100,100088,100,99885,100
2019-06-28 09:30:00.000000098,99994,100,99972,300,100014,100,99971,200,100015,100,99963,200,100044,100,99962,100,100048,200,99960,100,100059,200,99951,100,100062,100,99932,100,100065,100,99921,100,100082,100,99898,100,100088,100,99885,100
2019-06-28 09:30:00.000000099,99994,100,99984,100,100014,100,99972,300,100015,100,99971,200,100044,100,99963,200,100048,200,99962,100,100059,200,99960,100,100062,100,99951,100,100065,100,99932,100,100082,100,99921,100,100088,100,99898,100
2019-06-28 09:30:10.000000000,99994,412,99984,412,100014,100,99972,300,100015,100,99971,200,100044,100,99963,200,100048,200,99962,100,100059,200,99960,100,100062,100,99951,100,100065,100,99932,100,100082,100,99921,100,100088,100,99898,100
2019-06-28 09:30:18.626884770,99994,412,99984,512,100014,100,99972,300,100015,100,99971,200,100044,100,99963,200,100048,200,99962,100,100059,200,99960,100,100062,100,99951,100,100065,100,99932,100,100082,100,99921,100,100088,100,99898,100
2019-06-28 09:30:20.000000000,99994,256,99984,356,100014,256,99972,456,100015,100,99971,200,100044,100,99963,200,100048,200,99962,100,100059,200,99960,100,100062,100,99951,100,100065,100,99932,100,100082,100,99921,100,100088,100,99898,100
2019-06-28 09:30:30.000000000,99994,256,99984,356,100014,256,99972,456,100015,100,99971,200,100044,100,99963,200,100048,200,99962,100,100059,200,99960,100,100062,100,99951,100,100065,100,99932,100,100082,100,99921,100,100088,100,99898,100
2019-06-28 09:30:40.000000000,99994,256,99984,356,100014,256,99972,456,100015,100,99971,200,100044,100,99963,200,100048,200,99962,100,100059,200,99960,100,100062,100,99951,100,100065,100,99932,100,100082,100,99921,100,100088,100,99898,100
2019-06-28 09:30:50.000000000,99994,206,99984,306,100014,203,99972,403,100015,203,99971,303,100044,100,99963,200,100048,200,99962,100,100059,200,99960,100,100062,100,99951,100,100065,100,99932,100,100082,100,99921,100,100088,100,99898,100
2019-06-28 09:31:00.000000000,99994,162,99984,262,100014,162,99972,362,100015,162,99971,262,100044,162,99963,262,100048,262,99962,162,100059,200,99960,100,100062,100,99951,100,100065,100,99932,100,100082,100,99921,100,100088,100,99898,100
2019-06-28 09:31:09.274924403,99994,162,99984,262,100014,162,99972,362,100015,162,99971,162,100044,162,99963,262,100048,262,99962,162,100059,200,99960,100,100062,100,99951,100,100065,100,99932,100,100082,100,99921,100,100088,100,99898,100
2019-06-28 09:31:10.000000000,99994,162,99984,262,100014,162,99972,362,100015,162,99971,162,100044,162,99963,262,100048,262,99962,162,100059,200,99960,100,100062,100,99951,100,100065,100,99932,100,100082,100,99921,100,100088,100,99898,100
2019-06-28 09:31:11.862699415,99994,162,99984,262,100014,162,99972,362,100015,162,99971,162,100044,162,99963,262,100048,262,99962,162,100059,200,99960,100,100062,100,99951,100,100065,100,99932,100,100082,100,99921,100,100088,100,99898,100
2019-06-28 09:31:19.267625628,99994,162,99984,262,100014,162,99972,362,100015,162,99971,162,100044,162,99963,262,100048,262,99962,162,100059,200,99960,100,100062,100,99951,100,100065,100,99932,100,100082,100,99921,100,100088,100,99898,100
2019-06-28 09:31:20.000000000,99994,256,99984,356,100014,256,99972,456,100015,100,99971,100,100044,100,99963,200,100048,200,99962,100,100059,200,99960,100,100062,100,99951,100,100065,100,99932,100,100082,100,99921,100,100088,100,99898,100
2019-06-28 09:31:30.000000000,99994,256,99984,356,100014,256,99972,456,100015,100,99971,100,100044,100,99963,200,100048,200,99962,100,100059,200,99960,100,100062,100,99951,100,100065,100,99932,100,100082,100,99921,100,100088,100,99898,100
2019-06-28 09:31:39.666179604,99994,256,99984,256,100014,256,99972,456,100015,100,99971,100,100044,100,99963,200,100048,200,99962,100,100059,200,99960,100,100062,100,99951,100,100065,100,99932,100,100082,100,99921,100,100088,100,99898,100
2019-06-28 09:31:40.000000000,99994,206,99984,206,100014,203,99972,403,100015,203,99971,203,100044,100,99963,200,100048,200,99962,100,100059,200,99960,100,100062,100,99951,100,100065,100,99932,100,100082,100,99921,100,100088,100,99898,100
2019-06-28 09:31:50.000000000,99994,162,99984,162,100014,162,99972,362,100015,162,99971,162,100044,162,99963,262,100048,262,99962,162,100059,200,99960,100,100062,100,99951,100,100065,100,99932,100,100082,100,99921,100,100088,100,99898,100
2019-06-28 09:31:52.333591065,99994,162,99984,162,100014,162,99972,362,100015,162,99971,162,100044,162,99963,262,100048,262,99962,162,100059,200,99960,100,100062,100,99951,100,100065,100,99932,100,100082,100,99921,100,100088,100,99898,100
2019-06-28 09:31:56.938600465,99994,162,99984,62,100014,162,99972,362,100015,162,99971,162,100044,162,99963,262,100048,262,99962,162,100059,200,99960,100,100062,100,99951,100,100065,100,99932,100,100082,100,99921,100,100088,100,99898,100
2019-06-28 09:32:00.000000000,99994,162,99972,362,100014,162,99971,162,100015,162,99963,262,100044,162,99962,162,100048,262,99960,162,100059,200,99951,100,100062,100,99932,100,100065,100,99921,100,100082,100,99898,100,100088,100,99885,100
2019-06-28 09:32:01.947066602,99994,162,99972,362,100014,162,99971,162,100015,162,99963,262,100044,162,99962,162,100048,262,99960,162,100059,200,99951,100,100062,100,99932,100,100065,100,99921,100,100082,100,99898,100,100088,100,99885,100
2019-06-28 09:32:05.690587260,99984,100,99972,362,99994,162,99971,162,100014,162,99963,262,100015,162,99962,162,100044,162,99960,162,100048,262,99951,100,100059,200,99932,100,100062,100,99921,100,100065,100,99898,100,100082,100,99885,100
2019-06-28 09:32:10.000000000,99984,412,99972,612,99994,100,99971,100,100014,100,99963,200,100015,100,99962,100,100044,100,99960,100,100048,200,99951,100,100059,200,99932,100,100062,100,99921,100,100065,100,99898,100,100082,100,99885,100
2019-06-28 09:32:11.851120465,99984,512,99972,612,99994,100,99971,100,100014,100,99963,200,100015,100,99962,100,100044,100,99960,100,100048,200,99951,100,100059,200,99932,100,100062,100,99921,100,100065,100,99898,100,100082,100,99885,100
2019-06-28 09:32:12.160884498,99984,512,99972,512,99994,100,99971,100,100014,100,99963,200,100015,100,99962,100,100044,100,99960,100,100048,200,99951,100,100059,200,99932,100,100062,100,99921,100,100065,100,99898,100,100082,100,99885,100
2019-06-28 09:32:20.000000000,99984,306,99972,306,99994,203,99971,203,100014,203,99963,303,100015,100,99962,100,100044,100,99960,100,100048,200,99951,100,100059,200,99932,100,100062,100,99921,100,100065,100,99898,100,100082,100,99885,100
2019-06-28 09:32:25.726672232,99984,306,99972,206,99994,203,99971,203,100014,203,99963,303,100015,100,99962,100,100044,100,99960,100,100048,200,99951,100,100059,200,99932,100,100062,100,99921,100,100065,100,99898,100,100082,100,99885,100
2019-06-28 09:32:30.000000000,99984,356,99972,256,99994,256,99971,256,100014,100,99963,200,100015,100,99962,100,100044,100,99960,100,100048,200,99951,100,100059,200,99932,100,100062,100,99921,100,100065,100,99898,100,100082,100,99885,100
2019-06-28 09:32:30.811409523,99984,356,99972,156,99994,256,99971,256,100014,100,99963,200,100015,100,99962,100,100044,100,99960,100,100048,200,99951,100,100059,200,99932,100,100062,100,99921,100,100065,100,99898,100,100082,100,99885,100
2019-06-28 09:32:40.000000000,99984,306,99971,206,99994,203,99963,303,100014,203,99962,203,100015,100,99960,100,100044,100,99951,100,100048,200,99932,100,100059,200,99921,100,100062,100,99898,100,100065,100,99885,100,100082,100,99873,100
2019-06-28 09:32:41.654773415,99984,306,99971,106,99994,203,99963,303,100014,203,99962,203,100015,100,99960,100,100044,100,99951,100,100048,200,99932,100,100059,200,99921,100,100062,100,99898,100,100065,100,99885,100,100082,100,99871,100
2019-06-28 09:32:50.000000000,99984,356,99963,356,99994,256,99962,256,100014,100,99960,100,100015,100,99951,100,100044,100,99932,100,100048,200,99921,100,100059,200,99898,100,100062,100,99885,100,100065,100,99871,100,100082,100,99866,200
2019-06-28 09:32:58.700959591,99984,356,99963,256,99994,256,99962,256,100014,100,99960,100,100015,100,99951,100,100044,100,99932,100,100048,200,99921,100,100059,200,99898,100,100062,100,99885,100,100065,100,99866,200,100082,100,99859,100
2019-06-28 09:33:00.000000000,99984,306,99963,206,99994,203,99962,203,100014,203,99960,203,100015,100,99951,100,100044,100,99932,100,100048,200,99921,100,100059,200,99898,100,100062,100,99885,100,100065,100,99866,200,100082,100,99859,100
2019-06-28 09:33:10.000000000,99984,262,99963,162,99994,162,99962,162,100014,162,99960,162,100015,162,99951,162,100044,162,99932,162,100048,200,99921,100,100059,200,99898,100,100062,100,99885,100,100065,100,99866,200,100082,100,99859,100
2019-06-28 09:33:20.000000000,99984,306,99963,206,99994,203,99962,203,100014,203,99960,203,100015,100,99951,100,100044,100,99932,100,100048,200,99921,100,100059,200,99898,100,100062,100,99885,100,100065,100,99866,200,100082,100,99859,100
2019-06-28 09:33:24.658232247,99984,306,99963,6,99994,203,99962,203,100014,203,99960,203,100015,100,99951,100,100044,100,99932,100,100048,200,99921,100,100059,200,99898,100,100062,100,99885,100,100065,100,99866,200,100082,100,99859,100
2019-06-28 09:33:30.000000000,99984,306,99962,206,99994,203,99960,203,100014,203,99951,203,100015,100,99932,100,100044,100,99921,100,100048,200,99898,100,100059,200,99885,100,100062,100,99866,200,100065,100,99859,100,100082,100,99852,100
2019-06-28 09:33:40.000000000,99984,262,99962,162,99994,162,99960,162,100014,162,99951,162,100015,162,99932,162,100044,162,99921,162,100048,200,99898,100,100059,200,99885,100,100062,100,99866,200,100065,100,99859,100,100082,100,99852,100
2019-06-28 09:33:50.000000000,99984,278,99962,178,99994,178,99960,178,100014,178,99951,178,100015,178,99932,178,100044,100,99921,100,100048,200,99898,100,100059,200,99885,100,100062,100,99866,200,100065,100,99859,100,100082,100,99852,100
2019-06-28 09:33:56.165298254,99984,278,99962,78,99994,178,99960,178,100014,178,99951,178,100015,178,99932,178,100044,100,99921,100,100048,200,99898,100,100059,200,99885,100,100062,100,99866,200,100065,100,99859,100,100088,100,99852,100
2019-06-28 09:34:00.000000000,99984,356,99960,256,99994,256,99951,256,100014,100,99932,100,100015,100,99921,100,100044,100,99898,100,100048,200,99885,100,100059,200,99866,200,100062,100,99859,100,100065,100,99852,100,100088,100,99827,100
2019-06-28 09:34:10.000000000,99984,512,99960,412,99994,100,99951,100,100014,100,99932,100,100015,100,99921,100,100044,100,99898,100,100048,200,99885,100,100059,200,99866,200,100062,100,99859,100,100065,100,99852,100,100088,100,99827,100
2019-06-28 09:34:10.663890904,99984,412,99960,412,99994,100,99951,100,100014,100,99932,100,100015,100,99921,100,100044,100,99898,100,100048,200,99885,100,100059,200,99866,200,100062,100,99859,100,100065,100,99852,100,100088,100,99827,100
2019-06-28 09:34:18.037608669,99984,312,99960,412,99994,100,99951,100,100014,100,99932,100,100015,100,99921,100,100044,100,99898,100,100048,200,99885,100,100059,200,99866,100,100062,100,99859,100,100065,100,99852,100,100088,100,99827,100
2019-06-28 09:34:20.000000000,99994,256,99960,256,100014,256,99951,256,100015,100,99932,100,100044,100,99921,100,100048,200,99898,100,100059,200,99885,100,100062,100,99866,100,100065,100,99859,100,100088,100,99852,100,100092,100,99827,100
2019-06-28 09:34:21.184417931,99994,256,99960,256,100014,256,99951,256,100015,100,99932,100,100044,100,99921,100,100048,200,99898,100,100059,200,99885,100,100062,100,99866,100,100065,100,99859,100,100088,100,99852,100,100092,100,99827,100
2019-06-28 09:34:29.940524140,99994,256,99960,256,100014,256,99951,256,100015,100,99932,100,100044,100,99921,100,100048,200,99898,100,100059,200,99885,100,100062,100,99866,100,100065,100,99859,100,100088,100,99852,100,100092,100,99827,100
2019-06-28 09:34:30.000000000,99994,256,99960,256,100014,256,99951,256,100015,100,99932,100,100044,100,99921,100,100048,200,99898,100,100059,200,99885,100,100062,100,99866,100,100065,100,99859,100,100088,100,99852,100,100092,100,99827,100
2019-06-28 09:34:40.000000000,99994,162,99960,162,100014,162,99951,162,100015,162,99932,162,100044,162,99921,162,100048,262,99898,162,100059,200,99885,100,100062,100,99866,100,100065,100,99859,100,100088,100,99852,100,100092,100,99827,100
2019-06-28 09:34:50.000000000,99994,206,99960,206,100014,203,99951,203,100015,203,99932,203,100044,100,99921,100,100048,200,99898,100,100059,200,99885,100,100062,100,99866,100,100065,100,99859,100,100088,100,99852,100,100092,100,99827,100
2019-06-28 09:34:55.386604357,99994,106,99960,206,100014,203,99951,203,100015,203,99932,203,100044,100,99921,100,100048,200,99898,100,100059,200,99885,100,100062,100,99866,100,100065,100,99859,100,100088,100,99852,100,100092,100,99827,100
2019-06-28 09:34:58.389173907,99993,100,99960,206,99994,106,99951,203,100014,203,99932,203,100015,203,99921,100,100044,100,99898,100,100048,200,99885,100,100059,200,99866,100,100062,100,99859,100,100065,100,99852,100,100088,100,99827,100
2019-06-28 09:34:59.339448580,99993,100,99960,206,99994,106,99951,203,100014,203,99932,203,100015,203,99921,100,100044,100,99898,100,100048,200,99866,100,100059,200,99859,100,100062,100,99852,100,100065,100,99827,100,100088,100,99797,100
2019-06-28 09:35:00.000000000,99993,178,99960,178,100014,178,99951,178,100015,178,99932,178,100044,178,99921,178,100048,200,99898,100,100059,200,99866,100,100062,100,99859,100,100065,100,99852,100,100088,100,99827,100,100092,100,99797,100
2019-06-28 09:35:06.588142478,99993,178,99960,178,100014,178,99951,178,100015,178,99932,178,100044,178,99921,178,100048,200,99898,100,100059,200,99866,100,100062,100,99859,100,100065,100,99852,100,100088,100,99827,100,100092,100,99797,100
2019-06-28 09:35:08.130367624,99993,178,99960,178,100014,178,99951,178,100015,178,99932,178,100044,178,99921,178,100048,200,99898,100,100059,200,99866,100,100062,100,99859,100,100065,100,99852,100,100088,100,99827,100,100092,100,99797,100
2019-06-28 09:35:10.000000000,99993,256,99960,256,100014,256,99951,256,100015,100,99932,100,100044,100,99921,100,100048,200,99898,100,100059,200,99866,100,100062,100,99859,100,100065,100,99852,100,100088,100,99827,100,100092,100,99797,100
2019-06-28 09:35:11.116800051,99993,256,99960,256,100008,100,99951,256,100014,256,99932,100,100015,100,99921,100,100044,100,99898,100,100048,200,99866,100,100059,200,99859,100,100062,100,99852,100,100065,100,99827,100,100088,100,99797,100
2019-06-28 09:35:20.000000000,99993,412,99960,412,100008,100,99951,100,100014,100,99932,100,100015,100,99921,100,100044,100,99898,100,100048,200,99866,100,100059,200,99859,100,100062,100,99852,100,100065,100,99827,100,100088,100,99797,100
2019-06-28 09:35:30.000000000,99993,206,99960,206,100008,203,99951,203,100014,203,99932,203,100015,100,99921,100,100044,100,99898,100,100048,200,99866,100,100059,200,99859,100,100062,100,99852,100,100065,100,99827,100,100088,100,99797,100
2019-06-28 09:35:30.868152328,99993,206,99960,206,100008,203,99951,203,100014,203,99932,203,100044,100,99921,100,100048,200,99898,100,100059,200,99866,100,100062,100,99859,100,100065,100,99852,100,100088,100,99827,100,100092,100,99797,100
2019-06-28 09:35:40.000000000,99993,412,99960,412,100008,100,99951,100,100014,100,99932,100,100044,100,99921,100,100048,200,99898,100,100059,200,99866,100,100062,100,99859,100,100065,100,99852,100,100088,100,99827,100,100092,100,99797,100
2019-06-28 09:35:50.000000000,99993,206,99960,206,100008,203,99951,203,100014,203,99932,203,100044,100,99921,100,100048,200,99898,100,100059,200,99866,100,100062,100,99859,100,100065,100,99852,100,100088,100,99827,100,100092,100,99797,100
2019-06-28 09:36:00.000000000,99993,412,99960,412,100008,100,99951,100,100014,100,99932,100,100044,100,99921,100,100048,200,99898,100,100059,200,99866,100,100062,100,99859,100,100065,100,99852,100,100088,100,99827,100,100092,100,99797,100
2019-06-28 09:36:01.694938316,99993,412,99960,312,100008,100,99951,100,100014,100,99932,100,100044,100,99921,100,100048,200,99898,100,100059,200,99866,100,100062,100,99859,100,100065,100,99852,100,100088,100,99827,100,100092,100,99797,100
2019-06-28 09:36:10.000000000,99993,162,99951,162,100008,162,99932,162,100014,162,99921,162,100044,162,99898,162,100048,262,99866,162,100059,200,99859,100,100062,100,99852,100,100065,100,99827,100,100088,100,99797,100,100092,100,99789,100
2019-06-28 09:36:20.000000000,99993,162,99951,162,100008,162,99932,162,100014,162,99921,162,100044,162,99898,162,100048,262,99866,162,100059,200,99859,100,100062,100,99852,100,100065,100,99827,100,100088,100,99797,100,100092,100,99789,100
2019-06-28 09:36:25.041152655,99993,162,99951,62,100008,162,99932,162,100014,162,99921,162,100044,162,99898,162,100048,262,99866,162,100059,200,99859,100,100062,100,99852,100,100065,100,99827,100,100088,100,99797,100,100105,100,99789,100
2019-06-28 09:36:30.000000000,99993,412,99932,412,100008,100,99921,100,100014,100,99898,100,100044,100,99866,100,100048,200,99859,100,100059,200,99852,100,100062,100,99827,100,100065,100,99797,100,100088,100,99789,100,100105,100,98838,100
2019-06-28 09:36:32.072734478,99993,412,99932,312,100008,100,99921,100,100014,100,99898,100,100044,100,99866,100,100048,200,99859,100,100059,200,99852,100,100062,100,99827,100,100065,100,99797,100,100088,100,99789,100,100106,100,98838,100
2019-06-28 09:36:40.000000000,99993,162,99921,162,100008,162,99898,162,100014,162,99866,162,100044,162,99859,162,100048,262,99852,162,100059,200,99827,100,100062,100,99797,100,100065,100,99789,100,100088,100,98838,100,100106,100,98676,100
2019-06-28 09:36:46.354580218,99993,162,99921,162,100008,162,99898,162,100014,162,99866,162,100044,162,99859,162,100048,262,99852,162,100059,200,99827,100,100062,100,99797,100,100065,100,99789,100,100088,100,99714,100,100106,100,98838,100
2019-06-28 09:36:48.341280034,99993,162,99952,100,100008,162,99921,162,100014,162,99898,162,100044,162,99866,162,100048,262,99859,162,100059,200,99852,162,100062,100,99827,100,100065,100,99797,100,100088,100,99789,100,100106,100,99714,100
2019-06-28 09:36:50.000000000,99993,412,99952,412,100008,100,99921,100,100014,100,99898,100,100044,100,99866,100,100048,200,99859,100,100059,200,99852,100,100062,100,99827,100,100065,100,99797,100,100088,100,99789,100,100106,100,99714,100
2019-06-28 09:37:00.000000000,99993,206,99952,206,100008,203,99921,203,100014,203,99898,203,100044,100,99866,100,100048,200,99859,100,100059,200,99852,100,100062,100,99827,100,100065,100,99797,100,100088,100,99789,100,100106,100,99714,100
2019-06-28 09:37:00.160192154,99993,206,99952,206,100008,203,99921,203,100014,203,99898,203,100044,100,99866,100,100048,200,99859,100,100059,200,99852,100,100062,100,99827,100,100065,100,99799,100,100088,100,99797,100,100106,100,99789,100
2019-06-28 09:37:09.601746673,99993,206,99952,106,100008,203,99921,203,100014,203,99898,203,100044,100,99866,100,100048,200,99859,100,100059,200,99852,100,100062,100,99827,100,100065,100,99799,100,100088,100,99797,100,100106,100,99789,100
2019-06-28 09:37:10.000000000,99993,412,99921,412,100008,100,99898,100,100014,100,99866,100,100044,100,99859,100,100048,200,99852,100,100059,200,99827,100,100062,100,99799,100,100065,100,99797,100,100088,100,99789,100,100106,100,99714,100
2019-06-28 09:37:20.000000000,99993,206,99921,206,100008,203,99898,203,100014,203,99866,203,100044,100,99859,100,100048,200,99852,100,100059,200,99827,100,100062,100,99799,100,100065,100,99797,100,100088,100,99789,100,100106,100,99714,100
2019-06-28 09:37:30.000000000,99993,162,99921,162,100008,162,99898,162,100014,162,99866,162,100044,162,99859,162,100048,262,99852,162,100059,200,99827,100,100062,100,99799,100,100065,100,99797,100,100088,100,99789,100,100106,100,99714,100
2019-06-28 09:37:31.761346948,99993,62,99921,162,100008,162,99898,162,100014,162,99866,162,100044,162,99859,162,100048,262,99852,162,100059,200,99827,100,100062,100,99799,100,100065,100,99797,100,100088,100,99789,100,100113,100,99714,100
2019-06-28 09:37:33.751746386,99993,62,99953,100,100008,162,99921,162,100014,162,99898,162,100044,162,99866,162,100048,262,99859,162,100059,200,99852,162,100062,100,99827,100,100065,100,99799,100,100088,100,99797,100,100113,100,99789,100
2019-06-28 09:37:40.000000000,100008,162,99953,162,100014,162,99921,162,100044,162,99898,162,100048,262,99866,162,100059,262,99859,162,100062,100,99852,100,100065,100,99827,100,100088,100,99799,100,100113,100,99797,100,100114,100,99789,100
2019-06-28 09:37:44.484751335,100008,162,99953,162,100014,162,99921,162,100044,162,99898,162,100048,262,99866,162,100056,100,99859,162,100059,262,99852,100,100062,100,99827,100,100065,100,99799,100,100088,100,99797,100,100113,100,99789,100
2019-06-28 09:37:50.000000000,100008,178,99953,178,100014,178,99921,178,100044,178,99898,178,100048,278,99866,178,100056,100,99859,100,100059,200,99852,100,100062,100,99827,100,100065,100,99799,100,100088,100,99797,100,100113,100,99789,100
2019-06-28 09:38:00.000000000,100008,162,99953,162,100014,162,99921,162,100044,162,99898,162,100048,262,99866,162,100056,162,99859,162,100059,200,99852,100,100062,100,99827,100,100065,100,99799,100,100088,100,99797,100,100113,100,99789,100
2019-06-28 09:38:06.175111664,100008,162,99953,162,100014,162,99921,162,100044,162,99898,162,100048,262,99866,162,100056,162,99859,162,100059,100,99852,100,100062,100,99827,100,100065,100,99799,100,100088,100,99797,100,100113,100,99789,100
2019-06-28 09:38:10.000000000,100008,162,99953,162,100014,162,99921,162,100044,162,99898,162,100048,262,99866,162,100056,162,99859,162,100059,100,99852,100,100062,100,99827,100,100065,100,99799,100,100088,100,99797,100,100113,100,99789,100
2019-06-28 09:38:20.000000000,100008,162,99953,162,100014,162,99921,162,100044,162,99898,162,100048,262,99866,162,100056,162,99859,162,100059,100,99852,100,100062,100,99827,100,100065,100,99799,100,100088,100,99797,100,100113,100,99789,100
2019-06-28 09:38:30.000000000,100008,256,99953,256,100014,256,99921,256,100044,100,99898,100,100048,200,99866,100,100056,100,99859,100,100059,100,99852,100,100062,100,99827,100,100065,100,99799,100,100088,100,99797,100,100113,100,99789,100
2019-06-28 09:38:37.713064454,100008,256,99953,256,100014,256,99921,256,100044,100,99898,100,100048,200,99866,100,100056,100,99859,100,100059,100,99852,100,100062,100,99827,100,100065,100,99799,100,100088,100,99797,100,100113,100,99789,100
2019-06-28 09:38:40.000000000,100008,178,99953,178,100014,178,99921,178,100044,178,99898,178,100048,278,99866,178,100056,100,99859,100,100059,100,99852,100,100062,100,99827,100,100065,100,99799,100,100088,100,99797,100,100113,100,99789,100
2019-06-28 09:38:50.000000000,100008,178,99953,178,100014,178,99921,178,100044,178,99898,178,100048,278,99866,178,100056,100,99859,100,100059,100,99852,100,100062,100,99827,100,100065,100,99799,100,100088,100,99797,100,100113,100,99789,100
2019-06-28 09:39:00.000000000,100008,412,99953,412,100014,100,99921,100,100044,100,99898,100,100048,200,99866,100,100056,100,99859,100,100059,100,99852,100,100062,100,99827,100,100065,100,99799,100,100088,100,99797,100,100113,100,99789,100
2019-06-28 09:39:10.000000000,100008,162,99953,162,100014,162,99921,162,100044,162,99898,162,100048,262,99866,162,100056,162,99859,162,100059,100,99852,100,100062,100,99827,100,100065,100,99799,100,100088,100,99797,100,100113,100,99789,100
2019-06-28 09:39:14.928181633,100008,162,99953,262,100014,162,99921,162,100044,162,99898,162,100048,262,99866,162,100056,162,99859,162,100059,100,99852,100,100062,100,99827,100,100065,100,99799,100,100088,100,99797,100,100113,100,99789,100
2019-06-28 09:39:20.000000000,100008,412,99953,512,100014,100,99921,100,100044,100,99898,100,100048,200,99866,100,100056,100,99859,100,100059,100,99852,100,100062,100,99827,100,100065,100,99799,100,100088,100,99797,100,100113,100,99789,100
2019-06-28 09:39:30.000000000,100008,206,99953,306,100014,203,99921,203,100044,203,99898,203,100048,200,99866,100,100056,100,99859,100,100059,100,99852,100,100062,100,99827,100,100065,100,99799,100,100088,100,99797,100,100113,100,99789,100
2019-06-28 09:39:40.000000000,100008,206,99953,306,100014,203,99921,203,100044,203,99898,203,100048,200,99866,100,100056,100,99859,100,100059,100,99852,100,100062,100,99827,100,100065,100,99799,100,100088,100,99797,100,100113,100,99789,100
2019-06-28 09:39:43.079801909,100008,206,99953,306,100014,203,99921,203,100044,203,99898,203,100048,200,99866,100,100056,100,99859,100,100059,100,99852,100,100062,100,99827,100,100065,100,99799,100,100088,100,99789,100,100113,100,99714,100
2019-06-28 09:39:50.000000000,100008,412,99953,512,100014,100,99921,100,100044,100,99898,100,100048,200,99866,100,100056,100,99859,100,100059,100,99852,100,100062,100,99827,100,100065,100,99799,100,100088,100,99789,100,100113,100,99714,100
2019-06-28 09:40:00.000000000,100008,256,99953,356,100014,256,99921,256,100044,100,99898,100,100048,200,99866,100,100056,100,99859,100,100059,100,99852,100,100062,100,99827,100,100065,100,99799,100,100088,100,99789,100,100113,100,99714,100
2019-06-28 09:40:10.000000000,100008,162,99953,262,100014,162,99921,162,100044,162,99898,162,100048,262,99866,162,100056,162,99859,162,100059,100,99852,100,100062,100,99827,100,100065,100,99799,100,100088,100,99789,100,100113,100,99714,100
2019-06-28 09:40:20.000000000,100008,412,99953,512,100014,100,99921,100,100044,100,99898,100,100048,200,99866,100,100056,100,99859,100,100059,100,99852,100,100062,100,99827,100,100065,100,99799,100,100088,100,99789,100,100113,100,99714,100
2019-06-28 09:40:30.000000000,100008,178,99953,278,100014,178,99921,178,100044,178,99898,178,100048,278,99866,178,100056,100,99859,100,100059,100,99852,100,100062,100,99827,100,100065,100,99799,100,100088,100,99789,100,100113,100,99714,100
2019-06-28 09:40:34.154989362,100008,178,99953,278,100014,178,99921,178,100044,178,99898,178,100048,278,99866,178,100056,100,99859,100,100059,100,99852,100,100062,100,99827,100,100065,100,99799,100,100088,100,99789,100,100113,100,99714,100
2019-06-28 09:40:40.000000000,100008,178,99953,278,100014,178,99921,178,100044,178,99898,178,100048,278,99866,178,100056,100,99859,100,100059,100,99852,100,100062,100,99827,100,100065,100,99799,100,100088,100,99789,100,100113,100,99714,100
2019-06-28 09:40:50.000000000,100008,178,99953,278,100014,178,99921,178,100044,178,99898,178,100048,278,99866,178,100056,100,99859,100,100059,100,99852,100,100062,100,99827,100,100065,100,99799,100,100088,100,99789,100,100113,100,99714,100
2019-06-28 09:40:58.407356831,100008,178,99953,278,100014,178,99921,178,100044,178,99898,178,100048,278,99866,178,100056,100,99859,100,100059,100,99852,100,100062,100,99827,100,100065,100,99799,100,100088,100,99789,100,100113,100,99714,100
2019-06-28 09:40:59.211411351,100008,178,99953,278,100014,178,99921,178,100044,178,99898,178,100048,278,99866,178,100056,100,99859,100,100059,100,99852,100,100062,100,99827,100,100065,100,99799,100,100088,100,99789,100,100113,100,99714,100
2019-06-28 09:41:00.000000000,100008,206,99953,306,100014,203,99921,203,100044,203,99898,203,100048,200,99866,100,100056,100,99859,100,100059,100,99852,100,100062,100,99827,100,100065,100,99799,100,100088,100,99789,100,100113,100,99714,100
2019-06-28 09:41:07.686828046,100008,206,99953,406,100014,203,99921,203,100044,203,99898,203,100048,200,99866,100,100056,100,99859,100,100059,100,99852,100,100062,100,99827,100,100065,100,99799,100,100088,100,99789,100,100113,100,99714,100
2019-06-28 09:41:10.000000000,100008,162,99953,362,100014,162,99921,162,100044,162,99898,162,100048,262,99866,162,100056,162,99859,162,100059,100,99852,100,100062,100,99827,100,100065,100,99799,100,100088,100,99789,100,100113,100,99714,100
2019-06-28 09:41:10.171407738,100008,162,99953,462,100014,162,99921,162,100044,162,99898,162,100048,262,99866,162,100056,162,99859,162,100059,100,99852,100,100062,100,99827,100,100065,100,99799,100,100088,100,99789,100,100113,100,99714,100
2019-06-28 09:41:20.000000000,100008,256,99953,556,100014,256,99921,256,100044,100,99898,100,100048,200,99866,100,100056,100,99859,100,100059,100,99852,100,100062,100,99827,100,100065,100,99799,100,100088,100,99789,100,100113,100,99714,100
2019-06-28 09:41:30.000000000,100008,178,99953,478,100014,178,99921,178,100044,178,99898,178,100048,278,99866,178,100056,100,99859,100,100059,100,99852,100,100062,100,99827,100,100065,100,99799,100,100088,100,99789,100,100113,100,99714,100
2019-06-28 09:41:31.444870829,100008,78,99953,478,100014,178,99921,178,100044,178,99898,178,100048,178,99866,178,100056,100,99859,100,100059,100,99852,100,100062,100,99827,100,100065,100,99799,100,100088,100,99789,100,100113,100,99714,100
2019-06-28 09:41:36.506442276,100008,78,99953,478,100014,78,99921,178,100044,178,99898,178,100048,178,99866,178,100056,100,99859,100,100059,100,99852,100,100062,100,99827,100,100065,100,99799,100,100088,100,99789,100,100113,100,99714,100
2019-06-28 09:41:40.000000000,100044,178,99953,478,100048,178,99921,178,100056,178,99898,178,100059,178,99866,178,100062,100,99859,100,100065,100,99852,100,100088,100,99827,100,100113,100,99799,100,100114,100,99789,100,100150,100,99714,100
2019-06-28 09:41:46.487637122,100044,178,99993,100,100048,178,99953,478,100056,178,99921,178,100059,178,99898,178,100062,100,99866,178,100065,100,99859,100,100088,100,99852,100,100113,100,99827,100,100114,100,99799,100,100150,100,99789,100
2019-06-28 09:41:50.000000000,100044,256,99993,256,100048,256,99953,556,100056,100,99921,100,100059,100,99898,100,100062,100,99866,100,100065,100,99859,100,100088,100,99852,100,100113,100,99827,100,100114,100,99799,100,100150,100,99789,100
2019-06-28 09:41:56.048559960,100044,156,99993,256,100048,256,99953,556,100056,100,99921,100,100059,100,99898,100,100062,100,99866,100,100065,100,99859,100,100088,100,99852,100,100113,100,99827,100,100114,100,99799,100,100150,100,99789,100
2019-06-28 09:42:00.000000000,100048,162,99993,162,100056,162,99953,462,100059,162,99921,162,100062,162,99898,162,100065,162,99866,162,100088,100,99859,100,100113,100,99852,100,100114,100,99827,100,100150,100,99799,100,100180,100,99789,100
2019-06-28 09:42:10.000000000,100048,256,99993,256,100056,256,99953,556,100059,100,99921,100,100062,100,99898,100,100065,100,99866,100,100088,100,99859,100,100113,100,99852,100,100114,100,99827,100,100150,100,99799,100,100180,100,99789,100
2019-06-28 09:42:20.000000000,100048,162,99993,162,100056,162,99953,462,100059,162,99921,162,100062,162,99898,162,100065,162,99866,162,100088,100,99859,100,100113,100,99852,100,100114,100,99827,100,100150,100,99799,100,100180,100,99789,100
2019-06-28 09:42:30.000000000,100048,162,99993,162,100056,162,99953,462,100059,162,99921,162,100062,162,99898,162,100065,162,99866,162,100088,100,99859,100,100113,100,99852,100,100114,100,99827,100,100150,100,99799,100,100180,100,99789,100
2019-06-28 09:42:40.000000000,100048,256,99993,256,100056,256,99953,556,100059,100,99921,100,100062,100,99898,100,100065,100,99866,100,100088,100,99859,100,100113,100,99852,100,100114,100,99827,100,100150,100,99799,100,100180,100,99789,100
2019-06-28 09:42:46.352920378,100048,256,99993,256,100056,256,99953,556,100059,100,99921,100,100062,100,99898,100,100065,100,99866,100,100088,100,99859,100,100113,100,99852,100,100114,100,99827,100,100150,100,99799,100,100180,100,99789,100
2019-06-28 09:42:47.163919173,100048,156,99993,256,100056,256,99953,556,100059,100,99921,100,100062,100,99898,100,100065,100,99866,100,100088,100,99859,100,100113,100,99852,100,100114,100,99827,100,100150,100,99799,100,100180,100,99789,100
2019-06-28 09:42:50.000000000,100056,412,99993,412,100059,100,99953,400,100062,100,99921,100,100065,100,99898,100,100088,100,99866,100,100113,100,99859,100,100114,100,99852,100,100150,100,99827,100,100180,100,99799,100,100184,100,99789,100
2019-06-28 09:43:00.000000000,100056,256,99993,256,100059,256,99953,556,100062,100,99921,100,100065,100,99898,100,100088,100,99866,100,100113,100,99859,100,100114,100,99852,100,100150,100,99827,100,100180,100,99799,100,100184,100,99789,100
2019-06-28 09:43:10.000000000,100056,178,99993,178,100059,178,99953,478,100062,178,99921,178,100065,178,99898,178,100088,100,99866,100,100113,100,99859,100,100114,100,99852,100,100150,100,99827,100,100180,100,99799,100,100184,100,99789,100
2019-06-28 09:43:20.000000000,100056,162,99993,162,100059,162,99953,462,100062,162,99921,162,100065,162,99898,162,100088,162,99866,162,100113,100,99859,100,100114,100,99852,100,100150,100,99827,100,100180,100,99799,100,100184,100,99789,100
2019-06-28 09:43:30.000000000,100056,178,99993,178,100059,178,99953,478,100062,178,99921,178,100065,178,99898,178,100088,100,99866,100,100113,100,99859,100,100114,100,99852,100,100150,100,99827,100,100180,100,99799,100,100184,100,99789,100
2019-06-28 09:43:40.000000000,100056,256,99993,256,100059,256,99953,556,100062,100,99921,100,100065,100,99898,100,100088,100,99866,100,100113,100,99859,100,100114,100,99852,100,100150,100,99827,100,100180,100,99799,100,100184,100,99789,100
2019-06-28 09:43:50.000000000,100056,206,99993,206,100059,203,99953,503,100062,203,99921,203,100065,100,99898,100,100088,100,99866,100,100113,100,99859,100,100114,100,99852,100,100150,100,99827,100,100180,100,99799,100,100184,100,99789,100
2019-06-28 09:44:00.000000000,100056,178,99993,178,100059,178,99953,478,100062,178,99921,178,100065,178,99898,178,100088,100,99866,100,100113,100,99859,100,100114,100,99852,100,100150,100,99827,100,100180,100,99799,100,100184,100,99789,100
2019-06-28 09:44:08.028479756,100056,78,99993,178,100059,178,99953,478,100062,178,99921,178,100065,178,99898,178,100088,100,99866,100,100113,100,99859,100,100114,100,99852,100,100150,100,99827,100,100180,100,99799,100,100184,100,99789,100
2019-06-28 09:44:10.000000000,100059,162,99993,162,100062,162,99953,462,100065,162,99921,162,100088,162,99898,162,100113,162,99866,162,100114,100,99859,100,100150,100,99852,100,100180,100,99827,100,100184,100,99799,100,100223,100,99789,100
2019-06-28 09:44:13.845425613,100059,62,99993,162,100062,162,99953,462,100065,162,99921,162,100088,162,99898,162,100113,162,99866,162,100114,100,99859,100,100150,100,99852,100,100180,100,99827,100,100184,100,99799,100,100223,100,99789,100
2019-06-28 09:44:15.862498401,100062,162,100059,38,100065,162,99993,162,100088,162,99953,462,100113,162,99921,162,100114,100,99898,62,100150,100,99866,162,100180,100,99859,100,100184,100,99852,100,100223,100,99827,100,100279,100,99799,100
2019-06-28 09:44:20.000000000,100062,256,100059,194,100065,256,99993,256,100088,100,99953,400,100113,100,99921,100,100114,100,99866,100,100150,100,99859,100,100180,100,99852,100,100184,100,99827,100,100223,100,99799,100,100279,100,99789,100
2019-06-28 09:44:26.779377181,100062,256,100059,194,100065,256,99993,256,100088,100,99953,400,100114,100,99921,100,100150,100,99866,100,100180,100,99859,100,100184,100,99852,100,100223,100,99827,100,100279,100,99799,100,100303,100,99789,100
2019-06-28 09:44:30.000000000,100062,412,100059,350,100065,100,99993,100,100088,100,99953,400,100114,100,99921,100,100150,100,99866,100,100180,100,99859,100,100184,100,99852,100,100223,100,99827,100,100279,100,99799,100,100303,100,99789,100
2019-06-28 09:44:40.000000000,100062,206,100059,144,100065,203,99993,203,100088,203,99953,503,100114,100,99921,100,100150,100,99866,100,100180,100,99859,100,100184,100,99852,100,100223,100,99827,100,100279,100,99799,100,100303,100,99789,100
2019-06-28 09:44:50.000000000,100062,256,100059,194,100065,256,99993,256,100088,100,99953,400,100114,100,99921,100,100150,100,99866,100,100180,100,99859,100,100184,100,99852,100,100223,100,99827,100,100279,100,99799,100,100303,100,99789,100
2019-06-28 09:44:51.901824739,100062,256,100059,294,100065,256,99993,256,100088,100,99953,400,100114,100,99921,100,100150,100,99866,100,100180,100,99859,100,100184,100,99852,100,100223,100,99827,100,100279,100,99799,100,100303,100,99789,100
2019-06-28 09:44:55.185059477,100062,256,100059,256,100065,256,99993,256,100088,100,99953,400,100114,100,99921,100,100150,100,99866,100,100180,100,99859,100,100184,100,99852,100,100223,100,99827,100,100279,100,99799,100,100303,100,99789,100
2019-06-28 09:45:00.000000000,100062,412,100059,412,100065,100,99993,100,100088,100,99953,400,100114,100,99921,100,100150,100,99866,100,100180,100,99859,100,100184,100,99852,100,100223,100,99827,100,100279,100,99799,100,100303,100,99789,100
2019-06-28 09:45:10.000000000,100062,412,100059,412,100065,100,99993,100,100088,100,99953,400,100114,100,99921,100,100150,100,99866,100,100180,100,99859,100,100184,100,99852,100,100223,100,99827,100,100279,100,99799,100,100303,100,99789,100
2019-06-28 09:45:10.361756654,100062,312,100059,412,100065,100,99993,100,100088,100,99953,400,100114,100,99921,100,100150,100,99866,100,100180,100,99859,100,100184,100,99852,100,100223,100,99827,100,100279,100,99799,100,100303,100,99789,100
2019-06-28 09:45:16.617725094,100062,312,100060,100,100065,100,100059,412,100088,100,99993,100,100114,100,99953,400,100150,100,99921,100,100180,100,99866,100,100184,100,99859,100,100223,100,99852,100,100279,100,99827,100,100303,100,99799,100
2019-06-28 09:45:17.047960525,100062,312,100060,200,100065,100,100059,412,100088,100,99993,100,100114,100,99953,400,100150,100,99921,100,100180,100,99866,100,100184,100,99859,100,100223,100,99852,100,100279,100,99827,100,100303,100,99799,100
2019-06-28 09:45:20.000000000,100065,256,100060,356,100088,256,100059,256,100114,100,99993,100,100150,100,99953,400,100180,100,99921,100,100184,100,99866,100,100223,100,99859,100,100279,100,99852,100,100303,100,99827,100,100319,100,99799,100
2019-06-28 09:45:28.428357956,100065,256,100060,456,100088,256,100059,256,100114,100,99993,100,100150,100,99953,300,100180,100,99921,100,100184,100,99866,100,100223,100,99859,100,100279,100,99852,100,100303,100,99827,100,100319,100,99799,100
2019-06-28 09:45:29.526644895,100065,256,100060,556,100088,256,100059,256,100114,100,99993,100,100150,100,99953,300,100184,100,99921,100,100223,100,99866,100,100279,100,99859,100,100303,100,99852,100,100319,100,99827,100,100420,100,99799,100
2019-06-28 09:45:30.000000000,100065,412,100060,712,100088,100,100059,100,100114,100,99993,100,100150,100,99953,300,100184,100,99921,100,100223,100,99866,100,100279,100,99859,100,100303,100,99852,100,100319,100,99827,100,100420,100,99799,100
2019-06-28 09:45:40.000000000,100065,206,100060,506,100088,203,100059,203,100114,203,99993,203,100150,100,99953,300,100184,100,99921,100,100223,100,99866,100,100279,100,99859,100,100303,100,99852,100,100319,100,99827,100,100420,100,99799,100
2019-06-28 09:45:41.957787173,100065,206,100060,606,100088,203,100059,203,100114,203,99993,203,100150,100,99953,300,100184,100,99921,100,100223,100,99866,100,100279,100,99859,100,100303,100,99852,100,100319,100,99827,100,100420,100,99799,100
2019-06-28 09:45:43.039050190,100065,106,100060,606,100088,203,100059,203,100114,203,99993,203,100150,100,99953,300,100184,100,99921,100,100223,100,99866,100,100279,100,99859,100,100303,100,99852,100,100319,100,99827,100,100420,100,99799,100
2019-06-28 09:45:46.060992819,100065,106,100060,506,100088,203,100059,203,100114,203,99993,203,100150,100,99953,300,100184,100,99921,100,100223,100,99866,100,100279,100,99859,100,100303,100,99852,100,100319,100,99827,100,100420,100,99799,100
2019-06-28 09:45:48.046890709,100065,106,100060,506,100088,203,100059,203,100114,203,99993,203,100150,100,99953,300,100184,100,99921,100,100223,100,99866,100,100279,100,99859,100,100303,100,99852,100,100319,100,99827,100,100420,100,99799,100
2019-06-28 09:45:50.000000000,100088,412,100060,712,100114,100,100059,100,100150,100,99993,100,100184,100,99953,300,100223,100,99921,100,100279,100,99866,100,100303,100,99859,100,100319,100,99852,100,100420,100,99827,100,100591,100,99799,100
2019-06-28 09:46:00.000000000,100088,412,100060,712,100114,100,100059,100,100150,100,99993,100,100184,100,99953,300,100223,100,99921,100,100279,100,99866,100,100303,100,99859,100,100319,100,99852,100,100420,100,99827,100,100591,100,99799,100
2019-06-28 09:46:10.000000000,100088,206,100060,506,100114,203,100059,203,100150,203,99993,203,100184,100,99953,300,100223,100,99921,100,100279,100,99866,100,100303,100,99859,100,100319,100,99852,100,100420,100,99827,100,100591,100,99799,100
2019-06-28 09:46:20.000000000,100088,256,100060,556,100114,256,100059,256,100150,100,99993,100,100184,100,99953,300,100223,100,99921,100,100279,100,99866,100,100303,100,99859,100,100319,100,99852,100,100420,100,99827,100,100591,100,99799,100
2019-06-28 09:46:30.000000000,100088,162,100060,462,100114,162,100059,162,100150,162,99993,162,100184,162,99953,362,100223,162,99921,162,100279,100,99866,100,100303,100,99859,100,100319,100,99852,100,100420,100,99827,100,100591,100,99799,100
2019-06-28 09:46:40.000000000,100088,256,100060,556,100114,256,100059,256,100150,100,99993,100,100184,100,99953,300,100223,100,99921,100,100279,100,99866,100,100303,100,99859,100,100319,100,99852,100,100420,100,99827,100,100591,100,99799,100
2019-06-28 09:46:42.853339924,100088,256,100060,556,100114,256,100059,256,100150,100,99993,100,100184,100,99953,300,100223,100,99921,100,100279,100,99866,100,100303,100,99859,100,100319,100,99852,100,100420,100,99827,100,100618,100,99799,100
2019-06-28 09:46:43.952463045,100088,256,100060,556,100114,256,100059,256,100150,100,99993,100,100184,100,99953,300,100223,100,99921,100,100279,100,99866,100,100303,100,99859,100,100319,100,99852,100,100420,100,99799,100,100618,100,99789,100
2019-06-28 09:46:47.636586397,100088,256,100060,456,100114,256,100059,256,100150,100,99993,100,100184,100,99953,300,100223,100,99921,100,100279,100,99866,100,100303,100,99859,100,100319,100,99852,100,100420,100,99799,100,100618,100,99789,100
2019-06-28 09:46:50.000000000,100088,206,100060,406,100114,203,100059,203,100150,203,99993,203,100184,100,99953,300,100223,100,99921,100,100279,100,99866,100,100303,100,99859,100,100319,100,99852,100,100420,100,99799,100,100618,100,99789,100
2019-06-28 09:47:00.000000000,100088,162,100060,362,100114,162,100059,162,100150,162,99993,162,100184,162,99953,362,100223,162,99921,162,100279,100,99866,100,100303,100,99859,100,100319,100,99852,100,100420,100,99799,100,100618,100,99789,100
2019-06-28 09:47:07.982324339,100088,162,100060,362,100114,162,100059,162,100150,162,99993,162,100184,162,99953,362,100223,162,99921,162,100279,100,99866,100,100303,100,99859,100,100319,100,99852,100,100420,100,99799,100,100618,100,99789,100
2019-06-28 09:47:10.000000000,100088,162,100060,362,100114,162,100059,162,100150,162,99993,162,100184,162,99953,362,100223,162,99921,162,100279,100,99866,100,100303,100,99859,100,100319,100,99852,100,100420,100,99799,100,100618,100,99789,100
2019-06-28 09:47:10.117748579,100088,162,100062,100,100114,162,100060,362,100150,162,100059,162,100184,162,99993,162,100223,162,99953,362,100279,100,99921,162,100303,100,99866,100,100319,100,99859,100,100420,100,99852,100,100618,100,99799,100
2019-06-28 09:47:20.000000000,100088,256,100062,256,100114,256,100060,456,100150,100,100059,100,100184,100,99993,100,100223,100,99953,300,100279,100,99921,100,100303,100,99866,100,100319,100,99859,100,100420,100,99852,100,100618,100,99799,100
2019-06-28 09:47:20.642344607,100088,56,100062,256,100114,256,100060,456,100150,100,100059,100,100184,100,99993,100,100223,100,99953,300,100279,100,99921,100,100303,100,99866,100,100319,100,99859,100,100420,100,99852,100,100618,100,99799,100
2019-06-28 09:47:30.000000000,100114,256,100062,256,100150,256,100060,456,100184,100,100059,100,100223,100,99993,100,100279,100,99953,300,100303,100,99921,100,100319,100,99866,100,100420,100,99859,100,100618,100,99852,100,100650,100,99799,100
2019-06-28 09:47:40.000000000,100114,162,100062,162,100150,162,100060,362,100184,162,100059,162,100223,162,99993,162,100279,162,99953,362,100303,100,99921,100,100319,100,99866,100,100420,100,99859,100,100618,100,99852,100,100650,100,99799,100
2019-06-28 09:47:47.983325266,100114,62,100062,162,100150,162,100060,362,100184,162,100059,162,100223,162,99993,162,100279,162,99953,362,100303,100,99921,100,100319,100,99866,100,100420,100,99859,100,100618,100,99852,100,100650,100,99799,100
2019-06-28 09:47:49.772882937,100114,62,100062,162,100150,162,100060,362,100184,162,100059,162,100223,162,99993,162,100279,162,99953,362,100303,100,99921,100,100319,100,99866,100,100420,100,99859,100,100618,100,99852,100,100650,100,99799,100
2019-06-28 09:47:50.000000000,100150,162,100062,162,100184,162,100060,362,100223,162,100059,162,100279,162,99993,162,100303,162,99953,362,100319,100,99921,100,100420,100,99866,100,100618,100,99859,100,100650,100,99852,100,100680,100,99799,100
2019-06-28 09:47:59.403041538,100150,62,100062,162,100184,162,100060,362,100223,162,100059,162,100279,162,99993,162,100303,162,99953,362,100319,100,99921,100,100420,100,99866,100,100618,100,99859,100,100650,100,99852,100,100680,100,99799,100
2019-06-28 09:48:00.000000000,100184,162,100062,162,100223,162,100060,362,100279,162,100059,162,100303,162,99993,162,100319,162,99953,362,100420,100,99921,100,100618,100,99866,100,100650,100,99859,100,100680,100,99852,100,100957,100,99799,100
2019-06-28 09:48:07.851624198,100184,162,100062,162,100223,162,100060,362,100279,162,100059,162,100303,162,99993,162,100319,162,99953,362,100420,100,99866,100,100618,100,99859,100,100650,100,99852,100,100680,100,99799,100,100768,100,99714,100
2019-06-28 09:48:10.000000000,100184,178,100062,178,100223,178,100060,378,100279,178,100059,178,100303,178,99993,178,100319,100,99953,300,100420,100,99866,100,100618,100,99859,100,100650,100,99852,100,100680,100,99799,100,100768,100,99714,100
2019-06-28 09:48:20.000000000,100184,162,100062,162,100223,162,100060,362,100279,162,100059,162,100303,162,99993,162,100319,162,99953,362,100420,100,99866,100,100618,100,99859,100,100650,100,99852,100,100680,100,99799,100,100768,100,99714,100
2019-06-28 09:48:30.000000000,100184,206,100062,206,100223,203,100060,403,100279,203,100059,203,100303,100,99993,100,100319,100,99953,300,100420,100,99866,100,100618,100,99859,100,100650,100,99852,100,100680,100,99799,100,100768,100,99714,100
2019-06-28 09:48:40.000000000,100184,206,100062,206,100223,203,100060,403,100279,203,100059,203,100303,100,99993,100,100319,100,99953,300,100420,100,99866,100,100618,100,99859,100,100650,100,99852,100,100680,100,99799,100,100768,100,99714,100
2019-06-28 09:48:50.000000000,100184,162,100062,162,100223,162,100060,362,100279,162,100059,162,100303,162,99993,162,100319,162,99953,362,100420,100,99866,100,100618,100,99859,100,100650,100,99852,100,100680,100,99799,100,100768,100,99714,100
2019-06-28 09:49:00.000000000,100184,256,100062,256,100223,256,100060,456,100279,100,100059,100,100303,100,99993,100,100319,100,99953,300,100420,100,99866,100,100618,100,99859,100,100650,100,99852,100,100680,100,99799,100,100768,100,99714,100
2019-06-28 09:49:07.044571056,100184,256,100062,256,100223,256,100060,456,100279,100,100059,100,100303,100,99993,100,100319,100,99953,300,100420,100,99866,100,100618,100,99859,100,100650,100,99852,100,100680,100,99799,100,100768,100,99714,100
2019-06-28 09:49:10.000000000,100184,178,100062,178,100223,178,100060,378,100279,178,100059,178,100303,178,99993,178,100319,100,99953,300,100420,100,99866,100,100618,100,99859,100,100650,100,99852,100,100680,100,99799,100,100768,100,99714,100
2019-06-28 09:49:20.000000000,100184,178,100062,178,100223,178,100060,378,100279,178,100059,178,100303,178,99993,178,100319,100,99953,300,100420,100,99866,100,100618,100,99859,100,100650,100,99852,100,100680,100,99799,100,100768,100,99714,100
2019-06-28 09:49:25.523862156,100184,178,100062,178,100223,78,100060,378,100279,178,100059,178,100303,178,99993,178,100319,100,99953,300,100420,100,99866,100,100618,100,99859,100,100650,100,99852,100,100680,100,99799,100,100768,100,99714,100
2019-06-28 09:49:30.000000000,100184,178,100062,178,100279,178,100060,378,100303,178,100059,178,100319,178,99993,178,100420,100,99953,300,100618,100,99866,100,100650,100,99859,100,100680,100,99852,100,100768,100,99799,100,100957,100,99714,100
2019-06-28 09:49:36.544472766,100184,178,100062,178,100279,178,100060,378,100303,178,100059,178,100319,178,99993,178,100420,100,99953,300,100618,100,99866,100,100650,100,99859,100,100680,100,99852,100,100768,100,99799,100,100957,100,99714,100
2019-06-28 09:49:36.778344438,100184,78,100062,178,100279,178,100060,378,100303,178,100059,178,100319,178,99993,178,100420,100,99953,300,100618,100,99866,100,100650,100,99859,100,100680,100,99852,100,100768,100,99799,100,100957,100,99714,100
2019-06-28 09:49:38.258105407,100279,178,100184,22,100303,178,100062,178,100319,178,100060,378,100420,100,100059,178,100618,100,99993,178,100650,100,99953,300,100680,100,99866,100,100768,100,99859,100,100957,100,99852,100,100966,100,99799,100
2019-06-28 09:49:38.602117828,100279,178,100184,22,100303,178,100062,178,100319,178,100060,378,100420,100,100059,178,100618,100,99993,178,100650,100,99953,300,100680,100,99866,100,100768,100,99859,100,100957,100,99852,100,100966,100,99799,100
2019-06-28 09:49:40.000000000,100279,256,100184,178,100303,256,100062,256,100319,100,100060,300,100420,100,100059,100,100618,100,99993,100,100650,100,99953,300,100680,100,99866,100,100768,100,99859,100,100957,100,99852,100,100966,100,99799,100
2019-06-28 09:49:45.954130813,100279,256,100184,178,100303,256,100062,256,100319,100,100060,300,100420,100,100059,100,100618,100,99993,100,100650,100,99953,300,100680,100,99866,100,100768,100,99859,100,100957,100,99852,100,100966,100,99799,100
2019-06-28 09:49:50.000000000,100279,412,100184,334,100303,100,100062,100,100319,100,100060,300,100420,100,100059,100,100618,100,99993,100,100650,100,99953,300,100680,100,99866,100,100768,100,99859,100,100957,100,99852,100,100966,100,99799,100
2019-06-28 09:50:00.000000000,100279,206,100184,128,100303,203,100062,203,100319,203,100060,403,100420,100,100059,100,100618,100,99993,100,100650,100,99953,300,100680,100,99866,100,100768,100,99859,100,100957,100,99852,100,100966,100,99799,100
2019-06-28 09:50:10.000000000,100279,256,100184,178,100303,256,100062,256,100319,100,100060,300,100420,100,100059,100,100618,100,99993,100,100650,100,99953,300,100680,100,99866,100,100768,100,99859,100,100957,100,99852,100,100966,100,99799,100
2019-06-28 09:50:14.950572794,100279,256,100184,278,100303,256,100062,256,100319,100,100060,300,100420,100,100059,100,100618,100,99993,100,100650,100,99953,300,100680,100,99866,100,100768,100,99859,100,100957,100,99852,100,100966,100,99799,100
2019-06-28 09:50:20.000000000,100279,162,100184,184,100303,162,100062,162,100319,162,100060,362,100420,162,100059,162,100618,162,99993,162,100650,100,99953,300,100680,100,99866,100,100768,100,99859,100,100957,100,99852,100,100966,100,99799,100
2019-06-28 09:50:26.753058781,100279,162,100184,284,100303,162,100062,162,100319,162,100060,362,100420,162,100059,162,100618,162,99993,162,100650,100,99953,200,100680,100,99866,100,100768,100,99859,100,100957,100,99852,100,100966,100,99799,100
2019-06-28 09:50:28.278821962,100279,162,100184,284,100303,162,100062,162,100319,162,100060,362,100420,162,100059,162,100618,162,99993,162,100650,100,99953,200,100680,100,99866,100,100768,100,99859,100,100957,100,99852,100,100966,100,99799,100
2019-06-28 09:50:30.000000000,100279,162,100184,284,100303,162,100062,162,100319,162,100060,362,100420,162,100059,162,100618,162,99993,162,100650,100,99953,200,100680,100,99866,100,100768,100,99859,100,100957,100,99852,100,100966,100,99799,100
2019-06-28 09:50:38.526008763,100279,162,100184,284,100303,162,100062,162,100319,162,100060,362,100420,162,100059,162,100618,162,99993,162,100650,100,99953,200,100680,100,99866,100,100768,100,99859,100,100856,100,99799,100,100957,100,99714,100
2019-06-28 09:50:40.000000000,100279,206,100184,328,100303,203,100062,203,100319,203,100060,403,100420,100,100059,100,100618,100,99993,100,100650,100,99953,200,100680,100,99866,100,100768,100,99859,100,100856,100,99799,100,100957,100,99714,100
2019-06-28 09:50:41.498721172,100279,206,100184,328,100303,203,100062,203,100319,203,100060,403,100420,100,100059,100,100618,100,99993,100,100650,100,99953,200,100680,100,99866,100,100768,100,99859,100,100856,100,99799,100,100880,100,99714,100
2019-06-28 09:50:50.000000000,100279,162,100184,284,100303,162,100062,162,100319,162,100060,362,100420,162,100059,162,100618,162,99993,162,100650,100,99953,200,100680,100,99866,100,100768,100,99859,100,100856,100,99799,100,100880,100,99714,100
2019-06-28 09:51:00.000000000,100279,206,100184,328,100303,203,100062,203,100319,203,100060,403,100420,100,100059,100,100618,100,99993,100,100650,100,99953,200,100680,100,99866,100,100768,100,99859,100,100856,100,99799,100,100880,100,99714,100
2019-06-28 09:51:00.108459799,100279,206,100184,328,100303,203,100062,203,100319,203,100060,403,100420,100,100059,100,100618,100,99993,100,100680,100,99953,200,100768,100,99866,100,100856,100,99859,100,100880,100,99799,100,100957,100,99714,100
2019-06-28 09:51:10.000000000,100279,178,100184,300,100303,178,100062,178,100319,178,100060,378,100420,178,100059,178,100618,100,99993,100,100680,100,99953,200,100768,100,99866,100,100856,100,99859,100,100880,100,99799,100,100957,100,99714,100
2019-06-28 09:51:15.424189002,100279,178,100184,300,100303,178,100062,178,100319,178,100060,378,100420,178,100059,178,100618,100,99993,100,100680,100,99953,200,100768,100,99866,100,100856,100,99859,100,100880,100,99799,100,100957,100,99714,100
2019-06-28 09:51:16.488607189,100279,178,100184,300,100303,178,100062,178,100319,78,100060,378,100420,178,100059,178,100618,100,99993,100,100680,100,99953,200,100768,100,99866,100,100856,100,99859,100,100880,100,99799,100,100957,100,99714,100
2019-06-28 09:51:20.000000000,100279,412,100184,534,100303,100,100062,100,100420,100,100060,300,100618,100,100059,100,100680,100,99993,100,100768,100,99953,200,100856,100,99866,100,100880,100,99859,100,100957,100,99799,100,100966,100,99714,100
2019-06-28 09:51:22.968511515,100279,312,100184,534,100303,100,100062,100,100420,100,100060,300,100618,100,100059,100,100680,100,99993,100,100768,100,99953,200,100856,100,99866,100,100957,100,99859,100,100966,100,99799,100,100977,100,99714,100
2019-06-28 09:51:24.734517244,100279,212,100184,534,100303,100,100062,100,100420,100,100060,300,100618,100,100059,100,100680,100,99993,100,100768,100,99953,200,100856,100,99866,100,100957,100,99859,100,100966,100,99799,100,100977,100,99714,100
2019-06-28 09:51:30.000000000,100303,162,100184,284,100420,162,100062,162,100618,162,100060,362,100680,162,100059,162,100768,162,99993,162,100856,100,99953,200,100957,100,99866,100,100966,100,99859,100,100977,100,99799,100,101055,100,99714,100
2019-06-28 09:51:40.000000000,100303,256,100184,378,100420,256,100062,256,100618,100,100060,300,100680,100,100059,100,100768,100,99993,100,100856,100,99953,200,100957,100,99866,100,100966,100,99859,100,100977,100,99799,100,101055,100,99714,100
2019-06-28 09:51:49.796628761,100303,256,100184,378,100420,156,100062,256,100618,100,100060,300,100680,100,100059,100,100752,100,99993,100,100768,100,99953,200,100856,100,99866,100,100957,100,99859,100,100966,100,99799,100,100977,100,99714,100
2019-06-28 09:51:50.000000000,100303,412,100184,534,100618,100,100062,100,100680,100,100060,300,100752,100,100059,100,100768,100,99993,100,100856,100,99953,200,100957,100,99866,100,100966,100,99859,100,100977,100,99799,100,101055,100,99714,100
2019-06-28 09:51:58.201183771,100303,412,100279,100,100618,100,100184,534,100680,100,100062,100,100752,100,100060,300,100768,100,100059,100,100856,100,99993,100,100957,100,99953,200,100966,100,99866,100,100977,100,99859,100,101055,100,99799,100
2019-06-28 09:52:00.000000000,100303,178,100279,178,100618,178,100184,300,100680,178,100062,178,100752,178,100060,378,100768,100,100059,100,100856,100,99993,100,100957,100,99953,200,100966,100,99866,100,100977,100,99859,100,101055,100,99799,100
2019-06-28 09:52:08.260138658,100303,178,100279,178,100618,178,100184,300,100680,178,100062,178,100752,178,100060,378,100768,100,100059,100,100856,100,99993,100,100957,100,99953,200,100966,100,99866,100,100977,100,99859,100,101055,100,99799,100
2019-06-28 09:52:10.000000000,100303,162,100279,162,100618,162,100184,284,100680,162,100062,162,100752,162,100060,362,100768,162,100059,162,100856,100,99993,100,100957,100,99953,200,100966,100,99866,100,100977,100,99859,100,101055,100,99799,100
2019-06-28 09:52:20.000000000,100303,178,100279,178,100618,178,100184,300,100680,178,100062,178,100752,178,100060,378,100768,100,100059,100,100856,100,99993,100,100957,100,99953,200,100966,100,99866,100,100977,100,99859,100,101055,100,99799,100
2019-06-28 09:52:30.000000000,100303,178,100279,178,100618,178,100184,300,100680,178,100062,178,100752,178,100060,378,100768,100,100059,100,100856,100,99993,100,100957,100,99953,200,100966,100,99866,100,100977,100,99859,100,101055,100,99799,100
2019-06-28 09:52:40.000000000,100303,178,100279,178,100618,178,100184,300,100680,178,100062,178,100752,178,100060,378,100768,100,100059,100,100856,100,99993,100,100957,100,99953,200,100966,100,99866,100,100977,100,99859,100,101055,100,99799,100
2019-06-28 09:52:44.453783894,100303,178,100279,178,100618,178,100184,300,100680,178,100062,178,100752,178,100060,378,100768,100,100059,100,100856,100,99993,100,100957,100,99953,200,100966,100,99866,100,100977,100,99859,100,101055,100,99799,100
2019-06-28 09:52:50.000000000,100303,162,100279,162,100618,162,100184,284,100680,162,100062,162,100752,162,100060,362,100768,162,100059,162,100856,100,99993,100,100957,100,99953,200,100966,100,99866,100,100977,100,99859,100,101055,100,99799,100
2019-06-28 09:52:50.717137260,100303,162,100279,162,100618,162,100184,284,100680,162,100062,162,100752,162,100060,362,100768,162,100059,162,100856,100,99953,200,100957,100,99866,100,100966,100,99859,100,100977,100,99799,100,101055,100,99714,100
2019-06-28 09:53:00.000000000,100303,256,100279,256,100618,256,100184,378,100680,100,100062,100,100752,100,100060,300,100768,100,100059,100,100856,100,99953,200,100957,100,99866,100,100966,100,99859,100,100977,100,99799,100,101055,100,99714,100
2019-06-28 09:53:10.000000000,100303,256,100279,256,100618,256,100184,378,100680,100,100062,100,100752,100,100060,300,100768,100,100059,100,100856,100,99953,200,100957,100,99866,100,100966,100,99859,100,100977,100,99799,100,101055,100,99714,100
2019-06-28 09:53:17.872030116,100303,256,100279,256,100618,256,100184,278,100680,100,100062,100,100752,100,100060,300,100768,100,100059,100,100856,100,99953,200,100957,100,99866,100,100966,100,99859,100,100977,100,99799,100,101055,100,99714,100
2019-06-28 09:53:20.000000000,100303,412,100279,412,100618,100,100184,122,100680,100,100062,100,100752,100,100060,300,100768,100,100059,100,100856,100,99953,200,100957,100,99866,100,100966,100,99859,100,100977,100,99799,100,101055,100,99714,100
2019-06-28 09:53:30.000000000,100303,206,100279,206,100618,203,100184,225,100680,203,100062,203,100752,100,100060,300,100768,100,100059,100,100856,100,99953,200,100957,100,99866,100,100966,100,99859,100,100977,100,99799,100,101055,100,99714,100
2019-06-28 09:53:40.000000000,100303,178,100279,178,100618,178,100184,200,100680,178,100062,178,100752,178,100060,378,100768,100,100059,100,100856,100,99953,200,100957,100,99866,100,100966,100,99859,100,100977,100,99799,100,101055,100,99714,100
2019-06-28 09:53:50.000000000,100303,206,100279,206,100618,203,100184,225,100680,203,100062,203,100752,100,100060,300,100768,100,100059,100,100856,100,99953,200,100957,100,99866,100,100966,100,99859,100,100977,100,99799,100,101055,100,99714,100
2019-06-28 09:54:00.000000000,100303,162,100279,162,100618,162,100184,184,100680,162,100062,162,100752,162,100060,362,100768,162,100059,162,100856,100,99953,200,100957,100,99866,100,100966,100,99859,100,100977,100,99799,100,101055,100,99714,100
2019-06-28 09:54:05.774760989,100303,62,100279,162,100618,162,100184,184,100680,162,100062,162,100752,162,100060,362,100768,162,100059,162,100856,100,99953,200,100957,100,99866,100,100966,100,99859,100,100977,100,99799,100,101055,100,99714,100
2019-06-28 09:54:08.831740339,100303,62,100279,162,100618,162,100184,184,100680,162,100062,162,100752,162,100060,362,100768,162,100059,162,100856,100,99953,200,100957,100,99866,100,100966,100,99859,100,100977,100,99799,100,101055,100,99714,100
2019-06-28 09:54:10.000000000,100618,162,100279,162,100680,162,100184,184,100752,162,100062,162,100768,162,100060,362,100856,162,100059,162,100957,100,99953,200,100966,100,99866,100,100977,100,99859,100,101055,100,99799,100,101139,100,99714,100
2019-06-28 09:54:20.000000000,100618,178,100279,178,100680,178,100184,200,100752,178,100062,178,100768,178,100060,378,100856,100,100059,100,100957,100,99953,200,100966,100,99866,100,100977,100,99859,100,101055,100,99799,100,101139,100,99714,100
2019-06-28 09:54:30.000000000,100618,178,100279,178,100680,178,100184,200,100752,178,100062,178,100768,178,100060,378,100856,100,100059,100,100957,100,99953,200,100966,100,99866,100,100977,100,99859,100,101055,100,99799,100,101139,100,99714,100
2019-06-28 09:54:40.000000000,100618,178,100279,178,100680,178,100184,200,100752,178,100062,178,100768,178,100060,378,100856,100,100059,100,100957,100,99953,200,100966,100,99866,100,100977,100,99859,100,101055,100,99799,100,101139,100,99714,100
2019-06-28 09:54:49.207713919,100618,78,100279,178,100680,178,100184,200,100752,178,100147,100,100768,178,100062,178,100856,100,100060,378,100957,100,100059,100,100966,100,99953,200,100977,100,99866,100,101055,100,99859,100,101139,100,99799,100
2019-06-28 09:54:50.000000000,100680,206,100279,206,100752,203,100184,225,100768,203,100147,203,100856,100,100062,100,100957,100,100060,300,100966,100,100059,100,100977,100,99953,200,101055,100,99866,100,101139,100,99859,100,101198,100,99799,100
2019-06-28 09:54:53.056661812,100680,206,100365,100,100752,203,100279,206,100768,203,100184,225,100856,100,100147,203,100957,100,100062,100,100966,100,100060,300,100977,100,100059,100,101055,100,99953,200,101139,100,99866,100,101198,100,99859,100
2019-06-28 09:54:54.535645975,100435,100,100365,100,100680,206,100279,206,100752,203,100184,225,100768,203,100147,203,100856,100,100062,100,100957,100,100060,300,100966,100,100059,100,100977,100,99953,200,101055,100,99866,100,101139,100,99859,100
2019-06-28 09:55:00.000000000,100435,178,100365,178,100680,178,100279,178,100752,178,100184,200,100768,178,100147,178,100856,100,100062,100,100957,100,100060,300,100966,100,100059,100,100977,100,99953,200,101055,100,99866,100,101139,100,99859,100
2019-06-28 09:55:04.116167159,100435,178,100365,78,100680,178,100279,178,100752,178,100184,200,100768,178,100147,178,100856,100,100062,100,100957,100,100060,300,100966,100,100059,100,100977,100,99953,200,101139,100,99866,100,101198,100,99859,100
2019-06-28 09:55:10.000000000,100435,256,100279,256,100680,256,100184,278,100752,100,100147,100,100768,100,100062,100,100856,100,100060,300,100957,100,100059,100,100966,100,99953,200,100977,100,99866,100,101139,100,99859,100,101198,100,99799,100
2019-06-28 09:55:20.000000000,100435,162,100279,162,100680,162,100184,184,100752,162,100147,162,100768,162,100062,162,100856,162,100060,362,100957,100,100059,100,100966,100,99953,200,100977,100,99866,100,101139,100,99859,100,101198,100,99799,100
2019-06-28 09:55:30.000000000,100435,178,100279,178,100680,178,100184,200,100752,178,100147,178,100768,178,100062,178,100856,100,100060,300,100957,100,100059,100,100966,100,99953,200,100977,100,99866,100,101139,100,99859,100,101198,100,99799,100
2019-06-28 09:55:40.000000000,100435,412,100279,412,100680,100,100184,122,100752,100,100147,100,100768,100,100062,100,100856,100,100060,300,100957,100,100059,100,100966,100,99953,200,100977,100,99866,100,101139,100,99859,100,101198,100,99799,100
2019-06-28 09:55:41.886368430,100435,412,100279,412,100680,100,100184,122,100752,100,100147,100,100768,100,100062,100,100856,100,100060,300,100957,100,100059,100,100966,100,99953,200,100977,100,99923,100,101139,100,99866,100,101198,100,99859,100
2019-06-28 09:55:43.260092512,100435,412,100279,312,100680,100,100184,122,100752,100,100062,100,100768,100,100060,300,100856,100,100059,100,100957,100,99953,200,100966,100,99923,100,100977,100,99866,100,101139,100,99859,100,101198,100,99799,100
2019-06-28 09:55:45.217544750,100435,412,100279,312,100680,100,100184,122,100752,100,100062,100,100768,100,100060,300,100856,100,100059,100,100957,100,99953,200,100966,100,99923,100,100977,100,99895,100,101139,100,99866,100,101198,100,99859,100
2019-06-28 09:55:50.000000000,100435,412,100184,434,100680,100,100062,100,100752,100,100060,300,100768,100,100059,100,100856,100,99953,200,100957,100,99923,100,100966,100,99895,100,100977,100,99866,100,101139,100,99859,100,101198,100,99799,100
2019-06-28 09:56:00.000000000,100435,256,100184,278,100680,256,100062,256,100752,100,100060,300,100768,100,100059,100,100856,100,99953,200,100957,100,99923,100,100966,100,99895,100,100977,100,99866,100,101139,100,99859,100,101198,100,99799,100
2019-06-28 09:56:05.999178196,100435,256,100184,278,100680,256,100062,256,100752,100,100060,300,100768,100,100059,100,100856,100,99953,200,100957,100,99923,100,100966,100,99895,100,100977,100,99866,100,101139,100,99859,100,101198,100,99850,100
2019-06-28 09:56:10.000000000,100435,162,100184,184,100680,162,100062,162,100752,162,100060,362,100768,162,100059,162,100856,162,99953,262,100957,100,99923,100,100966,100,99895,100,100977,100,99866,100,101139,100,99859,100,101198,100,99850,100
2019-06-28 09:56:10.253493066,100365,100,100184,184,100435,162,100062,162,100680,162,100060,362,100752,162,100059,162,100768,162,99953,262,100856,162,99923,100,100957,100,99895,100,100966,100,99866,100,100977,100,99859,100,101139,100,99850,100
2019-06-28 09:56:20.000000000,100365,178,100184,200,100435,178,100062,178,100680,178,100060,378,100752,178,100059,178,100768,100,99953,200,100856,100,99923,100,100957,100,99895,100,100966,100,99866,100,100977,100,99859,100,101139,100,99850,100
2019-06-28 09:56:30.000000000,100365,162,100184,184,100435,162,100062,162,100680,162,100060,362,100752,162,100059,162,100768,162,99953,262,100856,100,99923,100,100957,100,99895,100,100966,100,99866,100,100977,100,99859,100,101139,100,99850,100
2019-06-28 09:56:33.296076345,100365,162,100301,100,100435,162,100184,184,100680,162,100062,162,100752,162,100060,362,100768,162,100059,162,100856,100,99953,262,100957,100,99923,100,100966,100,99895,100,100977,100,99866,100,101139,100,99859,100
2019-06-28 09:56:35.534151594,100365,162,100301,100,100435,162,100184,184,100680,162,100062,162,100752,162,100060,362,100768,162,100059,162,100856,100,100047,100,100957,100,99953,262,100966,100,99923,100,100977,100,99895,100,101139,100,99866,100
2019-06-28 09:56:40.000000000,100365,256,100301,256,100435,256,100184,278,100680,100,100062,100,100752,100,100060,300,100768,100,100059,100,100856,100,100047,100,100957,100,99953,200,100966,100,99923,100,100977,100,99895,100,101139,100,99866,100
2019-06-28 09:56:43.862575653,100365,256,100353,100,100435,256,100301,256,100680,100,100184,278,100752,100,100062,100,100768,100,100060,300,100856,100,100059,100,100957,100,100047,100,100966,100,99953,200,100977,100,99923,100,101139,100,99895,100
2019-06-28 09:56:45.335047658,100365,256,100353,100,100435,256,100301,256,100680,100,100184,278,100752,100,100117,100,100768,100,100062,100,100856,100,100060,300,100957,100,100059,100,100966,100,100047,100,100977,100,99953,200,101139,100,99923,100
2019-06-28 09:56:49.285726744,100365,356,100353,100,100435,256,100301,256,100680,100,100184,278,100752,100,100117,100,100768,100,100062,100,100856,100,100060,300,100957,100,100059,100,100966,100,100047,100,100977,100,99953,200,101139,100,99923,100
2019-06-28 09:56:50.000000000,100365,356,100353,256,100435,256,100301,256,100680,100,100184,122,100752,100,100117,100,100768,100,100062,100,100856,100,100060,300,100957,100,100059,100,100966,100,100047,100,100977,100,99953,200,101139,100,99923,100
2019-06-28 09:57:00.000000000,100365,278,100353,178,100435,178,100301,178,100680,178,100184,200,100752,178,100117,178,100768,100,100062,100,100856,100,100060,300,100957,100,100059,100,100966,100,100047,100,100977,100,99953,200,101139,100,99923,100
2019-06-28 09:57:01.079320134,100365,278,100353,178,100435,178,100301,178,100680,178,100280,100,100752,178,100184,200,100768,100,100117,178,100856,100,100062,100,100957,100,100060,300,100966,100,100059,100,100977,100,100047,100,101139,100,99953,200
2019-06-28 09:57:10.000000000,100365,278,100353,178,100435,178,100301,178,100680,178,100280,178,100752,178,100184,200,100768,100,100117,100,100856,100,100062,100,100957,100,100060,300,100966,100,100059,100,100977,100,100047,100,101139,100,99953,200
2019-06-28 09:57:19.078857323,100365,278,100353,78,100435,178,100301,178,100680,178,100280,178,100752,178,100184,200,100768,100,100117,100,100856,100,100062,100,100957,100,100060,300,100966,100,100059,100,100977,100,100047,100,101139,100,99953,200
2019-06-28 09:57:20.000000000,100365,262,100301,162,100435,162,100280,162,100680,162,100184,184,100752,162,100117,162,100768,162,100062,162,100856,100,100060,300,100957,100,100059,100,100966,100,100047,100,100977,100,99953,200,101139,100,99923,100
2019-06-28 09:57:30.000000000,100365,512,100301,412,100435,100,100280,100,100680,100,100184,122,100752,100,100117,100,100768,100,100062,100,100856,100,100060,300,100957,100,100059,100,100966,100,100047,100,100977,100,99953,200,101139,100,99923,100
2019-06-28 09:57:40.000000000,100365,356,100301,256,100435,256,100280,256,100680,100,100184,122,100752,100,100117,100,100768,100,100062,100,100856,100,100060,300,100957,100,100059,100,100966,100,100047,100,100977,100,99953,200,101139,100,99923,100
2019-06-28 09:57:50.000000000,100365,512,100301,412,100435,100,100280,100,100680,100,100184,122,100752,100,100117,100,100768,100,100062,100,100856,100,100060,300,100957,100,100059,100,100966,100,100047,100,100977,100,99953,200,101139,100,99923,100
2019-06-28 09:57:53.020822679,100365,512,100301,312,100435,100,100280,100,100680,100,100184,122,100768,100,100117,100,100856,100,100062,100,100957,100,100060,300,100966,100,100059,100,100977,100,100047,100,101139,100,99953,200,101198,100,99923,100
2019-06-28 09:58:00.000000000,100365,306,100280,206,100435,203,100184,225,100680,203,100117,203,100768,100,100062,100,100856,100,100060,300,100957,100,100059,100,100966,100,100047,100,100977,100,99953,200,101139,100,99923,100,101198,100,99895,100
2019-06-28 09:58:10.000000000,100365,262,100280,162,100435,162,100184,184,100680,162,100117,162,100768,162,100062,162,100856,162,100060,362,100957,100,100059,100,100966,100,100047,100,100977,100,99953,200,101139,100,99923,100,101198,100,99895,100
2019-06-28 09:58:16.908961753,100365,262,100280,162,100435,162,100184,184,100680,162,100117,162,100768,162,100062,162,100856,162,100060,362,100957,100,100059,100,100966,100,100047,100,100977,100,99968,100,101139,100,99953,200,101198,100,99923,100
2019-06-28 09:58:20.000000000,100365,278,100280,178,100435,178,100184,200,100680,178,100117,178,100768,178,100062,178,100856,100,100060,300,100957,100,100059,100,100966,100,100047,100,100977,100,99968,100,101139,100,99953,200,101198,100,99923,100
2019-06-28 09:58:30.000000000,100365,512,100280,412,100435,100,100184,122,100680,100,100117,100,100768,100,100062,100,100856,100,100060,300,100957,100,100059,100,100966,100,100047,100,100977,100,99968,100,101139,100,99953,200,101198,100,99923,100
2019-06-28 09:58:40.000000000,100365,262,100280,162,100435,162,100184,184,100680,162,100117,162,100768,162,100062,162,100856,162,100060,362,100957,100,100059,100,100966,100,100047,100,100977,100,99968,100,101139,100,99953,200,101198,100,99923,100
2019-06-28 09:58:50.000000000,100365,262,100280,162,100435,162,100184,184,100680,162,100117,162,100768,162,100062,162,100856,162,100060,362,100957,100,100059,100,100966,100,100047,100,100977,100,99968,100,101139,100,99953,200,101198,100,99923,100
2019-06-28 09:59:00.000000000,100365,278,100280,178,100435,178,100184,200,100680,178,100117,178,100768,178,100062,178,100856,100,100060,300,100957,100,100059,100,100966,100,100047,100,100977,100,99968,100,101139,100,99953,200,101198,100,99923,100
2019-06-28 09:59:03.925874758,100365,278,100280,178,100435,178,100220,100,100680,178,100184,200,100768,178,100117,178,100856,100,100062,178,100957,100,100060,300,100966,100,100059,100,100977,100,100047,100,101139,100,99968,100,101198,100,99953,200
2019-06-28 09:59:04.268556837,100365,278,100302,100,100435,178,100280,178,100680,178,100220,100,100768,178,100184,200,100856,100,100117,178,100957,100,100062,178,100966,100,100060,300,100977,100,100059,100,101139,100,100047,100,101198,100,99968,100
2019-06-28 09:59:10.000000000,100365,306,100302,206,100435,203,100280,203,100680,203,100220,203,100768,100,100184,122,100856,100,100117,100,100957,100,100062,100,100966,100,100060,300,100977,100,100059,100,101139,100,100047,100,101198,100,99968,100
2019-06-28 09:59:20.000000000,100365,356,100302,256,100435,256,100280,256,100680,100,100220,100,100768,100,100184,122,100856,100,100117,100,100957,100,100062,100,100966,100,100060,300,100977,100,100059,100,101139,100,100047,100,101198,100,99968,100
2019-06-28 09:59:23.277575488,100365,356,100316,100,100435,256,100302,256,100680,100,100280,256,100768,100,100220,100,100856,100,100184,122,100957,100,100117,100,100966,100,100062,100,100977,100,100060,300,101139,100,100059,100,101198,100,100047,100
2019-06-28 09:59:30.000000000,100365,306,100316,206,100435,203,100302,203,100680,203,100280,203,100768,100,100220,100,100856,100,100184,122,100957,100,100117,100,100966,100,100062,100,100977,100,100060,300,101139,100,100059,100,101198,100,100047,100
2019-06-28 09:59:30.372541200,100365,306,100316,206,100435,203,100302,203,100680,203,100280,103,100768,100,100220,100,100856,100,100184,122,100957,100,100117,100,100966,100,100062,100,100977,100,100060,300,101139,100,100059,100,101198,100,100047,100
2019-06-28 09:59:35.879934932,100365,306,100354,100,100435,203,100316,206,100680,203,100302,203,100768,100,100280,103,100856,100,100220,100,100957,100,100184,122,100966,100,100117,100,100977,100,100062,100,101139,100,100060,300,101198,100,100059,100
2019-06-28 09:59:40.000000000,100365,278,100354,178,100435,178,100316,178,100680,178,100302,178,100768,178,100220,178,100856,100,100184,122,100957,100,100117,100,100966,100,100062,100,100977,100,100060,300,101139,100,100059,100,101198,100,100047,100
2019-06-28 09:59:50.000000000,100365,512,100354,412,100435,100,100316,100,100680,100,100302,100,100768,100,100220,100,100856,100,100184,122,100957,100,100117,100,100966,100,100062,100,100977,100,100060,300,101139,100,100059,100,101198,100,100047,100
2019-06-28 09:59:51.379532410,100365,512,100354,312,100435,100,100316,100,100680,100,100302,100,100768,100,100220,100,100856,100,100184,122,100957,100,100117,100,100966,100,100062,100,100977,100,100060,200,101139,100,100059,100,101198,100,100047,100
2019-06-28 10:00:00.000000000,100365,356,100316,256,100435,256,100302,256,100680,100,100220,100,100768,100,100184,122,100856,100,100117,100,100957,100,100062,100,100966,100,100060,200,100977,100,100059,100,101139,100,100047,100,101198,100,99968,100
2019-06-28 10:00:10.000000000,100365,306,100316,206,100435,203,100302,203,100680,203,100220,203,100768,100,100184,122,100856,100,100117,100,100957,100,100062,100,100966,100,100060,200,100977,100,100059,100,101139,100,100047,100,101198,100,99968,100
2019-06-28 10:00:20.000000000,100365,512,100316,412,100435,100,100302,100,100680,100,100220,100,100768,100,100184,122,100856,100,100117,100,100957,100,100062,100,100966,100,100060,200,100977,100,100059,100,101139,100,100047,100,101198,100,99968,100
2019-06-28 10:00:30.000000000,100365,356,100316,256,100435,256,100302,256,100680,100,100220,100,100768,100,100184,122,100856,100,100117,100,100957,100,100062,100,100966,100,100060,200,100977,100,100059,100,101139,100,100047,100,101198,100,99968,100
2019-06-28 10:00:34.123229940,100365,256,100316,256,100435,256,100302,256,100680,100,100220,100,100768,100,100184,122,100856,100,100117,100,100957,100,100062,100,100966,100,100060,200,100977,100,100059,100,101139,100,100047,100,101198,100,99968,100
2019-06-28 10:00:40.000000000,100365,178,100316,178,100435,178,100302,178,100680,178,100220,178,100768,178,100184,200,100856,100,100117,100,100957,100,100062,100,100966,100,100060,200,100977,100,100059,100,101139,100,100047,100,101198,100,99968,100
2019-06-28 10:00:41.948668047,100365,178,100316,78,100435,178,100302,178,100680,178,100220,178,100768,178,100184,200,100856,100,100117,100,100957,100,100062,100,100966,100,100060,200,100977,100,100059,100,101139,100,99968,100,101198,100,99953,200
2019-06-28 10:00:48.960142518,100316,22,100302,178,100365,178,100220,178,100435,178,100184,200,100680,178,100117,100,100768,178,100062,100,100856,100,100060,200,100957,100,100059,100,100966,100,99968,100,100977,100,99953,200,101139,100,99923,100
2019-06-28 10:00:50.000000000,100316,178,100302,256,100365,256,100220,256,100435,100,100184,122,100680,100,100117,100,100768,100,100062,100,100856,100,100060,200,100957,100,100059,100,100966,100,99968,100,100977,100,99953,200,101139,100,99923,100
2019-06-28 10:00:50.950097530,100316,178,100302,256,100365,256,100220,256,100435,100,100184,122,100680,100,100117,100,100768,100,100106,100,100856,100,100062,100,100957,100,100060,200,100966,100,100059,100,100977,100,99968,100,101139,100,99953,200
2019-06-28 10:01:00.000000000,100316,100,100302,178,100365,178,100220,178,100435,178,100184,200,100680,178,100117,178,100768,100,100106,100,100856,100,100062,100,100957,100,100060,200,100966,100,100059,100,100977,100,99968,100,101139,100,99953,200
2019-06-28 10:01:10.000000000,100316,128,100302,206,100365,203,100220,203,100435,203,100184,225,100680,100,100117,100,100768,100,100106,100,100856,100,100062,100,100957,100,100060,200,100966,100,100059,100,100977,100,99968,100,101139,100,99953,200
2019-06-28 10:01:17.173309291,100316,128,100302,206,100365,203,100220,203,100435,203,100184,225,100523,100,100117,100,100680,100,100106,100,100768,100,100062,100,100856,100,100060,200,100957,100,100059,100,100966,100,99968,100,100977,100,99953,200
2019-06-28 10:01:20.000000000,100316,178,100302,256,100365,256,100220,256,100435,100,100184,122,100523,100,100117,100,100680,100,100106,100,100768,100,100062,100,100856,100,100060,200,100957,100,100059,100,100966,100,99968,100,100977,100,99953,200
2019-06-28 10:01:30.000000000,100316,100,100302,178,100365,178,100220,178,100435,178,100184,200,100523,178,100117,178,100680,100,100106,100,100768,100,100062,100,100856,100,100060,200,100957,100,100059,100,100966,100,99968,100,100977,100,99953,200
2019-06-28 10:01:36.480641740,100316,100,100302,178,100365,178,100220,178,100435,178,100184,200,100468,100,100117,178,100523,178,100106,100,100680,100,100062,100,100768,100,100060,200,100856,100,100059,100,100957,100,99968,100,100966,100,99953,200
2019-06-28 10:01:40.000000000,100316,128,100302,206,100365,203,100220,203,100435,203,100184,225,100468,100,100117,100,100523,100,100106,100,100680,100,100062,100,100768,100,100060,200,100856,100,100059,100,100957,100,99968,100,100966,100,99953,200
2019-06-28 10:01:50.000000000,100316,178,100302,256,100365,256,100220,256,100435,100,100184,122,100468,100,100117,100,100523,100,100106,100,100680,100,100062,100,100768,100,100060,200,100856,100,100059,100,100957,100,99968,100,100966,100,99953,200
2019-06-28 10:02:00.000000000,100316,128,100302,206,100365,203,100220,203,100435,203,100184,225,100468,100,100117,100,100523,100,100106,100,100680,100,100062,100,100768,100,100060,200,100856,100,100059,100,100957,100,99968,100,100966,100,99953,200
2019-06-28 10:02:10.000000000,100316,100,100302,178,100365,178,100220,178,100435,178,100184,200,100468,178,100117,178,100523,100,100106,100,100680,100,100062,100,100768,100,100060,200,100856,100,100059,100,100957,100,99968,100,100966,100,99953,200
2019-06-28 10:02:17.168366122,100316,100,100302,178,100365,178,100220,178,100435,178,100184,200,100468,178,100117,178,100523,100,100106,100,100680,100,100062,100,100768,100,100060,200,100856,100,100059,100,100957,100,99968,100,100966,100,99953,200
2019-06-28 10:02:20.000000000,100316,334,100302,412,100365,100,100220,100,100435,100,100184,122,100468,100,100117,100,100523,100,100106,100,100680,100,100062,100,100768,100,100060,200,100856,100,100059,100,100957,100,99968,100,100966,100,99953,200
2019-06-28 10:02:20.557162518,100316,334,100302,312,100365,100,100220,100,100435,100,100184,122,100468,100,100117,100,100523,100,100106,100,100680,100,100062,100,100768,100,100060,200,100856,100,100059,100,100957,100,99968,100,100966,100,99953,200
2019-06-28 10:02:28.415543218,100315,100,100302,312,100316,334,100220,100,100365,100,100184,122,100435,100,100117,100,100468,100,100106,100,100523,100,100062,100,100680,100,100060,200,100768,100,100059,100,100856,100,99968,100,100957,100,99953,200
2019-06-28 10:02:29.649074240,100315,100,100302,312,100316,334,100220,100,100365,100,100184,122,100435,100,100117,100,100468,100,100106,100,100523,100,100062,100,100680,100,100060,200,100768,100,100059,100,100856,100,100017,100,100957,100,99968,100
2019-06-28 10:02:30.000000000,100315,256,100220,256,100316,178,100184,278,100365,100,100117,100,100435,100,100106,100,100468,100,100062,100,100523,100,100060,200,100680,100,100059,100,100768,100,100017,100,100856,100,99968,100,100957,100,99953,200
2019-06-28 10:02:40.000000000,100315,412,100220,412,100316,22,100184,122,100365,100,100117,100,100435,100,100106,100,100468,100,100062,100,100523,100,100060,200,100680,100,100059,100,100768,100,100017,100,100856,100,99968,100,100957,100,99953,200
2019-06-28 10:02:48.911888117,100315,412,100220,412,100316,22,100184,122,100365,100,100148,100,100468,100,100117,100,100523,100,100106,100,100680,100,100062,100,100768,100,100060,200,100856,100,100059,100,100957,100,100017,100,100966,100,99968,100
2019-06-28 10:02:50.000000000,100315,178,100220,178,100316,100,100184,200,100365,178,100148,178,100468,178,100117,178,100523,100,100106,100,100680,100,100062,100,100768,100,100060,200,100856,100,100059,100,100957,100,100017,100,100966,100,99968,100
2019-06-28 10:02:54.808770665,100315,178,100220,78,100316,100,100184,200,100365,178,100148,178,100468,178,100117,178,100523,100,100106,100,100680,100,100062,100,100768,100,100060,200,100856,100,100059,100,100957,100,100017,100,100966,100,99953,200
2019-06-28 10:03:00.000000000,100315,162,100184,184,100316,84,100148,162,100365,162,100117,162,100468,162,100106,162,100523,162,100062,162,100680,100,100060,200,100768,100,100059,100,100856,100,100017,100,100957,100,99953,200,100966,100,99923,100
2019-06-28 10:03:10.000000000,100315,178,100184,200,100316,100,100148,178,100365,178,100117,178,100468,178,100106,178,100523,100,100062,100,100680,100,100060,200,100768,100,100059,100,100856,100,100017,100,100957,100,99953,200,100966,100,99923,100
2019-06-28 10:03:20.000000000,100315,412,100184,434,100316,22,100148,100,100365,100,100117,100,100468,100,100106,100,100523,100,100062,100,100680,100,100060,200,100768,100,100059,100,100856,100,100017,100,100957,100,99953,200,100966,100,99923,100
2019-06-28 10:03:30.000000000,100315,178,100184,200,100316,100,100148,178,100365,178,100117,178,100468,178,100106,178,100523,100,100062,100,100680,100,100060,200,100768,100,100059,100,100856,100,100017,100,100957,100,99953,200,100966,100,99923,100
2019-06-28 10:03:35.555508677,100315,178,100184,100,100316,100,100148,178,100365,178,100117,178,100468,178,100106,178,100523,100,100062,100,100680,100,100060,200,100768,100,100059,100,100856,100,100017,100,100957,100,99953,200,100966,100,99923,100
2019-06-28 10:03:40.000000000,100315,162,100184,84,100316,84,100148,162,100365,162,100117,162,100468,162,100106,162,100523,162,100062,162,100680,100,100060,200,100768,100,100059,100,100856,100,100017,100,100957,100,99953,200,100966,100,99923,100
2019-06-28 10:03:49.718612418,100315,162,100184,84,100316,84,100148,162,100365,162,100117,162,100468,162,100106,162,100523,162,100062,162,100680,100,100060,200,100768,100,100059,100,100856,100,100017,100,100957,100,99953,100,100966,100,99923,100
2019-06-28 10:03:50.000000000,100315,162,100184,84,100316,84,100148,162,100365,162,100117,162,100468,162,100106,162,100523,162,100062,162,100680,100,100060,200,100768,100,100059,100,100856,100,100017,100,100957,100,99953,100,100966,100,99923,100
2019-06-28 10:04:00.000000000,100315,412,100184,334,100316,22,100148,100,100365,100,100117,100,100468,100,100106,100,100523,100,100062,100,100680,100,100060,200,100768,100,100059,100,100856,100,100017,100,100957,100,99953,100,100966,100,99923,100
2019-06-28 10:04:02.696676748,100315,412,100184,334,100316,22,100148,100,100365,100,100117,100,100468,100,100106,100,100523,100,100062,100,100680,100,100060,200,100768,100,100059,100,100856,100,100017,100,100957,100,99953,100,100966,100,99923,100
2019-06-28 10:04:10.000000000,100315,178,100184,100,100316,100,100148,178,100365,178,100117,178,100468,178,100106,178,100523,100,100062,100,100680,100,100060,200,100768,100,100059,100,100856,100,100017,100,100957,100,99953,100,100966,100,99923,100
2019-06-28 10:04:19.600511171,100315,178,100184,100,100316,100,100148,78,100365,178,100117,178,100468,178,100106,178,100523,100,100062,100,100680,100,100060,200,100768,100,100059,100,100856,100,100017,100,100957,100,99953,100,100966,100,99923,100
2019-06-28 10:04:20.000000000,100315,206,100184,128,100316,125,100117,203,100365,203,100106,203,100468,100,100062,100,100523,100,100060,200,100680,100,100059,100,100768,100,100017,100,100856,100,99953,100,100957,100,99923,100,100966,100,99895,100
2019-06-28 10:04:30.000000000,100315,178,100184,100,100316,100,100117,178,100365,178,100106,178,100468,178,100062,178,100523,100,100060,200,100680,100,100059,100,100768,100,100017,100,100856,100,99953,100,100957,100,99923,100,100966,100,99895,100
2019-06-28 10:04:31.686301527,100315,178,100184,100,100316,100,100117,178,100365,178,100106,178,100468,178,100062,178,100523,100,100060,200,100680,100,100059,100,100768,100,100017,100,100856,100,99953,100,100957,100,99948,100,100966,100,99923,100
2019-06-28 10:04:40.000000000,100315,412,100184,334,100316,22,100117,100,100365,100,100106,100,100468,100,100062,100,100523,100,100060,200,100680,100,100059,100,100768,100,100017,100,100856,100,99953,100,100957,100,99948,100,100966,100,99923,100
2019-06-28 10:04:50.000000000,100315,412,100184,334,100316,22,100117,100,100365,100,100106,100,100468,100,100062,100,100523,100,100060,200,100680,100,100059,100,100768,100,100017,100,100856,100,99953,100,100957,100,99948,100,100966,100,99923,100
2019-06-28 10:04:52.949673466,100315,412,100184,234,100316,22,100117,100,100365,100,100062,100,100468,100,100060,200,100523,100,100059,100,100680,100,100017,100,100768,100,99953,100,100856,100,99948,100,100957,100,99923,100,100966,100,99895,100
2019-06-28 10:04:54.299884569,100315,412,100184,134,100316,22,100117,100,100365,100,100062,100,100468,100,100060,200,100523,100,100059,100,100680,100,100017,100,100768,100,99953,100,100856,100,99948,100,100957,100,99923,100,100966,100,99895,100
2019-06-28 10:05:00.000000000,100315,412,100117,412,100316,22,100062,100,100365,100,100060,200,100468,100,100059,100,100523,100,100017,100,100680,100,99953,100,100768,100,99948,100,100856,100,99923,100,100957,100,99895,100,100966,100,99866,100
2019-06-28 10:05:10.000000000,100315,162,100117,162,100316,84,100062,162,100365,162,100060,262,100468,162,100059,162,100523,162,100017,162,100680,100,99953,100,100768,100,99948,100,100856,100,99923,100,100957,100,99895,100,100966,100,99866,100
2019-06-28 10:05:20.000000000,100315,162,100117,162,100316,84,100062,162,100365,162,100060,262,100468,162,100059,162,100523,162,100017,162,100680,100,99953,100,100768,100,99948,100,100856,100,99923,100,100957,100,99895,100,100966,100,99866,100
2019-06-28 10:05:28.655325061,100315,162,100117,62,100316,84,100062,162,100365,162,100060,262,100468,162,100059,162,100523,162,100017,162,100680,100,99953,100,100768,100,99948,100,100856,100,99923,100,100957,100,99895,100,100966,100,99866,100
2019-06-28 10:05:30.000000000,100315,178,100062,178,100316,100,100060,278,100365,178,100059,178,100468,178,100017,178,100523,100,99953,100,100680,100,99948,100,100768,100,99923,100,100856,100,99895,100,100957,100,99866,100,100966,100,99859,100
2019-06-28 10:05:40.000000000,100315,256,100062,256,100316,178,100060,356,100365,100,100059,100,100468,100,100017,100,100523,100,99953,100,100680,100,99948,100,100768,100,99923,100,100856,100,99895,100,100957,100,99866,100,100966,100,99859,100
2019-06-28 10:05:42.427814395,100315,256,100062,256,100316,178,100060,356,100365,100,100059,100,100468,100,100017,100,100523,100,99995,100,100680,100,99953,100,100768,100,99948,100,100856,100,99923,100,100957,100,99895,100,100966,100,99866,100
2019-06-28 10:05:50.000000000,100315,412,100062,412,100316,22,100060,200,100365,100,100059,100,100468,100,100017,100,100523,100,99995,100,100680,100,99953,100,100768,100,99948,100,100856,100,99923,100,100957,100,99895,100,100966,100,99866,100
2019-06-28 10:05:50.487618299,100315,412,100062,412,100316,22,100060,100,100365,100,100059,100,100468,100,100017,100,100523,100,99995,100,100680,100,99953,100,100768,100,99948,100,100856,100,99923,100,100957,100,99895,100,100966,100,99866,100
2019-06-28 10:06:00.000000000,100315,256,100062,256,100316,178,100060,256,100365,100,100059,100,100468,100,100017,100,100523,100,99995,100,100680,100,99953,100,100768,100,99948,100,100856,100,99923,100,100957,100,99895,100,100966,100,99866,100
2019-06-28 10:06:06.979722982,100184,100,100062,256,100315,256,100060,256,100316,178,100059,100,100365,100,100017,100,100468,100,99995,100,100523,100,99953,100,100680,100,99948,100,100768,100,99923,100,100856,100,99895,100,100957,100,99866,100
