,ask_price_1,ask_size_1,bid_price_1,bid_size_1,ask_price_2,ask_size_2,bid_price_2,bid_size_2,ask_price_3,ask_size_3,bid_price_3,bid_size_3,ask_price_4,ask_size_4,bid_price_4,bid_size_4,ask_price_5,ask_size_5,bid_price_5,bid_size_5,ask_price_6,ask_size_6,bid_price_6,bid_size_6,ask_price_7,ask_size_7,bid_price_7,bid_size_7,ask_price_8,ask_size_8,bid_price_8,bid_size_8,ask_price_9,ask_size_9,bid_price_9,bid_size_9,ask_price_10,ask_size_10,bid_price_10,bid_size_10
2019-06-28 09:30:00.000000001,100128,100,,,,,,,,,,,,,,,,,,,,,,,,,,,,,,,,,,,,,,
2019-06-28 09:30:00.000000002,99904,100,,,99971,100,,,100117,100,,,100128,100,,,,,,,,,,,,,,,,,,,,,,,,,,
2019-06-28 09:30:00.000000003,99904,100,,,99971,100,,,100047,100,,,100117,100,,,100128,100,,,,,,,,,,,,,,,,,,,,,,
2019-06-28 09:30:00.000000005,99971,100,,,100047,100,,,100104,100,,,100117,100,,,100128,100,,,,,,,,,,,,,,,,,,,,,,
2019-06-28 09:30:00.000000006,99971,100,99905,100,100047,100,99883,100,100104,100,,,100117,100,,,100128,100,,,,,,,,,,,,,,,,,,,,,,
2019-06-28 09:30:00.000000007,99971,100,99906,100,100047,100,99905,100,100104,100,99883,100,100117,100,,,100128,100,,,,,,,,,,,,,,,,,,,,,,
2019-06-28 09:30:00.000000009,99935,100,99906,100,99971,100,99905,100,100047,100,99883,100,100104,100,,,100117,100,,,100128,100,,,,,,,,,,,,,,,,,,
2019-06-28 09:30:00.000000013,99971,100,99906,100,100047,100,99905,100,100104,100,99883,100,100117,100,,,100128,100,,,,,,,,,,,,,,,,,,,,,,
2019-06-28 09:30:00.000000014,99971,100,99906,100,100047,100,99905,100,100093,100,99883,100,100104,100,,,100117,100,,,100128,100,,,,,,,,,,,,,,,,,,
2019-06-28 09:30:00.000000015,99971,100,99907,100,100047,100,99906,100,100093,100,99905,100,100104,100,99883,100,100117,100,,,100128,100,,,,,,,,,,,,,,,,,,
2019-06-28 09:30:00.000000017,99971,100,99907,200,100047,100,99906,100,100093,100,99905,100,100104,100,99883,100,100117,100,,,100128,100,,,,,,,,,,,,,,,,,,
2019-06-28 09:30:00.000000019,99971,100,99966,100,100047,100,99907,200,100093,100,99906,100,100104,100,99905,100,100117,100,99883,100,100128,100,,,,,,,,,,,,,,,,,,
2019-06-28 09:30:00.000000020,99971,100,99966,100,100047,100,99907,200,100093,100,99906,100,100104,100,99905,100,100111,100,99883,100,100117,100,,,100128,100,,,,,,,,,,,,,,
2019-06-28 09:30:00.000000022,99971,100,99966,100,100047,100,99907,300,100093,100,99906,100,100104,100,99905,100,100111,100,99883,100,100117,100,,,100128,100,,,,,,,,,,,,,,
2019-06-28 09:30:00.000000023,99971,100,99966,100,100047,100,99942,100,100093,100,99907,300,100104,100,99906,100,100111,100,99905,100,100117,100,99883,100,100128,100,,,,,,,,,,,,,,
2019-06-28 09:30:00.000000024,99971,100,99966,100,100047,100,99942,100,100093,100,99907,400,100104,100,99906,100,100111,100,99905,100,100117,100,99883,100,100128,100,,,,,,,,,,,,,,
2019-06-28 09:30:00.000000029,99971,100,99967,100,100047,100,99966,100,100075,100,99942,100,100093,100,99907,400,100104,100,99906,100,100111,100,99905,100,100117,100,99883,100,100128,100,,,,,,,,,,
2019-06-28 09:30:00.000000031,99971,100,99967,100,100047,100,99966,100,100075,100,99942,100,100093,100,99907,400,100104,100,99906,100,100111,100,99905,100,100117,100,99883,100,100128,100,,,100173,100,,,,,,
2019-06-28 09:30:00.000000034,99971,100,99967,100,100047,100,99966,100,100075,100,99942,100,100093,100,99907,400,100104,100,99906,100,100111,100,99905,100,100117,100,99883,100,100128,100,,,100148,100,,,100173,100,,
2019-06-28 09:30:00.000000035,99971,100,99967,100,100042,100,99966,100,100047,100,99942,100,100075,100,99907,400,100093,100,99906,100,100104,100,99905,100,100111,100,99883,100,100117,100,,,100128,100,,,100148,100,,
2019-06-28 09:30:00.000000036,99971,100,99967,100,100042,100,99966,100,100047,100,99942,100,100075,100,99907,500,100093,100,99906,100,100104,100,99905,100,100111,100,99883,100,100117,100,,,100128,100,,,100148,100,,
2019-06-28 09:30:00.000000037,99971,100,99967,100,100042,100,99966,100,100047,100,99942,100,100075,100,99907,600,100093,100,99906,100,100104,100,99905,100,100111,100,99883,100,100117,100,99841,100,100128,100,,,100148,100,,
2019-06-28 09:30:00.000000041,99971,100,99967,100,100042,100,99966,100,100047,100,99942,100,100075,100,99907,600,100076,100,99906,100,100093,100,99905,100,100104,100,99883,100,100111,100,99841,100,100117,100,,,100128,100,,
2019-06-28 09:30:00.000000042,99971,100,99967,100,100042,100,99966,100,100047,100,99955,100,100075,100,99942,100,100076,100,99907,600,100093,100,99906,100,100104,100,99905,100,100111,100,99883,100,100117,100,99841,100,100128,100,,
2019-06-28 09:30:00.000000047,99971,100,99967,100,100042,100,99966,100,100047,100,99955,100,100075,100,99942,100,100076,100,99907,600,100093,100,99906,100,100104,100,99905,100,100111,100,99883,100,100117,100,99841,100,100127,100,,
2019-06-28 09:30:00.000000048,99971,100,99967,100,100010,100,99966,100,100042,100,99955,100,100047,100,99942,100,100075,100,99907,600,100076,100,99906,100,100093,100,99905,100,100104,100,99891,100,100111,100,99883,100,100117,100,99841,100
2019-06-28 09:30:00.000000050,99971,100,99967,100,100010,100,99966,100,100042,100,99955,100,100047,100,99942,100,100075,100,99907,600,100076,100,99906,100,100093,100,99905,100,100104,100,99891,100,100111,100,99883,100,100117,100,99841,100
2019-06-28 09:30:00.000000051,100010,100,99967,100,100042,100,99966,100,100047,100,99955,100,100075,100,99942,100,100076,100,99935,100,100093,100,99907,600,100104,100,99906,100,100111,100,99905,100,100117,100,99891,100,100127,100,99883,100
2019-06-28 09:30:00.000000052,100010,100,99989,100,100042,100,99967,100,100047,100,99966,100,100075,100,99955,100,100076,100,99942,100,100093,100,99935,100,100104,100,99907,600,100111,100,99906,100,100117,100,99905,100,100127,100,99891,100
2019-06-28 09:30:00.000000053,100010,100,99989,100,100017,100,99967,100,100042,100,99966,100,100047,100,99955,100,100075,100,99942,100,100076,100,99935,100,100093,100,99907,600,100104,100,99906,100,100111,100,99905,100,100117,100,99891,100
2019-06-28 09:30:00.000000054,100010,100,99989,100,100017,100,99967,100,100042,100,99966,100,100047,100,99955,100,100075,200,99942,100,100076,100,99935,100,100093,100,99907,600,100104,100,99906,100,100111,100,99905,100,100117,100,99891,100
2019-06-28 09:30:00.000000056,100010,100,99989,100,100017,100,99971,100,100042,100,99967,100,100047,100,99966,100,100075,200,99955,100,100076,100,99942,100,100093,100,99935,100,100104,100,99907,600,100111,100,99906,100,100117,100,99905,100
2019-06-28 09:30:00.000000059,100010,100,99989,100,100017,100,99971,100,100042,100,99967,100,100047,100,99966,100,100068,100,99955,100,100075,200,99942,100,100076,100,99935,100,100093,100,99907,600,100104,100,99906,100,100111,100,99905,100
2019-06-28 09:30:00.000000063,100010,100,99971,100,100017,100,99967,100,100042,100,99966,100,100047,100,99955,100,100068,100,99942,100,100075,200,99935,100,100076,100,99907,600,100093,100,99906,100,100104,100,99905,100,100111,100,99891,100
2019-06-28 09:30:00.000000070,100010,100,99971,100,100017,100,99967,100,100042,100,99966,100,100047,100,99955,100,100068,100,99942,100,100075,200,99935,100,100076,100,99907,600,100093,100,99906,100,100096,100,99905,100,100104,100,99891,100
2019-06-28 09:30:00.000000071,100010,100,99972,100,100017,100,99971,100,100042,100,99967,100,100047,100,99966,100,100068,100,99955,100,100075,200,99942,100,100076,100,99935,100,100093,100,99907,600,100096,100,99906,100,100104,100,99905,100
2019-06-28 09:30:00.000000072,100010,100,99972,100,100017,100,99971,200,100042,100,99967,100,100047,100,99966,100,100068,100,99955,100,100075,200,99942,100,100076,100,99935,100,100093,100,99907,600,100096,100,99906,100,100104,100,99905,100
2019-06-28 09:30:00.000000073,100010,100,99972,100,100017,100,99971,300,100042,100,99967,100,100047,100,99966,100,100068,100,99955,100,100075,200,99942,100,100076,100,99935,100,100093,100,99907,600,100096,100,99906,100,100104,100,99905,100
2019-06-28 09:30:00.000000075,100010,100,99972,100,100017,100,99971,300,100042,100,99967,100,100047,100,99966,100,100068,100,99955,100,100075,200,99942,100,100076,100,99935,100,100093,100,99907,600,100096,100,99906,100,100104,100,99905,100
2019-06-28 09:30:00.000000076,100010,100,99972,100,100017,100,99971,300,100039,100,99967,100,100042,100,99966,100,100047,100,99955,100,100068,100,99942,100,100075,200,99935,100,100076,100,99907,600,100093,100,99906,100,100096,100,99905,100
2019-06-28 09:30:00.000000077,99989,100,99972,200,100010,100,99971,300,100017,100,99967,100,100039,100,99966,100,100042,100,99955,100,100047,100,99942,100,100068,100,99935,100,100075,200,99907,600,100076,100,99906,100,100093,100,99905,100
2019-06-28 09:30:00.000000079,100010,100,99972,200,100017,100,99971,300,100039,100,99967,100,100042,100,99966,200,100047,100,99955,100,100068,100,99942,100,100075,200,99935,100,100076,100,99907,600,100089,100,99906,100,100093,100,99905,100
2019-06-28 09:30:00.000000081,100007,100,99972,200,100010,100,99971,300,100017,100,99967,100,100039,100,99966,200,100042,100,99955,100,100047,100,99942,100,100068,100,99935,100,100075,200,99907,600,100076,100,99906,100,100089,100,99905,100
2019-06-28 09:30:00.000000083,99995,100,99972,200,100007,100,99971,300,100010,100,99967,100,100017,100,99966,200,100039,100,99955,100,100042,100,99942,100,100047,100,99935,100,100068,100,99907,600,100075,200,99906,100,100076,100,99905,100
2019-06-28 09:30:00.000000086,100007,100,99972,200,100010,100,99971,300,100017,100,99967,100,100039,100,99966,200,100042,100,99955,100,100047,100,99942,100,100068,100,99935,100,100075,200,99907,600,100076,100,99906,100,100089,100,99905,100
2019-06-28 09:30:00.000000088,100007,100,99989,100,100010,100,99972,200,100017,100,99971,300,100039,100,99967,100,100042,100,99966,200,100047,100,99955,100,100068,100,99942,100,100075,200,99935,100,100076,100,99907,600,100089,100,99906,100
2019-06-28 09:30:00.000000089,99995,100,99989,100,100007,100,99972,200,100010,100,99971,300,100017,100,99967,100,100039,100,99966,200,100042,100,99955,100,100047,100,99942,100,100068,100,99935,100,100075,200,99907,600,100076,100,99906,100
2019-06-28 09:30:00.000000092,100007,100,99989,100,100010,100,99972,200,100017,100,99971,300,100039,100,99967,100,100042,100,99966,200,100047,100,99955,100,100068,100,99942,100,100075,200,99935,100,100076,100,99907,600,100089,100,99906,100
2019-06-28 09:30:00.000000093,99999,100,99989,100,100007,100,99972,200,100010,100,99971,300,100017,100,99967,100,100039,100,99966,200,100042,100,99955,100,100047,100,99942,100,100068,100,99935,100,100075,200,99907,600,100076,100,99906,100
2019-06-28 09:30:00.000000097,99995,100,99989,100,99999,100,99972,200,100007,100,99971,300,100010,100,99967,100,100017,100,99966,200,100039,100,99955,100,100042,100,99942,100,100047,100,99935,100,100068,100,99907,600,100075,200,99906,100
2019-06-28 09:30:00.000000099,99995,100,99989,100,99999,100,99972,200,100007,100,99971,300,100010,100,99967,100,100017,100,99966,200,100039,100,99955,100,100042,100,99942,100,100047,100,99935,100,100065,100,99907,600,100068,100,99906,100
2019-06-28 09:30:08.267704914,99999,100,99989,100,100007,100,99972,200,100010,100,99971,300,100017,100,99967,100,100039,100,99966,200,100042,100,99955,100,100047,100,99942,100,100065,100,99935,100,100068,100,99907,600,100075,200,99906,100
2019-06-28 09:30:10.000000000,99999,220,99989,220,100007,216,99972,316,100010,216,99971,416,100017,100,99967,100,100039,100,99966,200,100042,100,99955,100,100047,100,99942,100,100065,100,99935,100,100068,100,99907,600,100075,200,99906,100
2019-06-28 09:30:20.000000000,99999,276,99989,276,100007,276,99972,376,100010,100,99971,300,100017,100,99967,100,100039,100,99966,200,100042,100,99955,100,100047,100,99942,100,100065,100,99935,100,100068,100,99907,600,100075,200,99906,100
2019-06-28 09:30:27.199128302,99999,276,99989,176,100007,276,99972,376,100010,100,99971,300,100017,100,99967,100,100039,100,99966,200,100042,100,99955,100,100047,100,99942,100,100065,100,99935,100,100068,100,99907,600,100075,200,99906,100
2019-06-28 09:30:30.000000000,99999,276,99972,376,100007,276,99971,476,100010,100,99967,100,100017,100,99966,200,100039,100,99955,100,100042,100,99942,100,100047,100,99935,100,100065,100,99907,600,100068,100,99906,100,100075,200,99905,100
2019-06-28 09:30:39.643156675,99999,276,99972,376,100007,276,99971,476,100010,100,99967,100,100017,100,99966,200,100039,100,99955,100,100042,100,99942,100,100047,100,99935,100,100065,100,99907,500,100068,100,99906,100,100075,200,99905,100
2019-06-28 09:30:40.000000000,99999,220,99972,320,100007,216,99971,416,100010,216,99967,216,100017,100,99966,200,100039,100,99955,100,100042,100,99942,100,100047,100,99935,100,100065,100,99907,500,100068,100,99906,100,100075,200,99905,100
2019-06-28 09:30:50.000000000,99999,220,99972,320,100007,216,99971,416,100010,216,99967,216,100017,100,99966,200,100039,100,99955,100,100042,100,99942,100,100047,100,99935,100,100065,100,99907,500,100068,100,99906,100,100075,200,99905,100
2019-06-28 09:31:00.000000000,99999,170,99972,270,100007,170,99971,370,100010,170,99967,170,100017,170,99966,270,100039,170,99955,170,100042,100,99942,100,100047,100,99935,100,100065,100,99907,500,100068,100,99906,100,100075,200,99905,100
2019-06-28 09:31:10.000000000,99999,188,99972,288,100007,188,99971,388,100010,188,99967,188,100017,188,99966,288,100039,100,99955,100,100042,100,99942,100,100047,100,99935,100,100065,100,99907,500,100068,100,99906,100,100075,200,99905,100
2019-06-28 09:31:20.000000000,99999,170,99972,270,100007,170,99971,370,100010,170,99967,170,100017,170,99966,270,100039,170,99955,170,100042,100,99942,100,100047,100,99935,100,100065,100,99907,500,100068,100,99906,100,100075,200,99905,100
2019-06-28 09:31:30.000000000,99999,276,99972,376,100007,276,99971,476,100010,100,99967,100,100017,100,99966,200,100039,100,99955,100,100042,100,99942,100,100047,100,99935,100,100065,100,99907,500,100068,100,99906,100,100075,200,99905,100
2019-06-28 09:31:36.917585936,99999,276,99972,276,100007,276,99971,476,100010,100,99967,100,100017,100,99966,200,100039,100,99955,100,100042,100,99942,100,100047,100,99935,100,100065,100,99907,500,100068,100,99906,100,100075,200,99905,100
2019-06-28 09:31:40.000000000,99999,188,99972,188,100007,188,99971,388,100010,188,99967,188,100017,188,99966,288,100039,100,99955,100,100042,100,99942,100,100047,100,99935,100,100065,100,99907,500,100068,100,99906,100,100075,200,99905,100
2019-06-28 09:31:46.406594253,99999,188,99972,88,100007,188,99971,388,100010,188,99967,188,100017,188,99966,288,100039,100,99955,100,100042,100,99942,100,100047,100,99935,100,100065,100,99907,500,100068,100,99906,100,100075,200,99905,100
2019-06-28 09:31:50.000000000,99999,276,99971,476,100007,276,99967,276,100010,100,99966,200,100017,100,99955,100,100039,100,99942,100,100042,100,99935,100,100047,100,99907,500,100065,100,99906,100,100068,100,99905,100,100075,200,99895,100
2019-06-28 09:31:58.008439064,99999,276,99971,376,100007,276,99967,276,100010,100,99966,200,100017,100,99955,100,100039,100,99942,100,100042,100,99935,100,100047,100,99907,500,100065,100,99906,100,100068,100,99905,100,100075,200,99895,100
2019-06-28 09:31:58.837873902,99999,276,99971,376,100007,276,99967,276,100010,100,99966,200,100017,100,99955,100,100039,100,99942,100,100042,100,99935,100,100047,100,99907,500,100065,100,99906,100,100068,100,99905,100,100075,200,99895,100
2019-06-28 09:32:00.000000000,99999,220,99971,320,100007,216,99967,216,100010,216,99966,316,100017,100,99955,100,100039,100,99942,100,100042,100,99935,100,100047,100,99907,500,100065,100,99906,100,100068,100,99905,100,100075,200,99895,100
2019-06-28 09:32:10.000000000,99999,220,99971,320,100007,216,99967,216,100010,216,99966,316,100017,100,99955,100,100039,100,99942,100,100042,100,99935,100,100047,100,99907,500,100065,100,99906,100,100068,100,99905,100,100075,200,99895,100
2019-06-28 09:32:20.000000000,99999,452,99971,552,100007,100,99967,100,100010,100,99966,200,100017,100,99955,100,100039,100,99942,100,100042,100,99935,100,100047,100,99907,500,100065,100,99906,100,100068,100,99905,100,100075,200,99895,100
2019-06-28 09:32:30.000000000,99999,276,99971,376,100007,276,99967,276,100010,100,99966,200,100017,100,99955,100,100039,100,99942,100,100042,100,99935,100,100047,100,99907,500,100065,100,99906,100,100068,100,99905,100,100075,200,99895,100
2019-06-28 09:32:32.207911363,99999,276,99971,376,100007,276,99967,276,100010,100,99966,200,100017,100,99955,100,100039,100,99942,100,100042,100,99935,100,100047,100,99907,500,100065,100,99905,100,100068,100,99895,100,100075,200,99891,100
2019-06-28 09:32:40.000000000,99999,452,99971,552,100007,100,99967,100,100010,100,99966,200,100017,100,99955,100,100039,100,99942,100,100042,100,99935,100,100047,100,99907,500,100065,100,99905,100,100068,100,99895,100,100075,200,99891,100
2019-06-28 09:32:47.984397301,99999,352,99971,552,100007,100,99967,100,100010,100,99966,200,100017,100,99955,100,100039,100,99942,100,100042,100,99935,100,100047,100,99907,500,100065,100,99905,100,100068,100,99895,100,100075,200,99891,100
2019-06-28 09:32:50.000000000,100007,452,99971,552,100010,100,99967,100,100017,100,99966,200,100039,100,99955,100,100042,100,99942,100,100047,100,99935,100,100065,100,99907,500,100068,100,99905,100,100075,200,99895,100,100076,100,99891,100
2019-06-28 09:33:00.000000000,100007,452,99971,552,100010,100,99967,100,100017,100,99966,200,100039,100,99955,100,100042,100,99942,100,100047,100,99935,100,100065,100,99907,500,100068,100,99905,100,100075,200,99895,100,100076,100,99891,100
2019-06-28 09:33:10.000000000,100007,170,99971,270,100010,170,99967,170,100017,170,99966,270,100039,170,99955,170,100042,170,99942,170,100047,100,99935,100,100065,100,99907,500,100068,100,99905,100,100075,200,99895,100,100076,100,99891,100
2019-06-28 09:33:20.000000000,100007,452,99971,552,100010,100,99967,100,100017,100,99966,200,100039,100,99955,100,100042,100,99942,100,100047,100,99935,100,100065,100,99907,500,100068,100,99905,100,100075,200,99895,100,100076,100,99891,100
2019-06-28 09:33:30.000000000,100007,452,99971,552,100010,100,99967,100,100017,100,99966,200,100039,100,99955,100,100042,100,99942,100,100047,100,99935,100,100065,100,99907,500,100068,100,99905,100,100075,200,99895,100,100076,100,99891,100
2019-06-28 09:33:40.000000000,100007,220,99971,320,100010,216,99967,216,100017,216,99966,316,100039,100,99955,100,100042,100,99942,100,100047,100,99935,100,100065,100,99907,500,100068,100,99905,100,100075,200,99895,100,100076,100,99891,100
2019-06-28 09:33:48.939154228,100007,120,99971,320,100010,216,99967,216,100017,216,99966,316,100039,100,99955,100,100042,100,99942,100,100047,100,99935,100,100068,100,99907,500,100075,200,99905,100,100076,100,99895,100,100089,100,99891,100
2019-06-28 09:33:50.000000000,100010,276,99971,376,100017,276,99967,276,100039,100,99966,200,100042,100,99955,100,100047,100,99942,100,100068,100,99935,100,100075,200,99907,500,100076,100,99905,100,100089,100,99895,100,100093,100,99891,100
2019-06-28 09:34:00.000000000,100010,170,99971,270,100017,170,99967,170,100039,170,99966,270,100042,170,99955,170,100047,170,99942,170,100068,100,99935,100,100075,200,99907,500,100076,100,99905,100,100089,100,99895,100,100093,100,99891,100
2019-06-28 09:34:10.000000000,100010,170,99971,270,100017,170,99967,170,100039,170,99966,270,100042,170,99955,170,100047,170,99942,170,100068,100,99935,100,100075,200,99907,500,100076,100,99905,100,100089,100,99895,100,100093,100,99891,100
2019-06-28 09:34:12.537333263,100010,70,99971,270,100017,170,99967,70,100039,170,99966,270,100042,170,99955,170,100047,170,99942,170,100068,100,99935,100,100075,200,99907,500,100076,100,99905,100,100089,100,99895,100,100093,100,99891,100
2019-06-28 09:34:15.694250846,100010,70,100007,100,100017,170,99971,270,100039,170,99967,70,100042,170,99966,270,100047,170,99955,170,100068,100,99942,170,100075,200,99935,100,100076,100,99907,400,100089,100,99905,100,100093,100,99895,100
2019-06-28 09:34:18.119812256,100010,70,100007,200,100017,170,99971,270,100039,170,99967,70,100042,170,99966,270,100047,170,99955,170,100068,100,99942,170,100075,200,99935,100,100076,100,99907,400,100089,100,99905,100,100093,100,99895,100
2019-06-28 09:34:20.000000000,100017,170,100007,270,100039,170,99971,270,100042,170,99966,270,100047,170,99955,170,100068,170,99942,170,100075,200,99935,100,100076,100,99907,400,100089,100,99905,100,100093,100,99895,100,100096,100,99891,100
2019-06-28 09:34:30.000000000,100017,188,100007,288,100039,188,99971,288,100042,188,99966,288,100047,188,99955,188,100068,100,99942,100,100075,200,99935,100,100076,100,99907,400,100089,100,99905,100,100093,100,99895,100,100096,100,99891,100
2019-06-28 09:34:36.743678081,100017,188,100007,388,100039,188,99971,288,100042,188,99966,288,100047,188,99955,188,100068,100,99942,100,100075,200,99935,100,100076,100,99907,300,100089,100,99905,100,100093,100,99895,100,100096,100,99891,100
2019-06-28 09:34:40.000000000,100017,170,100007,370,100039,170,99971,270,100042,170,99966,270,100047,170,99955,170,100068,170,99942,170,100075,200,99935,100,100076,100,99907,300,100089,100,99905,100,100093,100,99895,100,100096,100,99891,100
2019-06-28 09:34:45.297102087,100017,170,100007,370,100039,170,99971,270,100042,170,99966,270,100047,170,99955,170,100068,170,99942,170,100075,200,99935,100,100076,100,99907,300,100089,100,99905,100,100093,100,99895,100,100096,100,99891,100
2019-06-28 09:34:50.000000000,100017,188,100007,388,100039,188,99971,288,100042,188,99966,288,100047,188,99955,188,100068,100,99942,100,100075,200,99935,100,100076,100,99907,300,100089,100,99905,100,100093,100,99895,100,100096,100,99891,100
2019-06-28 09:34:56.906388955,100017,88,100007,388,100039,188,99971,288,100042,188,99966,288,100047,188,99955,188,100068,100,99942,100,100075,200,99935,100,100076,100,99907,300,100089,100,99905,100,100093,100,99895,100,100096,100,99891,100
2019-06-28 09:35:00.000000000,100039,188,100007,388,100042,188,99971,288,100047,188,99966,288,100068,188,99955,188,100075,200,99942,100,100076,100,99935,100,100089,100,99907,300,100093,100,99905,100,100096,100,99895,100,100104,100,99891,100
2019-06-28 09:35:09.053568908,100039,88,100007,388,100042,188,99971,288,100047,188,99966,288,100068,188,99955,188,100075,200,99942,100,100076,100,99935,100,100089,100,99907,300,100093,100,99905,100,100096,100,99895,100,100104,100,99891,100
2019-06-28 09:35:10.000000000,100042,452,100007,652,100047,100,99971,200,100068,100,99966,200,100075,200,99955,100,100076,100,99942,100,100089,100,99935,100,100093,100,99907,300,100096,100,99905,100,100104,100,99895,100,100111,100,99891,100
2019-06-28 09:35:17.185018511,100042,452,100007,652,100047,100,99971,200,100068,100,99966,200,100075,200,99955,100,100076,100,99942,100,100089,100,99935,100,100093,100,99907,300,100096,100,99905,100,100104,100,99895,100,100111,100,99891,100
2019-06-28 09:35:19.538967657,100042,352,100007,652,100047,100,99971,200,100068,100,99966,200,100075,200,99955,100,100076,100,99942,100,100089,100,99935,100,100093,100,99907,300,100096,100,99895,100,100104,100,99891,100,100111,100,99825,100
2019-06-28 09:35:20.000000000,100047,220,100007,420,100068,216,99971,316,100075,316,99966,316,100076,100,99955,100,100089,100,99942,100,100093,100,99935,100,100096,100,99907,300,100104,100,99895,100,100111,100,99891,100,100113,100,99825,100
2019-06-28 09:35:30.000000000,100047,220,100007,420,100068,216,99971,316,100075,316,99966,316,100076,100,99955,100,100089,100,99942,100,100093,100,99935,100,100096,100,99907,300,100104,100,99895,100,100111,100,99891,100,100113,100,99825,100
2019-06-28 09:35:34.855896741,100047,220,100007,420,100068,216,99971,216,100075,316,99966,316,100076,100,99955,100,100089,100,99942,100,100093,100,99935,100,100096,100,99907,300,100104,100,99895,100,100111,100,99891,100,100113,100,99825,100
2019-06-28 09:35:40.000000000,100047,276,100007,476,100068,276,99971,276,100075,200,99966,200,100076,100,99955,100,100089,100,99942,100,100093,100,99935,100,100096,100,99907,300,100104,100,99895,100,100111,100,99891,100,100113,100,99825,100
2019-06-28 09:35:50.000000000,100047,276,100007,476,100068,276,99971,276,100075,200,99966,200,100076,100,99955,100,100089,100,99942,100,100093,100,99935,100,100096,100,99907,300,100104,100,99895,100,100111,100,99891,100,100113,100,99825,100
2019-06-28 09:36:00.000000000,100047,276,100007,476,100068,276,99971,276,100075,200,99966,200,100076,100,99955,100,100089,100,99942,100,100093,100,99935,100,100096,100,99907,300,100104,100,99895,100,100111,100,99891,100,100113,100,99825,100
2019-06-28 09:36:10.000000000,100047,170,100007,370,100068,170,99971,170,100075,270,99966,270,100076,170,99955,170,100089,170,99942,170,100093,100,99935,100,100096,100,99907,300,100104,100,99895,100,100111,100,99891,100,100113,100,99825,100
2019-06-28 09:36:19.361741402,100047,170,100007,370,100068,170,99971,170,100075,270,99966,170,100076,170,99955,170,100089,170,99942,170,100093,100,99935,100,100096,100,99907,300,100104,100,99895,100,100111,100,99891,100,100113,100,99825,100
2019-06-28 09:36:20.000000000,100047,220,100007,420,100068,216,99971,216,100075,316,99966,216,100076,100,99955,100,100089,100,99942,100,100093,100,99935,100,100096,100,99907,300,100104,100,99895,100,100111,100,99891,100,100113,100,99825,100
2019-06-28 09:36:23.030963792,100047,120,100007,420,100068,216,99971,216,100075,316,99966,216,100076,100,99955,100,100089,100,99942,100,100093,100,99935,100,100096,100,99907,300,100104,100,99895,100,100111,100,99891,100,100113,100,99825,100
2019-06-28 09:36:30.000000000,100068,452,100007,652,100075,200,99971,100,100076,100,99966,100,100089,100,99955,100,100093,100,99942,100,100096,100,99935,100,100104,100,99907,300,100111,100,99895,100,100113,100,99891,100,100117,100,99825,100
2019-06-28 09:36:30.589341069,100068,452,100042,100,100075,200,100007,652,100076,100,99971,100,100089,100,99966,100,100093,100,99955,100,100096,100,99942,100,100104,100,99935,100,100111,100,99907,300,100113,100,99895,100,100117,100,99891,100
2019-06-28 09:36:38.126698973,100068,452,100042,200,100075,200,100007,652,100076,100,99971,100,100089,100,99966,100,100093,100,99955,100,100096,100,99942,100,100104,100,99935,100,100111,100,99907,300,100113,100,99895,100,100117,100,99891,100
2019-06-28 09:36:40.000000000,100068,188,100042,288,100075,288,100007,388,100076,188,99971,188,100089,188,99966,188,100093,100,99955,100,100096,100,99942,100,100104,100,99935,100,100111,100,99907,300,100113,100,99895,100,100117,100,99891,100
2019-06-28 09:36:43.902484739,100068,188,100042,388,100075,288,100007,288,100076,188,99971,188,100089,188,99966,188,100093,100,99955,100,100096,100,99942,100,100104,100,99935,100,100111,100,99907,300,100113,100,99895,100,100117,100,99891,100
2019-06-28 09:36:50.000000000,100068,220,100042,420,100075,316,100007,316,100076,216,99971,216,100089,100,99966,100,100093,100,99955,100,100096,100,99942,100,100104,100,99935,100,100111,100,99907,300,100113,100,99895,100,100117,100,99891,100
2019-06-28 09:36:55.029667847,100068,120,100042,420,100075,316,100007,316,100076,216,99971,216,100089,100,99966,100,100093,100,99955,100,100096,100,99942,100,100104,100,99935,100,100111,100,99907,300,100113,100,99895,100,100117,100,99891,100
2019-06-28 09:37:00.000000000,100075,376,100042,476,100076,276,100007,376,100089,100,99971,100,100093,100,99966,100,100096,100,99955,100,100104,100,99942,100,100111,100,99935,100,100113,100,99907,300,100117,100,99895,100,100127,100,99891,100
2019-06-28 09:37:01.526624903,100075,376,100047,100,100076,276,100042,476,100089,100,100007,376,100093,100,99971,100,100096,100,99966,100,100104,100,99955,100,100111,100,99942,100,100113,100,99935,100,100117,100,99907,200,100127,100,99895,100
2019-06-28 09:37:02.555323401,100075,276,100047,100,100076,276,100042,476,100089,100,100007,376,100093,100,99971,100,100096,100,99966,100,100104,100,99955,100,100111,100,99942,100,100113,100,99935,100,100117,100,99907,200,100127,100,99895,100
2019-06-28 09:37:10.000000000,100075,276,100047,276,100076,276,100042,476,100089,100,100007,200,100093,100,99971,100,100096,100,99966,100,100104,100,99955,100,100111,100,99942,100,100113,100,99935,100,100117,100,99907,200,100127,100,99895,100
2019-06-28 09:37:12.317032609,100075,176,100047,276,100076,276,100042,476,100089,100,100007,200,100093,100,99971,100,100096,100,99966,100,100104,100,99955,100,100111,100,99942,100,100113,100,99935,100,100117,100,99907,200,100127,100,99895,100
2019-06-28 09:37:12.966353287,100075,176,100047,276,100076,276,100042,476,100089,100,100007,200,100093,100,99971,100,100104,100,99966,100,100111,100,99955,100,100113,100,99942,100,100117,100,99935,100,100127,100,99907,200,100128,100,99895,100
2019-06-28 09:37:20.000000000,100076,452,100047,452,100089,100,100042,300,100093,100,100007,200,100104,100,99971,100,100111,100,99966,100,100113,100,99955,100,100117,100,99942,100,100127,100,99935,100,100128,100,99907,200,100148,100,99895,100
2019-06-28 09:37:29.343138770,100076,352,100047,452,100089,100,100042,300,100093,100,100007,200,100104,100,99971,100,100111,100,99966,100,100113,100,99955,100,100117,100,99942,100,100127,100,99935,100,100128,100,99907,200,100148,100,99895,100
2019-06-28 09:37:30.000000000,100089,170,100047,170,100093,170,100042,370,100104,170,100007,270,100111,170,99971,170,100113,170,99966,170,100117,100,99955,100,100127,100,99942,100,100128,100,99935,100,100148,100,99907,200,100173,100,99895,100
2019-06-28 09:37:40.000000000,100089,276,100047,276,100093,276,100042,476,100104,100,100007,200,100111,100,99971,100,100113,100,99966,100,100117,100,99955,100,100127,100,99942,100,100128,100,99935,100,100148,100,99907,200,100173,100,99895,100
2019-06-28 09:37:50.000000000,100089,170,100047,170,100093,170,100042,370,100104,170,100007,270,100111,170,99971,170,100113,170,99966,170,100117,100,99955,100,100127,100,99942,100,100128,100,99935,100,100148,100,99907,200,100173,100,99895,100
2019-06-28 09:37:53.924443553,100089,170,100075,100,100093,170,100047,170,100104,170,100042,370,100111,170,100007,270,100113,170,99971,170,100117,100,99966,170,100127,100,99955,100,100128,100,99942,100,100148,100,99935,100,100173,100,99907,200
2019-06-28 09:37:55.581757974,100089,170,100075,200,100093,170,100047,170,100104,170,100042,370,100111,170,100007,270,100113,170,99971,170,100117,100,99966,170,100127,100,99955,100,100128,100,99942,100,100148,100,99935,100,100173,100,99907,200
2019-06-28 09:38:00.000000000,100089,452,100075,552,100093,100,100047,100,100104,100,100042,300,100111,100,100007,200,100113,100,99971,100,100117,100,99966,100,100127,100,99955,100,100128,100,99942,100,100148,100,99935,100,100173,100,99907,200
2019-06-28 09:38:10.000000000,100089,452,100075,552,100093,100,100047,100,100104,100,100042,300,100111,100,100007,200,100113,100,99971,100,100117,100,99966,100,100127,100,99955,100,100128,100,99942,100,100148,100,99935,100,100173,100,99907,200
2019-06-28 09:38:20.000000000,100089,452,100075,552,100093,100,100047,100,100104,100,100042,300,100111,100,100007,200,100113,100,99971,100,100117,100,99966,100,100127,100,99955,100,100128,100,99942,100,100148,100,99935,100,100173,100,99907,200
2019-06-28 09:38:22.988032266,100089,352,100075,552,100093,100,100047,100,100104,100,100042,300,100111,100,100007,200,100113,100,99971,100,100117,100,99966,100,100127,100,99955,100,100128,100,99942,100,100148,100,99935,100,100173,100,99907,200
2019-06-28 09:38:23.806872222,100089,352,100075,552,100093,100,100047,100,100104,100,100042,300,100111,100,100007,200,100113,100,99971,100,100117,100,99966,100,100127,100,99955,100,100128,100,99942,100,100148,100,99935,100,100173,100,99907,200
2019-06-28 09:38:27.491219737,100089,352,100075,552,100093,100,100047,100,100104,100,100042,300,100111,100,100007,200,100113,100,99966,100,100117,100,99955,100,100127,100,99942,100,100128,100,99935,100,100148,100,99907,200,100173,100,99895,100
2019-06-28 09:38:30.000000000,100093,188,100075,288,100104,188,100047,188,100111,188,100042,388,100113,188,100007,288,100117,100,99966,100,100127,100,99955,100,100128,100,99942,100,100148,100,99935,100,100173,100,99907,200,100449,100,99895,100
2019-06-28 09:38:32.045501779,100093,88,100075,288,100104,188,100047,188,100111,188,100042,388,100113,188,100007,288,100117,100,99966,100,100127,100,99955,100,100128,100,99942,100,100148,100,99935,100,100173,100,99907,200,100449,100,99895,100
2019-06-28 09:38:37.982162574,100093,88,100075,288,100104,188,100047,188,100111,188,100042,388,100113,188,100007,288,100117,100,99966,100,100127,100,99955,100,100128,100,99942,100,100148,100,99935,100,100173,100,99907,200,100449,100,99895,100
2019-06-28 09:38:38.990279142,100093,88,100075,288,100104,188,100047,188,100111,188,100042,388,100113,188,100007,288,100117,100,99966,100,100127,100,99955,100,100128,100,99942,100,100148,100,99935,100,100173,100,99907,200,100449,100,99895,100
2019-06-28 09:38:40.000000000,100104,170,100075,270,100111,170,100047,170,100113,170,100042,370,100117,170,100007,270,100127,170,99966,170,100128,100,99955,100,100148,100,99942,100,100173,100,99935,100,100449,100,99907,200,100648,100,99895,100
2019-06-28 09:38:50.000000000,100104,276,100075,376,100111,276,100047,276,100113,100,100042,300,100117,100,100007,200,100127,100,99966,100,100128,100,99955,100,100148,100,99942,100,100173,100,99935,100,100449,100,99907,200,100648,100,99895,100
2019-06-28 09:39:00.000000000,100104,188,100075,288,100111,188,100047,188,100113,188,100042,388,100117,188,100007,288,100127,100,99966,100,100128,100,99955,100,100148,100,99942,100,100173,100,99935,100,100449,100,99907,200,100648,100,99895,100
2019-06-28 09:39:10.000000000,100104,452,100075,552,100111,100,100047,100,100113,100,100042,300,100117,100,100007,200,100127,100,99966,100,100128,100,99955,100,100148,100,99942,100,100173,100,99935,100,100449,100,99907,200,100648,100,99895,100
2019-06-28 09:39:14.818530905,100104,452,100089,100,100111,100,100075,552,100113,100,100047,100,100117,100,100042,300,100127,100,100007,200,100128,100,99966,100,100148,100,99955,100,100173,100,99942,100,100449,100,99907,200,100648,100,99895,100
2019-06-28 09:39:20.000000000,100104,170,100089,170,100111,170,100075,270,100113,170,100047,170,100117,170,100042,370,100127,170,100007,270,100128,100,99966,100,100148,100,99955,100,100173,100,99942,100,100449,100,99907,200,100648,100,99895,100
2019-06-28 09:39:30.000000000,100104,170,100089,170,100111,170,100075,270,100113,170,100047,170,100117,170,100042,370,100127,170,100007,270,100128,100,99966,100,100148,100,99955,100,100173,100,99942,100,100449,100,99907,200,100648,100,99895,100
2019-06-28 09:39:40.000000000,100104,452,100089,452,100111,100,100075,200,100113,100,100047,100,100117,100,100042,300,100127,100,100007,200,100128,100,99966,100,100148,100,99955,100,100173,100,99942,100,100449,100,99907,200,100648,100,99895,100
2019-06-28 09:39:44.436142424,100104,452,100089,452,100111,100,100075,200,100113,100,100047,100,100117,100,100042,300,100127,100,100007,200,100128,100,99955,100,100148,100,99942,100,100173,100,99907,200,100449,100,99895,100,100610,100,99825,100
2019-06-28 09:39:50.000000000,100104,452,100089,452,100111,100,100075,200,100113,100,100047,100,100117,100,100042,300,100127,100,100007,200,100128,100,99955,100,100148,100,99942,100,100173,100,99907,200,100449,100,99895,100,100610,100,99825,100
2019-06-28 09:40:00.000000000,100104,452,100089,452,100111,100,100075,200,100113,100,100047,100,100117,100,100042,300,100127,100,100007,200,100128,100,99955,100,100148,100,99942,100,100173,100,99907,200,100449,100,99895,100,100610,100,99825,100
2019-06-28 09:40:05.453836793,100104,452,100089,552,100111,100,100075,200,100113,100,100047,100,100117,100,100042,300,100127,100,100007,200,100128,100,99955,100,100148,100,99942,100,100173,100,99907,200,100449,100,99895,100,100610,100,99825,100
2019-06-28 09:40:10.000000000,100104,452,100089,552,100111,100,100075,200,100113,100,100047,100,100117,100,100042,300,100127,100,100007,200,100128,100,99955,100,100148,100,99942,100,100173,100,99907,200,100449,100,99895,100,100610,100,99825,100
2019-06-28 09:40:20.000000000,100104,188,100089,288,100111,188,100075,288,100113,188,100047,188,100117,188,100042,388,100127,100,100007,200,100128,100,99955,100,100148,100,99942,100,100173,100,99907,200,100449,100,99895,100,100610,100,99825,100
2019-06-28 09:40:27.813611468,100104,88,100089,388,100111,188,100075,288,100113,188,100047,188,100117,188,100042,388,100127,100,100007,200,100128,100,99955,100,100148,100,99942,100,100173,100,99907,200,100449,100,99895,100,100610,100,99825,100
2019-06-28 09:40:27.842119571,100104,88,100089,388,100111,188,100075,288,100113,188,100047,188,100117,188,100042,288,100127,100,100007,200,100128,100,99955,100,100148,100,99942,100,100173,100,99907,200,100449,100,99895,100,100610,100,99825,100
2019-06-28 09:40:29.781925731,100104,88,100089,388,100111,188,100075,288,100113,188,100047,188,100117,188,100042,288,100127,100,100007,200,100128,100,99955,100,100148,100,99942,100,100173,100,99907,200,100449,100,99895,100,100610,100,99825,100
2019-06-28 09:40:30.000000000,100111,170,100089,370,100113,170,100075,270,100117,170,100047,170,100127,170,100042,270,100128,170,100007,270,100148,100,99955,100,100173,100,99942,100,100449,100,99907,200,100610,100,99895,100,100625,100,99825,100
2019-06-28 09:40:40.000000000,100111,188,100089,388,100113,188,100075,288,100117,188,100047,188,100127,188,100042,288,100128,100,100007,200,100148,100,99955,100,100173,100,99942,100,100449,100,99907,200,100610,100,99895,100,100625,100,99825,100
2019-06-28 09:40:50.000000000,100111,170,100089,370,100113,170,100075,270,100117,170,100047,170,100127,170,100042,270,100128,170,100007,270,100148,100,99955,100,100173,100,99942,100,100449,100,99907,200,100610,100,99895,100,100625,100,99825,100
2019-06-28 09:41:00.000000000,100111,276,100089,476,100113,276,100075,376,100117,100,100047,100,100127,100,100042,200,100128,100,100007,200,100148,100,99955,100,100173,100,99942,100,100449,100,99907,200,100610,100,99895,100,100625,100,99825,100
2019-06-28 09:41:10.000000000,100111,452,100089,652,100113,100,100075,200,100117,100,100047,100,100127,100,100042,200,100128,100,100007,200,100148,100,99955,100,100173,100,99942,100,100449,100,99907,200,100610,100,99895,100,100625,100,99825,100
2019-06-28 09:41:14.789799627,100111,352,100089,652,100113,100,100075,200,100117,100,100047,100,100127,100,100042,200,100128,100,100007,200,100148,100,99955,100,100173,100,99942,100,100449,100,99907,200,100610,100,99895,100,100625,100,99825,100
2019-06-28 09:41:20.000000000,100113,170,100089,370,100117,170,100075,270,100127,170,100047,170,100128,170,100042,270,100148,170,100007,270,100173,100,99955,100,100449,100,99942,100,100610,100,99907,200,100625,100,99895,100,100648,100,99825,100
2019-06-28 09:41:30.000000000,100113,188,100089,388,100117,188,100075,288,100127,188,100047,188,100128,188,100042,288,100148,100,100007,200,100173,100,99955,100,100449,100,99942,100,100610,100,99907,200,100625,100,99895,100,100648,100,99825,100
2019-06-28 09:41:37.291204373,100113,88,100089,388,100117,188,100075,288,100127,188,100047,188,100128,188,100042,288,100148,100,100007,200,100173,100,99955,100,100449,100,99942,100,100610,100,99907,200,100625,100,99895,100,100648,100,99825,100
2019-06-28 09:41:40.000000000,100117,220,100089,420,100127,216,100075,316,100128,216,100047,216,100148,100,100042,200,100173,100,100007,200,100449,100,99955,100,100610,100,99942,100,100625,100,99907,200,100648,100,99895,100,100892,100,99825,100
2019-06-28 09:41:50.000000000,100117,220,100089,420,100127,216,100075,316,100128,216,100047,216,100148,100,100042,200,100173,100,100007,200,100449,100,99955,100,100610,100,99942,100,100625,100,99907,200,100648,100,99895,100,100892,100,99825,100
2019-06-28 09:42:00.000000000,100117,188,100089,388,100127,188,100075,288,100128,188,100047,188,100148,188,100042,288,100173,100,100007,200,100449,100,99955,100,100610,100,99942,100,100625,100,99907,200,100648,100,99895,100,100892,100,99825,100
2019-06-28 09:42:03.182383236,100117,188,100089,388,100127,188,100075,288,100128,188,100047,188,100148,188,100042,188,100173,100,100007,200,100449,100,99955,100,100610,100,99942,100,100625,100,99907,200,100648,100,99895,100,100892,100,99825,100
2019-06-28 09:42:10.000000000,100117,276,100089,476,100127,276,100075,376,100128,100,100047,100,100148,100,100042,100,100173,100,100007,200,100449,100,99955,100,100610,100,99942,100,100625,100,99907,200,100648,100,99895,100,100892,100,99825,100
2019-06-28 09:42:20.000000000,100117,452,100089,652,100127,100,100075,200,100128,100,100047,100,100148,100,100042,100,100173,100,100007,200,100449,100,99955,100,100610,100,99942,100,100625,100,99907,200,100648,100,99895,100,100892,100,99825,100
2019-06-28 09:42:30.000000000,100117,170,100089,370,100127,170,100075,270,100128,170,100047,170,100148,170,100042,170,100173,170,100007,270,100449,100,99955,100,100610,100,99942,100,100625,100,99907,200,100648,100,99895,100,100892,100,99825,100
2019-06-28 09:42:40.000000000,100117,276,100089,476,100127,276,100075,376,100128,100,100047,100,100148,100,100042,100,100173,100,100007,200,100449,100,99955,100,100610,100,99942,100,100625,100,99907,200,100648,100,99895,100,100892,100,99825,100
2019-06-28 09:42:41.082066815,100117,276,100089,476,100127,276,100075,376,100128,100,100047,100,100148,100,100042,100,100173,100,100007,200,100449,100,99955,100,100610,100,99942,100,100625,100,99907,200,100641,100,99895,100,100648,100,99825,100
2019-06-28 09:42:44.551645405,100117,276,100089,476,100127,276,100075,376,100128,100,100047,100,100148,100,100042,100,100173,100,100007,200,100449,100,99955,100,100576,100,99942,100,100610,100,99907,200,100625,100,99895,100,100641,100,99825,100
2019-06-28 09:42:44.626481808,100117,176,100089,476,100127,276,100075,376,100128,100,100047,100,100148,100,100042,100,100173,100,100007,200,100449,100,99955,100,100576,100,99942,100,100625,100,99907,200,100641,100,99895,100,100648,100,99825,100
2019-06-28 09:42:50.000000000,100127,452,100089,652,100128,100,100075,200,100148,100,100047,100,100173,100,100042,100,100449,100,100007,200,100576,100,99955,100,100625,100,99942,100,100641,100,99907,200,100648,100,99895,100,100892,100,99825,100
2019-06-28 09:42:50.231201608,100127,452,100089,652,100128,100,100075,200,100148,100,100047,100,100173,100,100042,100,100371,100,100007,200,100449,100,99955,100,100576,100,99942,100,100625,100,99907,200,100641,100,99895,100,100648,100,99825,100
2019-06-28 09:42:55.399339406,100127,352,100089,652,100128,100,100075,200,100148,100,100047,100,100173,100,100042,100,100371,100,100007,200,100449,100,99955,100,100576,100,99942,100,100625,100,99907,200,100641,100,99895,100,100648,100,99825,100
2019-06-28 09:43:00.000000000,100128,452,100089,652,100148,100,100075,200,100173,100,100047,100,100371,100,100042,100,100449,100,100007,200,100576,100,99955,100,100625,100,99942,100,100641,100,99907,200,100648,100,99895,100,100892,100,99825,100
2019-06-28 09:43:00.520490919,100128,352,100089,652,100173,100,100075,200,100371,100,100047,100,100449,100,100042,100,100576,100,100007,200,100625,100,99955,100,100641,100,99942,100,100648,100,99907,200,100892,100,99895,100,100902,100,99825,100
2019-06-28 09:43:05.317969202,100128,352,100127,100,100173,100,100089,652,100371,100,100075,200,100449,100,100047,100,100576,100,100042,100,100625,100,100007,200,100641,100,99955,100,100648,100,99942,100,100892,100,99907,200,100902,100,99895,100
2019-06-28 09:43:08.715749817,100128,352,100127,100,100173,100,100089,652,100330,100,100075,200,100371,100,100047,100,100449,100,100042,100,100576,100,100007,200,100625,100,99955,100,100641,100,99942,100,100648,100,99907,200,100892,100,99895,100
2019-06-28 09:43:10.000000000,100173,170,100127,170,100330,170,100089,370,100371,170,100075,270,100449,170,100047,170,100576,170,100042,170,100625,100,100007,200,100641,100,99955,100,100648,100,99942,100,100892,100,99907,200,100902,100,99895,100
2019-06-28 09:43:20.000000000,100173,220,100127,220,100330,216,100089,416,100371,216,100075,316,100449,100,100047,100,100576,100,100042,100,100625,100,100007,200,100641,100,99955,100,100648,100,99942,100,100892,100,99907,200,100902,100,99895,100
2019-06-28 09:43:29.154866096,100173,120,100127,220,100330,216,100089,416,100371,216,100075,316,100449,100,100047,100,100576,100,100042,100,100625,100,100007,200,100641,100,99955,100,100648,100,99942,100,100892,100,99907,200,100902,100,99895,100
2019-06-28 09:43:30.000000000,100330,220,100127,220,100371,216,100089,416,100449,216,100075,316,100576,100,100047,100,100625,100,100042,100,100641,100,100007,200,100648,100,99955,100,100892,100,99942,100,100902,100,99907,200,100953,100,99895,100
2019-06-28 09:43:38.720819519,100330,220,100219,100,100371,216,100127,220,100449,216,100089,416,100576,100,100075,316,100625,100,100047,100,100641,100,100042,100,100648,100,100007,200,100892,100,99955,100,100902,100,99942,100,100953,100,99907,200
2019-06-28 09:43:40.000000000,100330,170,100219,170,100371,170,100127,170,100449,170,100089,370,100576,170,100075,270,100625,170,100047,170,100641,100,100042,100,100648,100,100007,200,100892,100,99955,100,100902,100,99942,100,100953,100,99907,200
2019-06-28 09:43:41.508244216,100314,100,100219,170,100330,170,100127,170,100371,170,100089,370,100449,170,100075,270,100576,170,100047,170,100625,170,100042,100,100641,100,100007,200,100648,100,99955,100,100902,100,99942,100,100953,100,99907,200
2019-06-28 09:43:46.061627957,100314,100,100277,100,100330,170,100219,170,100371,170,100127,170,100449,170,100089,370,100576,170,100075,270,100625,170,100047,170,100648,100,100042,100,100902,100,100007,200,100953,100,99955,100,101048,100,99942,100
2019-06-28 09:43:48.070623933,100314,100,100277,100,100330,170,100219,170,100371,170,100128,100,100449,170,100127,170,100576,170,100089,370,100625,170,100075,270,100648,100,100047,170,100902,100,100042,100,100953,100,100007,200,101048,100,99955,100
2019-06-28 09:43:50.000000000,100314,220,100277,220,100330,216,100219,216,100371,216,100128,216,100449,100,100127,100,100576,100,100089,300,100625,100,100075,200,100648,100,100047,100,100902,100,100042,100,100953,100,100007,200,101048,100,99955,100
2019-06-28 09:44:00.000000000,100314,276,100277,276,100330,276,100219,276,100371,100,100128,100,100449,100,100127,100,100576,100,100089,300,100625,100,100075,200,100648,100,100047,100,100902,100,100042,100,100953,100,100007,200,101048,100,99955,100
2019-06-28 09:44:10.000000000,100314,170,100277,170,100330,170,100219,170,100371,170,100128,170,100449,170,100127,170,100576,170,100089,370,100625,100,100075,200,100648,100,100047,100,100902,100,100042,100,100953,100,100007,200,101048,100,99955,100
2019-06-28 09:44:10.183430019,100314,70,100277,170,100330,170,100219,170,100371,170,100128,170,100449,170,100127,170,100576,170,100089,370,100625,100,100075,200,100648,100,100047,100,100902,100,100042,100,100953,100,100007,200,101048,100,99955,100
2019-06-28 09:44:19.713718838,100314,70,100277,170,100330,170,100219,70,100371,170,100128,170,100449,170,100127,170,100576,170,100089,370,100625,100,100075,200,100648,100,100047,100,100818,100,100042,100,100902,100,100007,200,100953,100,99955,100
2019-06-28 09:44:20.000000000,100330,188,100277,188,100371,188,100128,188,100449,188,100127,188,100576,188,100089,388,100625,100,100075,200,100648,100,100047,100,100818,100,100042,100,100902,100,100007,200,100953,100,99955,100,101048,100,99942,100
2019-06-28 09:44:30.000000000,100330,220,100277,220,100371,216,100128,216,100449,216,100127,216,100576,100,100089,300,100625,100,100075,200,100648,100,100047,100,100818,100,100042,100,100902,100,100007,200,100953,100,99955,100,101048,100,99942,100
2019-06-28 09:44:30.356041741,100330,220,100277,220,100371,216,100128,216,100449,216,100127,216,100576,100,100089,300,100625,100,100075,200,100648,100,100047,100,100818,100,100007,200,100902,100,99955,100,100953,100,99942,100,101048,100,99907,200
2019-06-28 09:44:40.000000000,100330,170,100277,170,100371,170,100128,170,100449,170,100127,170,100576,170,100089,370,100625,170,100075,270,100648,100,100047,100,100818,100,100007,200,100902,100,99955,100,100953,100,99942,100,101048,100,99907,200
2019-06-28 09:44:50.000000000,100330,188,100277,188,100371,188,100128,188,100449,188,100127,188,100576,188,100089,388,100625,100,100075,200,100648,100,100047,100,100818,100,100007,200,100902,100,99955,100,100953,100,99942,100,101048,100,99907,200
2019-06-28 09:44:53.256638935,100330,188,100277,188,100371,188,100128,188,100449,188,100127,188,100576,188,100089,388,100625,100,100075,200,100648,100,100047,100,100818,100,100007,200,100902,100,99955,100,100953,100,99942,100,101048,100,99907,200
2019-06-28 09:44:55.644691184,100330,188,100277,188,100371,188,100128,188,100449,188,100127,188,100576,188,100089,388,100625,100,100075,200,100648,100,100047,100,100766,100,100007,200,100818,100,99955,100,100902,100,99942,100,100953,100,99907,200
2019-06-28 09:45:00.000000000,100330,220,100277,220,100371,216,100128,216,100449,216,100127,216,100576,100,100089,300,100625,100,100075,200,100648,100,100047,100,100766,100,100007,200,100818,100,99955,100,100902,100,99942,100,100953,100,99907,200
2019-06-28 09:45:03.436350398,100330,220,100277,220,100371,216,100128,216,100449,216,100127,216,100576,100,100089,300,100625,100,100075,200,100648,100,100047,100,100766,100,100007,100,100818,100,99955,100,100902,100,99942,100,100953,100,99907,200
2019-06-28 09:45:10.000000000,100330,276,100277,276,100371,276,100128,276,100449,100,100127,100,100576,100,100089,300,100625,100,100075,200,100648,100,100047,100,100766,100,100007,100,100818,100,99955,100,100902,100,99942,100,100953,100,99907,200
2019-06-28 09:45:19.725659406,100330,276,100278,100,100371,276,100277,276,100449,100,100128,176,100576,100,100127,100,100625,100,100089,300,100648,100,100075,200,100766,100,100047,100,100818,100,100007,100,100902,100,99955,100,100953,100,99942,100
2019-06-28 09:45:20.000000000,100330,276,100278,276,100371,276,100277,276,100449,100,100127,100,100576,100,100089,300,100625,100,100075,200,100648,100,100047,100,100766,100,100007,100,100818,100,99955,100,100902,100,99942,100,100953,100,99907,200
2019-06-28 09:45:20.568828300,100330,176,100278,276,100371,276,100277,276,100449,100,100127,100,100576,100,100089,300,100625,100,100075,200,100648,100,100047,100,100766,100,100007,100,100818,100,99955,100,100902,100,99942,100,100953,100,99907,200
2019-06-28 09:45:30.000000000,100371,188,100278,188,100449,188,100277,188,100576,188,100127,188,100625,188,100089,388,100648,100,100075,200,100766,100,100047,100,100818,100,100007,100,100902,100,99955,100,100953,100,99942,100,101048,100,99907,200
2019-06-28 09:45:40.000000000,100371,188,100278,188,100449,188,100277,188,100576,188,100127,188,100625,188,100089,388,100648,100,100075,200,100766,100,100047,100,100818,100,100007,100,100902,100,99955,100,100953,100,99942,100,101048,100,99907,200
2019-06-28 09:45:44.941843761,100371,188,100278,188,100449,188,100277,188,100576,88,100127,188,100625,188,100089,388,100648,100,100075,200,100730,100,100047,100,100766,100,100007,100,100818,100,99955,100,100902,100,99942,100,100953,100,99907,200
2019-06-28 09:45:50.000000000,100371,188,100278,188,100449,188,100277,188,100625,188,100127,188,100648,188,100089,388,100730,100,100075,200,100766,100,100047,100,100818,100,100007,100,100902,100,99955,100,100953,100,99942,100,101048,100,99907,200
2019-06-28 09:46:00.000000000,100371,276,100278,276,100449,276,100277,276,100625,100,100127,100,100648,100,100089,300,100730,100,100075,200,100766,100,100047,100,100818,100,100007,100,100902,100,99955,100,100953,100,99942,100,101048,100,99907,200
2019-06-28 09:46:06.457556240,100371,276,100314,100,100449,276,100278,276,100625,100,100277,276,100648,100,100127,100,100730,100,100089,300,100766,100,100075,100,100818,100,100047,100,100902,100,100007,100,100953,100,99955,100,101048,100,99942,100
2019-06-28 09:46:10.000000000,100371,220,100314,220,100449,216,100278,216,100625,216,100277,216,100648,100,100127,100,100730,100,100089,300,100766,100,100075,100,100818,100,100047,100,100902,100,100007,100,100953,100,99955,100,101048,100,99942,100
2019-06-28 09:46:20.000000000,100371,170,100314,170,100449,170,100278,170,100625,170,100277,170,100648,170,100127,170,100730,170,100089,370,100766,100,100075,100,100818,100,100047,100,100902,100,100007,100,100953,100,99955,100,101048,100,99942,100
2019-06-28 09:46:27.932706665,100313,30,100278,170,100371,170,100277,170,100449,170,100127,170,100625,170,100089,370,100648,170,100075,100,100730,170,100047,100,100766,100,100007,100,100818,100,99955,100,100902,100,99942,100,100953,100,99907,200
2019-06-28 09:46:28.827799581,100371,170,100313,70,100449,170,100278,170,100625,170,100277,170,100648,170,100127,170,100730,170,100089,370,100766,100,100075,100,100902,100,100047,100,100953,100,100007,100,101048,100,99955,100,101087,100,99942,100
2019-06-28 09:46:30.000000000,100371,276,100313,246,100449,276,100278,276,100625,100,100277,100,100648,100,100127,100,100730,100,100089,300,100766,100,100075,100,100902,100,100047,100,100953,100,100007,100,101048,100,99955,100,101087,100,99942,100
2019-06-28 09:46:40.000000000,100371,452,100313,422,100449,100,100278,100,100625,100,100277,100,100648,100,100127,100,100730,100,100089,300,100766,100,100075,100,100902,100,100047,100,100953,100,100007,100,101048,100,99955,100,101087,100,99942,100
2019-06-28 09:46:43.766856239,100371,452,100313,422,100449,100,100278,100,100625,100,100277,100,100648,100,100127,100,100739,100,100089,300,100766,100,100075,100,100902,100,100047,100,100953,100,100007,100,101048,100,99955,100,101087,100,99942,100
2019-06-28 09:46:50.000000000,100371,188,100313,158,100449,188,100278,188,100625,188,100277,188,100648,188,100127,188,100739,100,100089,300,100766,100,100075,100,100902,100,100047,100,100953,100,100007,100,101048,100,99955,100,101087,100,99942,100
2019-06-28 09:46:52.458537204,100371,88,100313,158,100449,188,100278,188,100625,188,100277,188,100648,188,100127,188,100739,100,100089,300,100766,100,100075,100,100902,100,100047,100,100953,100,100007,100,101048,100,99955,100,101087,100,99942,100
2019-06-28 09:47:00.000000000,100449,220,100313,190,100625,216,100278,216,100648,216,100277,216,100739,100,100127,100,100766,100,100089,300,100902,100,100075,100,100953,100,100047,100,101048,100,100007,100,101087,100,99955,100,101133,100,99942,100
2019-06-28 09:47:10.000000000,100449,452,100313,422,100625,100,100278,100,100648,100,100277,100,100739,100,100127,100,100766,100,100089,300,100902,100,100075,100,100953,100,100047,100,101048,100,100007,100,101087,100,99955,100,101133,100,99942,100
2019-06-28 09:47:13.031654026,100449,452,100314,100,100625,100,100313,422,100648,100,100278,100,100739,100,100277,100,100766,100,100127,100,100902,100,100089,300,100953,100,100075,100,101048,100,100047,100,101087,100,100007,100,101133,100,99955,100
2019-06-28 09:47:18.247938476,100449,352,100314,100,100625,100,100313,422,100648,100,100278,100,100739,100,100277,100,100766,100,100127,100,100902,100,100089,300,100953,100,100075,100,101048,100,100047,100,101087,100,100007,100,101133,100,99955,100
2019-06-28 09:47:20.000000000,100625,276,100314,276,100648,276,100313,246,100739,100,100278,100,100766,100,100277,100,100902,100,100127,100,100953,100,100089,300,101048,100,100075,100,101087,100,100047,100,101133,100,100007,100,101246,100,99955,100
2019-06-28 09:47:30.000000000,100625,170,100314,170,100648,170,100313,140,100739,170,100278,170,100766,170,100277,170,100902,170,100127,170,100953,100,100089,300,101048,100,100075,100,101087,100,100047,100,101133,100,100007,100,101246,100,99955,100
2019-06-28 09:47:37.843824767,100625,170,100371,100,100648,170,100314,170,100739,170,100313,140,100766,170,100278,170,100902,170,100277,170,100953,100,100127,170,101048,100,100089,300,101087,100,100047,100,101133,100,100007,100,101246,100,99955,100
2019-06-28 09:47:38.389300487,100625,170,100371,200,100648,170,100314,170,100739,170,100313,140,100766,170,100278,170,100902,170,100277,170,100953,100,100127,170,101048,100,100089,300,101087,100,100047,100,101133,100,100007,100,101246,100,99955,100
2019-06-28 09:47:40.000000000,100625,276,100371,376,100648,276,100314,276,100739,100,100313,70,100766,100,100278,100,100902,100,100277,100,100953,100,100127,100,101048,100,100089,300,101087,100,100047,100,101133,100,100007,100,101246,100,99955,100
2019-06-28 09:47:46.324906516,100625,176,100371,376,100648,276,100314,276,100739,100,100313,70,100766,100,100278,100,100902,100,100277,100,100953,100,100127,100,101048,100,100089,300,101087,100,100047,100,101133,100,100007,100,101246,100,99955,100
2019-06-28 09:47:50.000000000,100648,220,100371,320,100739,216,100314,216,100766,216,100313,186,100902,100,100278,100,100953,100,100277,100,101048,100,100127,100,101087,100,100089,300,101133,100,100047,100,101246,100,100007,100,,,99955,100
2019-06-28 09:48:00.000000000,100648,188,100371,288,100739,188,100314,188,100766,188,100313,158,100902,188,100278,188,100953,100,100277,100,101048,100,100127,100,101087,100,100089,300,101133,100,100047,100,101246,100,100007,100,,,99955,100
2019-06-28 09:48:01.202800317,100648,188,100371,288,100739,188,100314,188,100766,188,100313,158,100902,188,100278,188,100915,100,100277,100,100953,100,100127,100,101048,100,100089,300,101087,100,100047,100,101133,100,100007,100,101246,100,99955,100
2019-06-28 09:48:02.676497449,100648,88,100371,288,100739,188,100314,188,100766,188,100313,158,100902,188,100278,188,100915,100,100277,100,100953,100,100127,100,101048,100,100089,300,101087,100,100047,100,101133,100,100007,100,101246,100,99955,100
2019-06-28 09:48:10.000000000,100739,220,100371,320,100766,216,100314,216,100902,216,100313,186,100915,100,100278,100,100953,100,100277,100,101048,100,100127,100,101087,100,100089,300,101133,100,100047,100,101246,100,100007,100,,,99955,100
2019-06-28 09:48:20.000000000,100739,188,100371,288,100766,188,100314,188,100902,188,100313,158,100915,188,100278,188,100953,100,100277,100,101048,100,100127,100,101087,100,100089,300,101133,100,100047,100,101246,100,100007,100,,,99955,100
2019-06-28 09:48:22.017182885,100739,188,100371,288,100766,188,100314,188,100902,188,100313,158,100915,188,100278,188,100953,100,100277,100,101048,100,100127,100,101087,100,100089,200,101133,100,100047,100,101246,100,100007,100,,,99955,100
2019-06-28 09:48:30.000000000,100739,276,100371,376,100766,276,100314,276,100902,100,100313,70,100915,100,100278,100,100953,100,100277,100,101048,100,100127,100,101087,100,100089,200,101133,100,100047,100,101246,100,100007,100,,,99955,100
2019-06-28 09:48:40.000000000,100739,276,100371,376,100766,276,100314,276,100902,100,100313,70,100915,100,100278,100,100953,100,100277,100,101048,100,100127,100,101087,100,100089,200,101133,100,100047,100,101246,100,100007,100,,,99955,100
2019-06-28 09:48:50.000000000,100739,188,100371,288,100766,188,100314,188,100902,188,100313,158,100915,188,100278,188,100953,100,100277,100,101048,100,100127,100,101087,100,100089,200,101133,100,100047,100,101246,100,100007,100,,,99955,100
2019-06-28 09:48:55.010182300,100697,100,100371,288,100739,188,100314,188,100766,188,100313,158,100902,188,100278,188,100915,188,100277,100,100953,100,100127,100,101048,100,100089,200,101087,100,100047,100,101133,100,100007,100,101246,100,99955,100
2019-06-28 09:48:58.700229331,100697,100,100625,100,100739,188,100371,288,100766,188,100314,88,100902,188,100313,158,100915,188,100278,188,100953,100,100277,100,101048,100,100127,100,101087,100,100089,200,101133,100,100047,100,101246,100,100007,100
2019-06-28 09:49:00.000000000,100697,220,100625,220,100739,216,100371,316,100766,216,100313,186,100902,100,100278,100,100915,100,100277,100,100953,100,100127,100,101048,100,100089,200,101087,100,100047,100,101133,100,100007,100,101246,100,99955,100
2019-06-28 09:49:10.000000000,100697,220,100625,220,100739,216,100371,316,100766,216,100313,186,100902,100,100278,100,100915,100,100277,100,100953,100,100127,100,101048,100,100089,200,101087,100,100047,100,101133,100,100007,100,101246,100,99955,100
2019-06-28 09:49:20.000000000,100697,276,100625,276,100739,276,100371,376,100766,100,100313,70,100902,100,100278,100,100915,100,100277,100,100953,100,100127,100,101048,100,100089,200,101087,100,100047,100,101133,100,100007,100,101246,100,99955,100
2019-06-28 09:49:23.112477726,100697,176,100625,276,100739,276,100371,376,100766,100,100313,70,100902,100,100278,100,100915,100,100277,100,100953,100,100127,100,101048,100,100089,200,101087,100,100047,100,101133,100,100007,100,101246,100,99955,100
2019-06-28 09:49:23.245031481,100647,100,100625,276,100697,176,100371,376,100739,276,100313,70,100766,100,100278,100,100902,100,100277,100,100915,100,100089,200,100953,100,100047,100,101048,100,100007,100,101087,100,99955,100,101133,100,99907,200
2019-06-28 09:49:30.000000000,100647,452,100625,452,100739,100,100371,200,100766,100,100313,70,100902,100,100278,100,100915,100,100277,100,100953,100,100089,200,101048,100,100047,100,101087,100,100007,100,101133,100,99955,100,101246,100,99907,200
2019-06-28 09:49:40.000000000,100647,276,100625,276,100739,276,100371,376,100766,100,100313,70,100902,100,100278,100,100915,100,100277,100,100953,100,100089,200,101048,100,100047,100,101087,100,100007,100,101133,100,99955,100,101246,100,99907,200
2019-06-28 09:49:50.000000000,100647,170,100625,170,100739,170,100371,270,100766,170,100313,140,100902,170,100278,170,100915,170,100277,170,100953,100,100089,200,101048,100,100047,100,101087,100,100007,100,101133,100,99955,100,101246,100,99907,200
2019-06-28 09:49:50.950970577,100647,170,100625,170,100739,170,100371,270,100766,170,100313,140,100902,170,100278,170,100915,170,100277,170,100953,100,100089,200,101048,100,100047,100,101087,100,99955,100,101133,100,99907,200,101246,100,99895,100
2019-06-28 09:50:00.000000000,100647,170,100625,170,100739,170,100371,270,100766,170,100313,140,100902,170,100278,170,100915,170,100277,170,100953,100,100089,200,101048,100,100047,100,101087,100,99955,100,101133,100,99907,200,101246,100,99895,100
2019-06-28 09:50:10.000000000,100647,170,100625,170,100739,170,100371,270,100766,170,100313,140,100902,170,100278,170,100915,170,100277,170,100953,100,100089,200,101048,100,100047,100,101087,100,99955,100,101133,100,99907,200,101246,100,99895,100
2019-06-28 09:50:11.252631469,100647,170,100625,170,100696,100,100371,170,100739,170,100313,140,100766,170,100278,170,100902,170,100277,170,100915,170,100089,200,100953,100,100047,100,101048,100,99955,100,101087,100,99907,200,101133,100,99895,100
2019-06-28 09:50:14.156002500,100647,170,100625,170,100696,100,100371,170,100739,170,100313,140,100751,100,100278,170,100766,170,100277,170,100902,170,100089,200,100915,170,100047,100,100953,100,99955,100,101048,100,99907,200,101087,100,99895,100
2019-06-28 09:50:20.000000000,100647,276,100625,276,100696,276,100371,276,100739,100,100313,70,100751,100,100278,100,100766,100,100277,100,100902,100,100089,200,100915,100,100047,100,100953,100,99955,100,101048,100,99907,200,101087,100,99895,100
2019-06-28 09:50:30.000000000,100647,452,100625,452,100696,100,100371,100,100739,100,100313,70,100751,100,100278,100,100766,100,100277,100,100902,100,100089,200,100915,100,100047,100,100953,100,99955,100,101048,100,99907,200,101087,100,99895,100
2019-06-28 09:50:40.000000000,100647,452,100625,452,100696,100,100371,100,100739,100,100313,70,100751,100,100278,100,100766,100,100277,100,100902,100,100089,200,100915,100,100047,100,100953,100,99955,100,101048,100,99907,200,101087,100,99895,100
2019-06-28 09:50:43.228920017,100647,452,100625,452,100696,100,100371,100,100739,100,100313,70,100751,100,100278,100,100766,100,100277,100,100902,100,100089,200,100915,100,100047,100,100953,100,99955,100,101048,100,99907,200,101087,100,99895,100
2019-06-28 09:50:50.000000000,100647,170,100625,170,100696,170,100371,170,100739,170,100313,140,100751,170,100278,170,100766,170,100277,170,100902,100,100089,200,100915,100,100047,100,100953,100,99955,100,101048,100,99907,200,101087,100,99895,100
2019-06-28 09:50:54.062764742,100647,170,100625,170,100696,170,100371,170,100739,170,100313,140,100751,170,100278,170,100766,170,100277,170,100902,100,100089,100,100915,100,100047,100,100953,100,99955,100,101048,100,99907,200,101087,100,99895,100
2019-06-28 09:51:00.000000000,100647,452,100625,452,100696,100,100371,100,100739,100,100313,70,100751,100,100278,100,100766,100,100277,100,100902,100,100089,100,100915,100,100047,100,100953,100,99955,100,101048,100,99907,200,101087,100,99895,100
2019-06-28 09:51:10.000000000,100647,188,100625,188,100696,188,100371,188,100739,188,100313,158,100751,188,100278,188,100766,100,100277,100,100902,100,100089,100,100915,100,100047,100,100953,100,99955,100,101048,100,99907,200,101087,100,99895,100
2019-06-28 09:51:15.119575302,100647,88,100625,188,100696,188,100371,188,100739,188,100313,158,100751,188,100278,88,100766,100,100277,100,100902,100,100089,100,100915,100,100047,100,100953,100,99955,100,101048,100,99907,200,101087,100,99895,100
2019-06-28 09:51:20.000000000,100696,170,100625,170,100739,170,100371,170,100751,170,100313,140,100766,170,100277,170,100902,170,100089,170,100915,100,100047,100,100953,100,99955,100,101048,100,99907,200,101087,100,99895,100,101133,100,99825,100
2019-06-28 09:51:30.000000000,100696,188,100625,188,100739,188,100371,188,100751,188,100313,158,100766,188,100277,188,100902,100,100089,100,100915,100,100047,100,100953,100,99955,100,101048,100,99907,200,101087,100,99895,100,101133,100,99825,100
2019-06-28 09:51:40.000000000,100696,170,100625,170,100739,170,100371,170,100751,170,100313,140,100766,170,100277,170,100902,170,100089,170,100915,100,100047,100,100953,100,99955,100,101048,100,99907,200,101087,100,99895,100,101133,100,99825,100
2019-06-28 09:51:41.660233150,100696,170,100625,170,100739,170,100371,170,100751,170,100313,140,100766,170,100277,170,100902,70,100089,170,100915,100,100047,100,100953,100,99955,100,101048,100,99907,200,101087,100,99895,100,101133,100,99825,100
2019-06-28 09:51:42.522676620,100696,170,100625,170,100739,170,100371,170,100751,170,100313,140,100766,170,100277,170,100902,70,100089,170,100915,100,100047,100,100953,100,99955,100,101048,100,99907,200,101087,100,99895,100,101133,100,99825,100
2019-06-28 09:51:50.000000000,100696,188,100625,188,100739,188,100371,188,100751,188,100313,158,100766,188,100277,188,100915,100,100089,100,100953,100,100047,100,101048,100,99955,100,101087,100,99907,200,101133,100,99895,100,101246,100,99825,100
2019-06-28 09:51:50.238494686,100696,188,100625,188,100739,188,100371,188,100751,188,100313,158,100766,188,100277,188,100915,100,100089,100,100953,100,100047,100,101048,100,99955,100,101087,100,99907,200,101133,100,99895,100,101219,100,99825,100
2019-06-28 09:51:53.784391855,100696,188,100647,100,100739,188,100625,188,100751,188,100371,188,100766,188,100313,158,100915,100,100277,188,100953,100,100089,100,101048,100,100047,100,101087,100,99955,100,101133,100,99907,200,101219,100,99895,100
2019-06-28 09:52:00.000000000,100696,452,100647,452,100739,100,100625,100,100751,100,100371,100,100766,100,100313,70,100915,100,100277,100,100953,100,100089,100,101048,100,100047,100,101087,100,99955,100,101133,100,99907,200,101219,100,99895,100
2019-06-28 09:52:00.350361238,100696,452,100647,452,100739,100,100625,100,100751,100,100371,100,100766,100,100313,70,100915,100,100277,100,100953,100,100089,100,101048,100,100047,100,101070,100,99907,200,101087,100,99895,100,101133,100,99825,100
2019-06-28 09:52:03.532485211,100696,452,100647,452,100739,100,100625,100,100751,100,100371,100,100766,100,100313,70,100915,100,100277,100,100953,100,100089,100,100982,100,100047,100,101048,100,99907,200,101070,100,99825,100,101087,100,99818,100
2019-06-28 09:52:04.314402626,100696,352,100647,452,100739,100,100625,100,100751,100,100371,100,100766,100,100313,70,100915,100,100277,100,100953,100,100089,100,100982,100,100047,100,101048,100,99907,200,101070,100,99825,100,101087,100,99818,100
2019-06-28 09:52:08.774041198,100696,352,100647,452,100739,100,100625,100,100751,100,100371,100,100766,100,100313,70,100915,100,100277,100,100953,100,100089,100,100982,100,100047,100,101048,100,99907,200,101059,100,99825,100,101087,100,99818,100
2019-06-28 09:52:09.185840009,100696,352,100647,352,100739,100,100625,100,100751,100,100371,100,100766,100,100313,70,100915,100,100277,100,100953,100,100089,100,100982,100,100047,100,101048,100,99907,200,101059,100,99825,100,101087,100,99818,100
2019-06-28 09:52:10.000000000,100739,276,100625,276,100751,276,100371,276,100766,100,100313,70,100915,100,100277,100,100953,100,100089,100,100982,100,100047,100,101048,100,99907,200,101059,100,99825,100,101087,100,99818,100,101133,100,99521,100
2019-06-28 09:52:20.000000000,100739,188,100625,188,100751,188,100371,188,100766,188,100313,158,100915,188,100277,188,100953,100,100089,100,100982,100,100047,100,101048,100,99907,200,101059,100,99825,100,101087,100,99818,100,101133,100,99521,100
2019-06-28 09:52:30.000000000,100739,188,100625,188,100751,188,100371,188,100766,188,100313,158,100915,188,100277,188,100953,100,100089,100,100982,100,100047,100,101048,100,99907,200,101059,100,99825,100,101087,100,99818,100,101133,100,99521,100
2019-06-28 09:52:40.000000000,100739,220,100625,220,100751,216,100371,216,100766,216,100313,186,100915,100,100277,100,100953,100,100089,100,100982,100,100047,100,101048,100,99907,200,101059,100,99825,100,101087,100,99818,100,101133,100,99521,100
2019-06-28 09:52:50.000000000,100739,170,100625,170,100751,170,100371,170,100766,170,100313,140,100915,170,100277,170,100953,170,100089,170,100982,100,100047,100,101048,100,99907,200,101059,100,99825,100,101087,100,99818,100,101133,100,99521,100
2019-06-28 09:52:51.301944593,100739,170,100625,170,100751,170,100371,170,100766,170,100337,100,100915,170,100313,140,100953,170,100277,170,100982,100,100089,170,101048,100,100047,100,101059,100,99907,200,101087,100,99825,100,101133,100,99818,100
2019-06-28 09:53:00.000000000,100739,452,100625,452,100751,100,100371,100,100766,100,100337,100,100915,100,100313,70,100953,100,100277,100,100982,100,100089,100,101048,100,100047,100,101059,100,99907,200,101087,100,99825,100,101133,100,99818,100
2019-06-28 09:53:10.000000000,100739,188,100625,188,100751,188,100371,188,100766,188,100337,188,100915,188,100313,158,100953,100,100277,100,100982,100,100089,100,101048,100,100047,100,101059,100,99907,200,101087,100,99825,100,101133,100,99818,100
2019-06-28 09:53:20.000000000,100739,276,100625,276,100751,276,100371,276,100766,100,100337,100,100915,100,100313,70,100953,100,100277,100,100982,100,100089,100,101048,100,100047,100,101059,100,99907,200,101087,100,99825,100,101133,100,99818,100
2019-06-28 09:53:27.280537720,100739,276,100625,176,100751,276,100371,276,100766,100,100337,100,100915,100,100313,70,100953,100,100277,100,100982,100,100089,100,101048,100,100047,100,101059,100,99907,200,101087,100,99825,100,101219,100,99818,100
2019-06-28 09:53:28.695826968,100739,276,100625,176,100751,276,100371,276,100766,100,100337,100,100915,100,100313,70,100953,100,100277,100,100982,100,100251,100,101048,100,100089,100,101059,100,100047,100,101087,100,99907,200,101219,100,99825,100
2019-06-28 09:53:30.000000000,100739,220,100371,220,100751,216,100337,216,100766,216,100313,186,100915,100,100277,100,100953,100,100251,100,100982,100,100089,100,101048,100,100047,100,101059,100,99907,200,101087,100,99825,100,101219,100,99818,100
2019-06-28 09:53:40.000000000,100739,170,100371,170,100751,170,100337,170,100766,170,100313,140,100915,170,100277,170,100953,170,100251,170,100982,100,100089,100,101048,100,100047,100,101059,100,99907,200,101087,100,99825,100,101219,100,99818,100
2019-06-28 09:53:42.805657651,100695,100,100371,170,100739,170,100337,170,100751,170,100313,140,100766,170,100277,170,100915,170,100251,170,100953,170,100089,100,100982,100,100047,100,101048,100,99907,200,101059,100,99825,100,101087,100,99818,100
2019-06-28 09:53:48.338217683,100695,100,100371,170,100739,170,100337,170,100751,170,100313,140,100766,170,100277,170,100915,170,100251,170,100953,170,100103,100,100982,100,100089,100,101048,100,100047,100,101059,100,99907,200,101087,100,99825,100
2019-06-28 09:53:50.000000000,100695,452,100371,452,100739,100,100337,100,100751,100,100313,70,100766,100,100277,100,100915,100,100251,100,100953,100,100103,100,100982,100,100089,100,101048,100,100047,100,101059,100,99907,200,101087,100,99825,100
2019-06-28 09:54:00.000000000,100695,188,100371,188,100739,188,100337,188,100751,188,100313,158,100766,188,100277,188,100915,100,100251,100,100953,100,100103,100,100982,100,100089,100,101048,100,100047,100,101059,100,99907,200,101087,100,99825,100
2019-06-28 09:54:02.705480587,100641,100,100371,188,100695,188,100337,188,100739,188,100313,158,100751,188,100277,188,100766,188,100251,100,100915,100,100103,100,100953,100,100089,100,100982,100,100047,100,101048,100,99907,200,101059,100,99825,100
2019-06-28 09:54:07.920953213,100641,100,100371,188,100695,188,100337,188,100739,188,100313,158,100751,188,100277,188,100766,188,100251,100,100799,100,100103,100,100915,100,100089,100,100953,100,100047,100,100982,100,99907,200,101048,100,99825,100
2019-06-28 09:54:10.000000000,100641,170,100371,170,100695,170,100337,170,100739,170,100313,140,100751,170,100277,170,100766,170,100251,170,100799,100,100103,100,100915,100,100089,100,100953,100,100047,100,100982,100,99907,200,101048,100,99825,100
2019-06-28 09:54:13.939560673,100641,170,100371,170,100695,170,100337,170,100739,170,100313,140,100751,170,100277,170,100766,170,100251,170,100799,100,100103,100,100915,100,100089,100,100951,100,100047,100,100953,100,99907,200,100982,100,99825,100
2019-06-28 09:54:20.000000000,100641,452,100371,452,100695,100,100337,100,100739,100,100313,70,100751,100,100277,100,100766,100,100251,100,100799,100,100103,100,100915,100,100089,100,100951,100,100047,100,100953,100,99907,200,100982,100,99825,100
2019-06-28 09:54:30.000000000,100641,188,100371,188,100695,188,100337,188,100739,188,100313,158,100751,188,100277,188,100766,100,100251,100,100799,100,100103,100,100915,100,100089,100,100951,100,100047,100,100953,100,99907,200,100982,100,99825,100
2019-06-28 09:54:33.205878470,100641,188,100371,188,100695,188,100337,188,100739,188,100313,158,100751,188,100277,188,100766,100,100251,100,100799,100,100103,100,100915,100,100089,100,100951,100,100047,100,100953,100,99907,200,100982,100,99825,100
2019-06-28 09:54:40.000000000,100641,188,100371,188,100695,188,100337,188,100739,188,100313,158,100751,188,100277,188,100766,100,100251,100,100799,100,100103,100,100915,100,100089,100,100951,100,100047,100,100953,100,99907,200,100982,100,99825,100
2019-06-28 09:54:43.212343379,100641,88,100371,188,100695,188,100337,188,100739,188,100313,158,100751,188,100277,188,100766,100,100251,100,100799,100,100103,100,100915,100,100089,100,100951,100,100047,100,100953,100,99907,200,100982,100,99825,100
2019-06-28 09:54:50.000000000,100695,276,100371,276,100739,276,100337,276,100751,100,100313,70,100766,100,100277,100,100799,100,100251,100,100915,100,100103,100,100951,100,100089,100,100953,100,100047,100,100982,100,99907,200,101048,100,99825,100
2019-06-28 09:54:50.249267510,100695,176,100626,100,100739,276,100371,276,100751,100,100337,276,100766,100,100313,70,100799,100,100277,100,100915,100,100251,100,100951,100,100103,100,100953,100,100089,100,100982,100,100047,100,101048,100,99907,200
2019-06-28 09:54:55.794568910,100695,176,100626,200,100739,276,100371,276,100751,100,100337,276,100766,100,100313,70,100799,100,100277,100,100915,100,100251,100,100951,100,100103,100,100953,100,100089,100,100982,100,100047,100,101048,100,99907,200
2019-06-28 09:55:00.000000000,100739,170,100626,270,100751,170,100371,170,100766,170,100337,170,100799,170,100313,140,100915,170,100277,170,100951,100,100251,100,100953,100,100103,100,100982,100,100089,100,101048,100,100047,100,101059,100,99907,200
2019-06-28 09:55:10.000000000,100739,170,100626,270,100751,170,100371,170,100766,170,100337,170,100799,170,100313,140,100915,170,100277,170,100951,100,100251,100,100953,100,100103,100,100982,100,100089,100,101048,100,100047,100,101059,100,99907,200
2019-06-28 09:55:20.000000000,100739,220,100626,320,100751,216,100371,216,100766,216,100337,216,100799,100,100313,70,100915,100,100277,100,100951,100,100251,100,100953,100,100103,100,100982,100,100089,100,101048,100,100047,100,101059,100,99907,200
2019-06-28 09:55:30.000000000,100739,188,100626,288,100751,188,100371,188,100766,188,100337,188,100799,188,100313,158,100915,100,100277,100,100951,100,100251,100,100953,100,100103,100,100982,100,100089,100,101048,100,100047,100,101059,100,99907,200
2019-06-28 09:55:37.715270039,100739,188,100626,388,100751,188,100371,188,100766,188,100337,188,100799,188,100313,158,100915,100,100277,100,100951,100,100251,100,100953,100,100103,100,100982,100,100089,100,101048,100,100047,100,101059,100,99907,200
2019-06-28 09:55:39.951484483,100739,88,100626,388,100751,188,100371,188,100766,188,100337,188,100799,188,100313,158,100915,100,100277,100,100951,100,100251,100,100953,100,100103,100,100982,100,100089,100,101048,100,100047,100,101059,100,99907,200
2019-06-28 09:55:40.000000000,100751,188,100626,388,100766,188,100371,188,100799,188,100337,188,100915,188,100313,158,100951,100,100277,100,100953,100,100251,100,100982,100,100103,100,101048,100,100089,100,101059,100,100047,100,101087,100,99907,200
2019-06-28 09:55:50.000000000,100751,452,100626,652,100766,100,100371,100,100799,100,100337,100,100915,100,100313,70,100951,100,100277,100,100953,100,100251,100,100982,100,100103,100,101048,100,100089,100,101059,100,100047,100,101087,100,99907,200
2019-06-28 09:56:00.000000000,100751,170,100626,370,100766,170,100371,170,100799,170,100337,170,100915,170,100313,140,100951,170,100277,170,100953,100,100251,100,100982,100,100103,100,101048,100,100089,100,101059,100,100047,100,101087,100,99907,200
2019-06-28 09:56:06.528743946,100751,170,100626,370,100766,170,100371,170,100799,170,100337,170,100915,170,100313,140,100951,170,100277,170,100953,100,100251,100,100982,100,100103,100,101048,100,100089,100,101059,100,100047,100,101087,100,99907,200
2019-06-28 09:56:10.000000000,100751,188,100626,388,100766,188,100371,188,100799,188,100337,188,100915,188,100313,158,100951,100,100277,100,100953,100,100251,100,100982,100,100103,100,101048,100,100089,100,101059,100,100047,100,101087,100,99907,200
2019-06-28 09:56:20.000000000,100751,452,100626,652,100766,100,100371,100,100799,100,100337,100,100915,100,100313,70,100951,100,100277,100,100953,100,100251,100,100982,100,100103,100,101048,100,100089,100,101059,100,100047,100,101087,100,99907,200
2019-06-28 09:56:22.974212282,100751,452,100626,652,100766,100,100371,100,100799,100,100337,100,100915,100,100313,70,100951,100,100277,100,100953,100,100251,100,100982,100,100103,100,101048,100,100089,100,101059,100,100047,100,101087,100,99907,200
2019-06-28 09:56:29.782546180,100751,352,100626,652,100766,100,100371,100,100799,100,100337,100,100915,100,100313,70,100951,100,100277,100,100953,100,100103,100,100982,100,100089,100,101048,100,100047,100,101059,100,99907,200,101087,100,99825,100
2019-06-28 09:56:30.000000000,100766,220,100626,420,100799,216,100371,216,100915,216,100337,216,100951,100,100313,70,100953,100,100277,100,100982,100,100103,100,101048,100,100089,100,101059,100,100047,100,101087,100,99907,200,101194,100,99825,100
2019-06-28 09:56:40.000000000,100766,452,100626,652,100799,100,100371,100,100915,100,100337,100,100951,100,100313,70,100953,100,100277,100,100982,100,100103,100,101048,100,100089,100,101059,100,100047,100,101087,100,99907,200,101194,100,99825,100
2019-06-28 09:56:40.148321886,100766,352,100626,652,100799,100,100371,100,100915,100,100337,100,100951,100,100313,70,100953,100,100277,100,100982,100,100103,100,101048,100,100089,100,101059,100,100047,100,101087,100,99907,200,101194,100,99825,100
2019-06-28 09:56:50.000000000,100799,220,100626,420,100915,216,100371,216,100951,216,100337,216,100953,100,100313,70,100982,100,100277,100,101048,100,100103,100,101059,100,100089,100,101087,100,100047,100,101194,100,99907,200,101219,100,99825,100
2019-06-28 09:56:54.669006754,100799,120,100626,420,100915,216,100371,216,100951,216,100337,216,100953,100,100313,70,100982,100,100277,100,101048,100,100103,100,101059,100,100089,100,101087,100,100047,100,101194,100,99907,200,101219,100,99825,100
2019-06-28 09:57:00.000000000,100915,276,100626,476,100951,276,100371,276,100953,100,100337,100,100982,100,100313,70,101048,100,100277,100,101059,100,100103,100,101087,100,100089,100,101194,100,100047,100,101219,100,99907,200,101246,100,99825,100
2019-06-28 09:57:02.203197248,100915,176,100626,476,100951,276,100371,276,100953,100,100337,100,100982,100,100313,70,101048,100,100277,100,101059,100,100103,100,101194,100,100089,100,101219,100,100047,100,101246,100,99907,200,101360,100,99825,100
2019-06-28 09:57:10.000000000,100951,452,100626,652,100953,100,100371,100,100982,100,100337,100,101048,100,100313,70,101059,100,100277,100,101194,100,100103,100,101219,100,100089,100,101246,100,100047,100,101360,100,99907,200,101663,100,99825,100
2019-06-28 09:57:12.225480546,100951,352,100626,652,100953,100,100371,100,100982,100,100337,100,101048,100,100313,70,101059,100,100277,100,101194,100,100103,100,101219,100,100089,100,101246,100,100047,100,101360,100,99907,200,101663,100,99825,100
2019-06-28 09:57:20.000000000,100953,188,100626,388,100982,188,100371,188,101048,188,100337,188,101059,188,100313,158,101194,100,100277,100,101219,100,100103,100,101246,100,100089,100,101360,100,100047,100,101663,100,99907,200,,,99825,100
2019-06-28 09:57:25.545158761,100953,88,100626,388,100982,188,100371,188,101048,188,100337,188,101059,188,100313,158,101194,100,100277,100,101219,100,100103,100,101246,100,100089,100,101360,100,100047,100,101663,100,99907,200,,,99825,100
2019-06-28 09:57:29.945026372,100953,88,100626,388,100982,188,100371,188,101048,188,100337,188,101059,188,100313,158,101194,100,100277,100,101219,100,100103,100,101246,100,100089,100,101360,100,100047,100,101431,100,99907,200,101663,100,99825,100
2019-06-28 09:57:30.000000000,100982,452,100626,652,101048,100,100371,100,101059,100,100337,100,101194,100,100313,70,101219,100,100277,100,101246,100,100103,100,101360,100,100089,100,101431,100,100047,100,101663,100,99907,200,,,99825,100
2019-06-28 09:57:40.000000000,100982,170,100626,370,101048,170,100371,170,101059,170,100337,170,101194,170,100313,140,101219,170,100277,170,101246,100,100103,100,101360,100,100089,100,101431,100,100047,100,101663,100,99907,200,,,99825,100
2019-06-28 09:57:50.000000000,100982,220,100626,420,101048,216,100371,216,101059,216,100337,216,101194,100,100313,70,101219,100,100277,100,101246,100,100103,100,101360,100,100089,100,101431,100,100047,100,101663,100,99907,200,,,99825,100
2019-06-28 09:58:00.000000000,100982,188,100626,388,101048,188,100371,188,101059,188,100337,188,101194,188,100313,158,101219,100,100277,100,101246,100,100103,100,101360,100,100089,100,101431,100,100047,100,101663,100,99907,200,,,99825,100
2019-06-28 09:58:09.474404574,100982,188,100626,288,101048,188,100371,188,101059,188,100337,188,101194,188,100313,158,101219,100,100277,100,101246,100,100103,100,101360,100,100089,100,101431,100,100047,100,101663,100,99907,200,,,99825,100
2019-06-28 09:58:09.730915954,100957,100,100626,288,100982,188,100371,188,101048,188,100337,188,101059,188,100313,158,101194,188,100277,100,101219,100,100103,100,101246,100,100089,100,101360,100,100047,100,101431,100,99907,200,101663,100,99825,100
2019-06-28 09:58:10.000000000,100957,452,100626,552,100982,100,100371,100,101048,100,100337,100,101059,100,100313,70,101194,100,100277,100,101219,100,100103,100,101246,100,100089,100,101360,100,100047,100,101431,100,99907,200,101663,100,99825,100
2019-06-28 09:58:15.180508253,100957,452,100951,100,100982,100,100626,452,101048,100,100371,100,101059,100,100337,100,101194,100,100313,70,101219,100,100277,100,101246,100,100103,100,101360,100,100089,100,101431,100,100047,100,101663,100,99907,200
2019-06-28 09:58:20.000000000,100957,452,100951,452,100982,100,100626,100,101048,100,100371,100,101059,100,100337,100,101194,100,100313,70,101219,100,100277,100,101246,100,100103,100,101360,100,100089,100,101431,100,100047,100,101663,100,99907,200
2019-06-28 09:58:30.000000000,100957,452,100951,452,100982,100,100626,100,101048,100,100371,100,101059,100,100337,100,101194,100,100313,70,101219,100,100277,100,101246,100,100103,100,101360,100,100089,100,101431,100,100047,100,101663,100,99907,200
2019-06-28 09:58:40.000000000,100957,276,100951,276,100982,276,100626,276,101048,100,100371,100,101059,100,100337,100,101194,100,100313,70,101219,100,100277,100,101246,100,100103,100,101360,100,100089,100,101431,100,100047,100,101663,100,99907,200
2019-06-28 09:58:45.120123722,100957,276,100951,276,100982,276,100626,276,101048,100,100371,100,101059,100,100337,100,101194,100,100313,70,101219,100,100277,100,101246,100,100103,100,101360,100,100089,100,101431,100,100047,100,101630,100,99907,200
2019-06-28 09:58:50.000000000,100957,188,100951,188,100982,188,100626,188,101048,188,100371,188,101059,188,100337,188,101194,100,100313,70,101219,100,100277,100,101246,100,100103,100,101360,100,100089,100,101431,100,100047,100,101630,100,99907,200
2019-06-28 09:59:00.000000000,100957,188,100951,188,100982,188,100626,188,101048,188,100371,188,101059,188,100337,188,101194,100,100313,70,101219,100,100277,100,101246,100,100103,100,101360,100,100089,100,101431,100,100047,100,101630,100,99907,200
2019-06-28 09:59:02.859233178,100957,188,100951,188,100982,188,100626,188,101048,188,100371,188,101059,188,100337,188,101194,100,100313,70,101219,100,100277,100,101246,100,100103,100,101360,100,100089,100,101431,100,100047,100,101608,100,99907,200
2019-06-28 09:59:10.000000000,100957,276,100951,276,100982,276,100626,276,101048,100,100371,100,101059,100,100337,100,101194,100,100313,70,101219,100,100277,100,101246,100,100103,100,101360,100,100089,100,101431,100,100047,100,101608,100,99907,200
2019-06-28 09:59:20.000000000,100957,276,100951,276,100982,276,100626,276,101048,100,100371,100,101059,100,100337,100,101194,100,100313,70,101219,100,100277,100,101246,100,100103,100,101360,100,100089,100,101431,100,100047,100,101608,100,99907,200
2019-06-28 09:59:28.001434077,100957,276,100951,376,100982,276,100626,276,101048,100,100337,100,101059,100,100313,70,101194,100,100277,100,101219,100,100103,100,101246,100,100089,100,101360,100,100047,100,101431,100,99907,200,101608,100,99825,100
2019-06-28 09:59:28.790396517,100957,276,100951,376,100982,176,100926,100,101048,100,100626,276,101059,100,100337,100,101194,100,100313,70,101219,100,100277,100,101246,100,100103,100,101360,100,100089,100,101431,100,100047,100,101608,100,99907,200
2019-06-28 09:59:30.000000000,100957,452,100951,552,101048,100,100926,100,101059,100,100626,100,101194,100,100337,100,101219,100,100313,70,101246,100,100277,100,101360,100,100103,100,101431,100,100089,100,101608,100,100047,100,101630,100,99907,200
2019-06-28 09:59:30.151247284,100957,452,100951,552,101048,100,100926,100,101059,100,100626,100,101123,100,100337,100,101194,100,100313,70,101219,100,100277,100,101246,100,100103,100,101360,100,100089,100,101431,100,100047,100,101608,100,99907,200
2019-06-28 09:59:31.638205230,100957,452,100951,552,101048,100,100926,100,101059,100,100626,100,101123,100,100337,100,101219,100,100313,70,101246,100,100277,100,101260,100,100103,100,101360,100,100089,100,101431,100,100047,100,101608,100,99907,200
2019-06-28 09:59:31.665179179,100957,452,100951,552,101048,100,100926,100,101059,100,100626,100,101067,100,100337,100,101123,100,100313,70,101219,100,100277,100,101246,100,100103,100,101260,100,100089,100,101360,100,100047,100,101431,100,99907,200
2019-06-28 09:59:40.000000000,100957,276,100951,376,101048,276,100926,276,101059,100,100626,100,101067,100,100337,100,101123,100,100313,70,101219,100,100277,100,101246,100,100103,100,101260,100,100089,100,101360,100,100047,100,101431,100,99907,200
2019-06-28 09:59:49.640938914,100957,276,100951,376,101048,276,100926,276,101059,100,100626,100,101067,100,100313,70,101123,100,100277,100,101219,100,100103,100,101246,100,100089,100,101260,100,100047,100,101360,100,99907,200,101379,100,99825,100
2019-06-28 09:59:50.000000000,100957,170,100951,270,101048,170,100926,170,101059,170,100626,170,101067,170,100313,140,101123,170,100277,170,101219,100,100103,100,101246,100,100089,100,101260,100,100047,100,101360,100,99907,200,101379,100,99825,100
2019-06-28 10:00:00.000000000,100957,452,100951,552,101048,100,100926,100,101059,100,100626,100,101067,100,100313,70,101123,100,100277,100,101219,100,100103,100,101246,100,100089,100,101260,100,100047,100,101360,100,99907,200,101379,100,99825,100
2019-06-28 10:00:00.183681064,100957,452,100951,552,101048,100,100926,100,101059,100,100626,100,101067,100,100313,70,101123,100,100277,100,101219,100,100103,100,101246,100,100089,100,101260,100,100047,100,101360,100,99907,200,101379,100,99825,100
2019-06-28 10:00:10.000000000,100957,170,100951,270,101048,170,100926,170,101059,170,100626,170,101067,170,100313,140,101123,170,100277,170,101219,100,100103,100,101246,100,100089,100,101260,100,100047,100,101360,100,99907,200,101379,100,99825,100
2019-06-28 10:00:20.000000000,100957,276,100951,376,101048,276,100926,276,101059,100,100626,100,101067,100,100313,70,101123,100,100277,100,101219,100,100103,100,101246,100,100089,100,101260,100,100047,100,101360,100,99907,200,101379,100,99825,100
2019-06-28 10:00:30.000000000,100957,276,100951,376,101048,276,100926,276,101059,100,100626,100,101067,100,100313,70,101123,100,100277,100,101219,100,100103,100,101246,100,100089,100,101260,100,100047,100,101360,100,99907,200,101379,100,99825,100
2019-06-28 10:00:40.000000000,100957,170,100951,270,101048,170,100926,170,101059,170,100626,170,101067,170,100313,140,101123,170,100277,170,101219,100,100103,100,101246,100,100089,100,101260,100,100047,100,101360,100,99907,200,101379,100,99825,100
2019-06-28 10:00:50.000000000,100957,188,100951,288,101048,188,100926,188,101059,188,100626,188,101067,188,100313,158,101123,100,100277,100,101219,100,100103,100,101246,100,100089,100,101260,100,100047,100,101360,100,99907,200,101379,100,99825,100
2019-06-28 10:01:00.000000000,100957,188,100951,288,101048,188,100926,188,101059,188,100626,188,101067,188,100313,158,101123,100,100277,100,101219,100,100103,100,101246,100,100089,100,101260,100,100047,100,101360,100,99907,200,101379,100,99825,100
2019-06-28 10:01:10.000000000,100957,276,100951,376,101048,276,100926,276,101059,100,100626,100,101067,100,100313,70,101123,100,100277,100,101219,100,100103,100,101246,100,100089,100,101260,100,100047,100,101360,100,99907,200,101379,100,99825,100
2019-06-28 10:01:20.000000000,100957,276,100951,376,101048,276,100926,276,101059,100,100626,100,101067,100,100313,70,101123,100,100277,100,101219,100,100103,100,101246,100,100089,100,101260,100,100047,100,101360,100,99907,200,101379,100,99825,100
2019-06-28 10:01:27.502676122,100957,276,100951,276,101048,276,100926,176,101059,100,100626,100,101067,100,100313,70,101123,100,100277,100,101219,100,100103,100,101246,100,100089,100,101260,100,100047,100,101360,100,99907,200,101379,100,99825,100
2019-06-28 10:01:30.000000000,100957,170,100951,170,101048,170,100626,170,101059,170,100313,140,101067,170,100277,170,101123,170,100103,170,101219,100,100089,100,101246,100,100047,100,101260,100,99907,200,101360,100,99825,100,101379,100,,
2019-06-28 10:01:40.000000000,100957,188,100951,188,101048,188,100626,188,101059,188,100313,158,101067,188,100277,188,101123,100,100103,100,101219,100,100089,100,101246,100,100047,100,101260,100,99907,200,101360,100,99825,100,101379,100,,
2019-06-28 10:01:40.578469733,100957,188,100951,188,101048,188,100626,188,101059,188,100313,158,101067,188,100277,188,101123,100,100103,100,101219,100,100089,100,101246,100,100047,100,101260,100,99971,100,101360,100,99907,200,101379,100,99825,100
2019-06-28 10:01:43.411965234,100957,188,100951,188,101048,188,100626,188,101059,188,100416,100,101067,188,100313,158,101123,100,100277,188,101219,100,100103,100,101246,100,100089,100,101260,100,100047,100,101360,100,99971,100,101379,100,99907,200
2019-06-28 10:01:45.880042064,100957,188,100951,88,101048,188,100626,188,101059,188,100416,100,101067,188,100313,158,101123,100,100277,188,101219,100,100103,100,101246,100,100089,100,101260,100,100047,100,101360,100,99971,100,101379,100,99907,200
2019-06-28 10:01:50.000000000,100957,452,100626,452,101048,100,100416,100,101059,100,100313,70,101067,100,100277,100,101123,100,100103,100,101219,100,100089,100,101246,100,100047,100,101260,100,99971,100,101360,100,99907,200,101379,100,,
2019-06-28 10:02:00.000000000,100957,276,100626,276,101048,276,100416,276,101059,100,100313,70,101067,100,100277,100,101123,100,100103,100,101219,100,100089,100,101246,100,100047,100,101260,100,99971,100,101360,100,99907,200,101379,100,,
2019-06-28 10:02:10.000000000,100957,220,100626,220,101048,216,100416,216,101059,216,100313,186,101067,100,100277,100,101123,100,100103,100,101219,100,100089,100,101246,100,100047,100,101260,100,99971,100,101360,100,99907,200,101379,100,,
2019-06-28 10:02:17.749631509,100957,220,100626,120,101048,216,100416,216,101059,216,100313,186,101067,100,100277,100,101123,100,100103,100,101219,100,100089,100,101246,100,100047,100,101360,100,99971,100,101379,100,99907,200,101431,100,,
2019-06-28 10:02:20.000000000,100957,276,100416,276,101048,276,100313,246,101059,100,100277,100,101067,100,100103,100,101123,100,100089,100,101219,100,100047,100,101246,100,99971,100,101360,100,99907,200,101379,100,,,101431,100,,
2019-06-28 10:02:30.000000000,100957,188,100416,188,101048,188,100313,158,101059,188,100277,188,101067,188,100103,188,101123,100,100089,100,101219,100,100047,100,101246,100,99971,100,101360,100,99907,200,101379,100,,,101431,100,,
2019-06-28 10:02:34.886563801,100957,188,100416,188,101048,188,100313,158,101059,188,100277,188,101067,188,100103,188,101123,100,100089,100,101219,100,100047,100,101246,100,99971,100,101360,100,99907,200,101379,100,99842,100,101431,100,,
2019-06-28 10:02:40.000000000,100957,188,100416,188,101048,188,100313,158,101059,188,100277,188,101067,188,100103,188,101123,100,100089,100,101219,100,100047,100,101246,100,99971,100,101360,100,99907,200,101379,100,99842,100,101431,100,,
2019-06-28 10:02:50.000000000,100957,452,100416,452,101048,100,100313,70,101059,100,100277,100,101067,100,100103,100,101123,100,100089,100,101219,100,100047,100,101246,100,99971,100,101360,100,99907,200,101379,100,99842,100,101431,100,,
2019-06-28 10:03:00.000000000,100957,276,100416,276,101048,276,100313,246,101059,100,100277,100,101067,100,100103,100,101123,100,100089,100,101219,100,100047,100,101246,100,99971,100,101360,100,99907,200,101379,100,99842,100,101431,100,,
2019-06-28 10:03:05.495481662,100951,100,100416,276,100957,276,100313,246,101048,276,100277,100,101059,100,100103,100,101067,100,100089,100,101123,100,100047,100,101219,100,99971,100,101246,100,99907,200,101360,100,99842,100,101379,100,,
2019-06-28 10:03:10.000000000,100951,220,100416,220,100957,216,100313,186,101048,216,100277,216,101059,100,100103,100,101067,100,100089,100,101123,100,100047,100,101219,100,99971,100,101246,100,99907,200,101360,100,99842,100,101379,100,,
2019-06-28 10:03:11.057209946,100951,220,100416,220,100957,216,100313,186,101048,216,100277,216,101059,100,100089,100,101067,100,100047,100,101123,100,99971,100,101219,100,99907,200,101246,100,99842,100,101360,100,99127,100,101379,100,,
2019-06-28 10:03:20.000000000,100951,188,100416,188,100957,188,100313,158,101048,188,100277,188,101059,188,100089,188,101067,100,100047,100,101123,100,99971,100,101219,100,99907,200,101246,100,99842,100,101360,100,99127,100,101379,100,,
2019-06-28 10:03:30.000000000,100951,276,100416,276,100957,276,100313,246,101048,100,100277,100,101059,100,100089,100,101067,100,100047,100,101123,100,99971,100,101219,100,99907,200,101246,100,99842,100,101360,100,99127,100,101379,100,,
2019-06-28 10:03:40.000000000,100951,276,100416,276,100957,276,100313,246,101048,100,100277,100,101059,100,100089,100,101067,100,100047,100,101123,100,99971,100,101219,100,99907,200,101246,100,99842,100,101360,100,99127,100,101379,100,,
2019-06-28 10:03:42.644742033,100951,276,100416,176,100957,276,100313,246,101048,100,100277,100,101059,100,100089,100,101067,100,100047,100,101123,100,99971,100,101219,100,99907,200,101246,100,99842,100,101360,100,99127,100,101379,100,,
2019-06-28 10:03:50.000000000,100951,276,100313,246,100957,276,100277,276,101048,100,100089,100,101059,100,100047,100,101067,100,99971,100,101123,100,99907,200,101219,100,99842,100,101246,100,99127,100,101360,100,,,101379,100,,
2019-06-28 10:04:00.000000000,100951,170,100313,140,100957,170,100277,170,101048,170,100089,170,101059,170,100047,170,101067,170,99971,170,101123,100,99907,200,101219,100,99842,100,101246,100,99127,100,101360,100,,,101379,100,,
2019-06-28 10:04:04.436874526,100951,170,100313,140,100957,170,100277,170,101048,170,100089,170,101059,170,100047,170,101067,170,99971,170,101123,100,99907,200,101219,100,99842,100,101246,100,99581,100,101360,100,99127,100,101379,100,,
2019-06-28 10:04:10.000000000,100951,170,100313,140,100957,170,100277,170,101048,170,100089,170,101059,170,100047,170,101067,170,99971,170,101123,100,99907,200,101219,100,99842,100,101246,100,99581,100,101360,100,99127,100,101379,100,,
2019-06-28 10:04:20.000000000,100951,170,100313,140,100957,170,100277,170,101048,170,100089,170,101059,170,100047,170,101067,170,99971,170,101123,100,99907,200,101219,100,99842,100,101246,100,99581,100,101360,100,99127,100,101379,100,,
2019-06-28 10:04:30.000000000,100951,220,100313,190,100957,216,100277,216,101048,216,100089,216,101059,100,100047,100,101067,100,99971,100,101123,100,99907,200,101219,100,99842,100,101246,100,99581,100,101360,100,99127,100,101379,100,,
2019-06-28 10:04:33.374036247,100626,100,100313,190,100951,220,100277,216,100957,216,100089,216,101048,216,100047,100,101059,100,99971,100,101067,100,99907,200,101123,100,99842,100,101219,100,99581,100,101246,100,99127,100,101360,100,,
2019-06-28 10:04:40.000000000,100626,452,100313,422,100951,100,100277,100,100957,100,100089,100,101048,100,100047,100,101059,100,99971,100,101067,100,99907,200,101123,100,99842,100,101219,100,99581,100,101246,100,99127,100,101360,100,,
2019-06-28 10:04:44.259656203,100626,452,100313,422,100951,100,100277,100,100957,100,100089,100,101048,100,100047,100,101059,100,99971,200,101067,100,99907,200,101123,100,99581,100,101219,100,99127,100,101246,100,,,101360,100,,
2019-06-28 10:04:50.000000000,100626,220,100313,190,100951,216,100277,216,100957,216,100089,216,101048,100,100047,100,101059,100,99971,200,101067,100,99907,200,101123,100,99581,100,101219,100,99127,100,101246,100,,,101360,100,,
2019-06-28 10:05:00.000000000,100626,276,100313,246,100951,276,100277,276,100957,100,100089,100,101048,100,100047,100,101059,100,99971,200,101067,100,99907,200,101123,100,99581,100,101219,100,99127,100,101246,100,,,101360,100,,
2019-06-28 10:05:08.273489992,100626,376,100313,246,100951,276,100277,276,100957,100,100089,100,101048,100,100047,100,101059,100,99971,200,101067,100,99907,200,101123,100,99581,100,101219,100,99127,100,101246,100,,,101360,100,,
2019-06-28 10:05:10.000000000,100626,376,100313,246,100951,276,100277,276,100957,100,100089,100,101048,100,100047,100,101059,100,99971,200,101067,100,99907,200,101123,100,99581,100,101219,100,99127,100,101246,100,,,101360,100,,
2019-06-28 10:05:13.906023693,100626,376,100313,146,100951,276,100277,276,100957,100,100089,100,101048,100,100047,100,101059,100,99971,200,101067,100,99907,200,101123,100,99581,100,101219,100,99127,100,101246,100,,,101360,100,,
2019-06-28 10:05:20.000000000,100626,288,100277,188,100951,188,100089,188,100957,188,100047,188,101048,188,99971,288,101059,100,99907,200,101067,100,99581,100,101123,100,99127,100,101219,100,,,101246,100,,,101360,100,,
2019-06-28 10:05:27.314127750,100626,288,100277,88,100951,188,100089,188,100957,188,100047,188,101048,188,99971,188,101059,100,99907,200,101067,100,99581,100,101123,100,99127,100,101219,100,,,101246,100,,,101360,100,,
2019-06-28 10:05:30.000000000,100626,270,100089,170,100951,170,100047,170,100957,170,99971,170,101048,170,99907,270,101059,170,99581,170,101067,100,99127,100,101123,100,,,101219,100,,,101246,100,,,101360,100,,
