,ask_price_1,ask_size_1,bid_price_1,bid_size_1,ask_price_2,ask_size_2,bid_price_2,bid_size_2,ask_price_3,ask_size_3,bid_price_3,bid_size_3,ask_price_4,ask_size_4,bid_price_4,bid_size_4,ask_price_5,ask_size_5,bid_price_5,bid_size_5,ask_price_6,ask_size_6,bid_price_6,bid_size_6,ask_price_7,ask_size_7,bid_price_7,bid_size_7,ask_price_8,ask_size_8,bid_price_8,bid_size_8,ask_price_9,ask_size_9,bid_price_9,bid_size_9,ask_price_10,ask_size_10,bid_price_10,bid_size_10
2019-06-28 09:30:00.000000000,,,99939,100,,,,,,,,,,,,,,,,,,,,,,,,,,,,,,,,,,,,
2019-06-28 09:30:00.000000001,,,99950,100,,,99939,100,,,,,,,,,,,,,,,,,,,,,,,,,,,,,,,,
2019-06-28 09:30:00.000000002,,,100032,100,,,99950,100,,,99944,100,,,99939,100,,,,,,,,,,,,,,,,,,,,,,,,
2019-06-28 09:30:00.000000006,100229,100,100032,100,,,99950,100,,,99944,100,,,99939,100,,,,,,,,,,,,,,,,,,,,,,,,
2019-06-28 09:30:00.000000007,100229,100,99950,100,,,99944,100,,,99939,100,,,,,,,,,,,,,,,,,,,,,,,,,,,,
2019-06-28 09:30:00.000000008,100037,100,99950,100,100051,100,99946,100,100103,100,99944,100,100229,100,99939,100,,,,,,,,,,,,,,,,,,,,,,,,
2019-06-28 09:30:00.000000009,100037,100,100002,100,100051,100,99950,100,100103,100,99946,100,100229,100,99944,100,,,99939,100,,,,,,,,,,,,,,,,,,,,
2019-06-28 09:30:00.000000016,100037,100,100004,100,100051,100,100002,100,100103,100,99950,100,100229,100,99946,100,,,99944,100,,,99939,100,,,,,,,,,,,,,,,,
2019-06-28 09:30:00.000000018,100037,100,100004,100,100051,100,100002,100,100103,100,99950,100,100139,100,99946,100,100229,100,99944,100,,,99939,100,,,,,,,,,,,,,,,,
2019-06-28 09:30:00.000000020,100037,100,100004,100,100051,100,100002,100,100097,100,99950,100,100103,100,99946,100,100139,100,99944,100,100229,100,99939,100,,,,,,,,,,,,,,,,
2019-06-28 09:30:00.000000021,100051,100,100004,100,100097,100,100002,100,100103,100,99950,100,100139,100,99946,100,100229,100,99944,100,,,99939,100,,,,,,,,,,,,,,,,
2019-06-28 09:30:00.000000022,100051,100,100032,100,100097,100,100004,100,100103,100,100002,100,100139,100,99950,100,100229,100,99946,100,,,99944,100,,,99939,100,,,,,,,,,,,,
2019-06-28 09:30:00.000000023,100051,100,100032,100,100065,100,100004,100,100097,100,100002,100,100103,100,99950,100,100139,100,99946,100,100229,100,99944,100,,,99939,100,,,,,,,,,,,,
2019-06-28 09:30:00.000000025,100051,100,100032,100,100065,100,100004,100,100097,100,100002,100,100103,100,99950,100,100128,100,99946,100,100139,100,99944,100,100229,100,99939,100,,,,,,,,,,,,
2019-06-28 09:30:00.000000028,100051,100,100032,100,100065,100,100004,100,100097,100,100002,100,100103,100,99993,100,100128,100,99950,100,100139,100,99946,100,100229,100,99944,100,,,99939,100,,,99887,100,,,,
2019-06-28 09:30:00.000000029,100065,100,100032,100,100097,100,100004,100,100103,100,100002,100,100128,100,99993,100,100139,100,99959,100,100229,100,99950,100,,,99946,100,,,99944,100,,,99939,100,,,99916,100
2019-06-28 09:30:00.000000031,100065,100,100032,100,100079,100,100004,100,100097,100,100002,100,100103,100,99993,100,100128,100,99959,100,100139,100,99950,100,100229,100,99946,100,,,99944,100,,,99939,100,,,99916,100
2019-06-28 09:30:00.000000034,100065,100,100058,100,100079,100,100032,100,100097,100,100004,100,100103,100,100002,100,100128,100,99993,100,100139,100,99959,100,100229,100,99950,100,,,99946,100,,,99944,100,,,99939,100
2019-06-28 09:30:00.000000037,100065,100,100058,100,100079,100,100032,100,100097,100,100023,100,100103,100,100004,100,100128,100,100002,100,100139,100,99993,100,100229,100,99959,100,,,99950,100,,,99946,100,,,99944,100
2019-06-28 09:30:00.000000041,100065,100,100058,100,100079,100,100032,100,100097,100,100023,100,100103,100,100018,100,100128,100,100004,100,100139,100,100002,100,100229,100,99993,100,,,99959,100,,,99950,100,,,99946,100
2019-06-28 09:30:00.000000042,100064,100,100058,100,100065,100,100032,100,100079,100,100023,200,100097,100,100018,100,100103,100,100004,100,100128,100,100002,100,100139,100,99993,100,100229,100,99959,100,,,99950,100,,,99946,100
2019-06-28 09:30:00.000000043,100064,100,100058,100,100065,100,100032,100,100079,100,100023,200,100097,100,100018,100,100103,100,100004,100,100128,100,100002,100,100134,100,99993,100,100139,100,99959,100,100229,100,99950,100,,,99946,100
2019-06-28 09:30:00.000000044,100064,100,100032,100,100065,100,100023,200,100079,100,100018,100,100097,100,100004,100,100103,100,100002,100,100128,100,99993,100,100134,100,99987,100,100139,100,99959,100,100229,100,99950,100,,,99946,100
2019-06-28 09:30:00.000000046,100064,100,100032,100,100065,100,100023,200,100079,100,100018,100,100097,100,100004,100,100103,100,100002,100,100128,100,99993,100,100134,100,99987,100,100139,100,99959,100,100162,100,99950,100,100229,100,99946,100
2019-06-28 09:30:00.000000047,100064,100,100032,100,100065,100,100023,200,100079,100,100018,100,100097,100,100004,100,100103,100,100002,100,100128,100,99993,100,100134,100,99987,100,100139,100,99959,100,100162,100,99950,100,100229,100,99946,100
2019-06-28 09:30:00.000000048,100064,100,100032,100,100065,100,100023,200,100079,100,100018,100,100097,100,100004,100,100103,100,100002,100,100128,100,99993,100,100134,100,99987,100,100139,100,99959,100,100162,100,99950,100,100229,100,99946,100
2019-06-28 09:30:00.000000049,100061,100,100032,100,100064,100,100023,200,100065,100,100018,100,100079,100,100004,100,100097,100,100002,100,100103,100,99993,100,100128,100,99987,100,100134,100,99959,100,100139,100,99950,100,100162,100,99946,100
2019-06-28 09:30:00.000000050,100058,100,100032,100,100061,100,100023,200,100064,100,100018,100,100065,100,100004,100,100066,100,100002,100,100079,100,99993,100,100097,100,99987,100,100103,100,99959,100,100110,100,99950,100,100128,100,99946,100
2019-06-28 09:30:00.000000051,100058,300,100032,100,100061,100,100023,200,100064,100,100018,100,100065,100,100004,100,100066,100,100002,100,100079,100,99993,100,100097,100,99987,100,100103,100,99959,100,100110,100,99950,100,100128,100,99946,100
2019-06-28 09:30:00.000000059,100058,400,100032,100,100061,100,100023,200,100064,100,100018,100,100065,100,100004,100,100066,100,100002,100,100079,100,99993,100,100097,100,99987,100,100103,100,99959,100,100110,100,99950,100,100128,100,99946,100
2019-06-28 09:30:00.000000060,100058,400,100032,100,100061,100,100023,200,100064,100,100018,100,100065,100,100004,100,100066,100,100002,100,100079,100,99993,100,100086,100,99987,100,100097,100,99959,100,100103,100,99950,100,100110,100,99946,100
2019-06-28 09:30:00.000000061,100058,400,100032,100,100061,100,100023,200,100064,100,100018,100,100065,100,100004,100,100066,100,100002,100,100079,100,99993,100,100086,100,99987,100,100097,100,99959,100,100103,100,99950,100,100110,100,99946,100
2019-06-28 09:30:00.000000066,100050,100,100032,100,100058,400,100023,200,100061,100,100018,100,100064,100,100004,100,100065,100,100002,100,100066,100,99993,100,100079,100,99987,100,100086,100,99959,100,100097,100,99950,100,100103,100,99946,100
2019-06-28 09:30:00.000000068,100058,400,100032,100,100061,100,100023,200,100064,100,100018,100,100065,100,100004,100,100066,100,100002,100,100079,100,99993,100,100086,100,99987,100,100097,100,99959,100,100103,100,99950,100,100110,100,99946,100
2019-06-28 09:30:00.000000069,100039,100,100032,100,100058,400,100023,200,100061,100,100018,100,100064,100,100004,100,100065,100,100002,100,100066,100,99993,100,100079,100,99987,100,100086,100,99969,100,100097,100,99959,100,100103,100,99950,100
2019-06-28 09:30:00.000000071,100040,100,100032,100,100058,400,100023,200,100061,100,100018,100,100064,100,100004,100,100065,100,100002,100,100066,100,99993,100,100079,100,99987,100,100086,100,99969,100,100097,100,99959,100,100103,100,99950,100
2019-06-28 09:30:00.000000080,100040,100,100032,100,100050,100,100023,200,100058,400,100018,100,100061,100,100004,100,100064,100,100002,100,100065,100,99993,100,100066,100,99987,100,100079,100,99969,100,100086,100,99959,100,100097,100,99950,100
2019-06-28 09:30:00.000000082,100040,100,100032,100,100050,100,100023,200,100058,400,100018,100,100061,100,100004,100,100064,100,100002,100,100065,100,99993,100,100066,100,99987,100,100079,100,99969,100,100086,100,99959,100,100097,100,99950,100
2019-06-28 09:30:00.000000083,100040,100,100039,100,100050,100,100032,100,100058,400,100023,200,100061,100,100018,100,100064,100,100004,100,100065,100,100002,100,100066,100,99993,100,100079,100,99987,100,100086,100,99969,100,100097,100,99959,100
2019-06-28 09:30:00.000000086,100040,100,100039,100,100050,100,100032,100,100058,400,100023,200,100061,100,100018,100,100064,100,100004,100,100065,100,100002,100,100066,100,99993,100,100079,100,99987,100,100086,100,99969,100,100097,100,99959,100
2019-06-28 09:30:00.000000088,100040,100,100032,100,100050,100,100023,200,100058,400,100018,100,100061,100,100004,100,100064,100,100002,100,100065,100,99993,100,100066,100,99987,100,100079,100,99969,100,100086,100,99959,100,100097,100,99950,100
2019-06-28 09:30:00.000000091,100039,100,100023,200,100040,100,100018,100,100050,100,100004,100,100058,400,100002,100,100061,100,99993,100,100064,100,99987,100,100065,100,99969,100,100066,100,99959,100,100079,100,99950,100,100086,100,99946,100
2019-06-28 09:30:00.000000092,100039,100,100023,200,100040,100,100018,100,100044,100,100004,100,100050,100,100002,100,100058,400,99993,100,100061,100,99987,100,100064,100,99969,100,100065,100,99959,100,100066,100,99950,100,100079,100,99946,100
2019-06-28 09:30:00.000000093,100039,100,100023,100,100040,100,100018,100,100044,100,100004,100,100050,100,100002,100,100058,400,99993,100,100061,100,99987,100,100064,100,99969,100,100065,100,99959,100,100066,100,99950,100,100079,100,99946,100
2019-06-28 09:30:00.000000094,100039,100,100023,100,100040,100,100018,100,100044,100,100004,100,100050,100,100002,100,100058,400,99993,100,100061,100,99987,100,100064,100,99969,100,100065,100,99959,100,100066,100,99950,100,100079,100,99946,100
2019-06-28 09:30:00.000000097,100039,100,100023,100,100040,100,100018,100,100044,100,100004,100,100050,100,100002,100,100052,100,99993,100,100058,400,99987,100,100061,100,99969,100,100064,100,99959,100,100065,100,99950,100,100066,100,99946,100
2019-06-28 09:30:00.000000099,100039,100,100023,100,100040,100,100018,100,100044,100,100004,100,100050,100,100002,100,100052,100,99993,100,100058,400,99987,100,100061,100,99969,100,100064,100,99959,100,100065,100,99950,100,100066,100,99946,100
2019-06-28 09:30:10.000000000,100039,446,100023,446,100040,100,100018,100,100044,100,100004,100,100050,100,100002,100,100052,100,99993,100,100058,400,99987,100,100061,100,99969,100,100064,100,99959,100,100065,100,99950,100,100066,100,99946,100
2019-06-28 09:30:15.415622959,100039,446,100023,346,100040,100,100018,100,100044,100,100004,100,100050,100,100002,100,100052,100,99993,100,100058,400,99987,100,100061,100,99969,100,100064,100,99959,100,100065,100,99950,100,100066,100,99946,100
2019-06-28 09:30:20.000000000,100039,169,100018,169,100040,169,100004,169,100044,169,100002,169,100050,169,99993,169,100052,169,99987,169,100058,400,99969,100,100061,100,99959,100,100064,100,99950,100,100065,100,99946,100,100066,100,99944,100
2019-06-28 09:30:21.059866339,100039,69,100018,169,100040,169,100004,169,100044,169,100002,169,100050,169,99993,169,100052,169,99987,169,100058,400,99969,100,100061,100,99959,100,100064,100,99950,100,100065,100,99946,100,100066,100,99944,100
2019-06-28 09:30:30.000000000,100040,169,100018,169,100044,169,100004,169,100050,169,100002,169,100052,169,99993,169,100058,469,99987,169,100061,100,99969,100,100064,100,99959,100,100065,100,99950,100,100066,100,99946,100,100079,100,99944,100
2019-06-28 09:30:33.862337924,100032,100,100018,169,100040,169,100004,169,100044,169,100002,169,100050,169,99993,169,100052,169,99987,169,100058,469,99969,100,100061,100,99959,100,100064,100,99950,100,100065,100,99946,100,100066,100,99944,100
2019-06-28 09:30:39.770556304,100040,169,100018,169,100044,169,100004,169,100050,169,100002,169,100052,169,99993,169,100058,469,99987,169,100061,100,99969,100,100064,100,99959,100,100065,100,99950,100,100066,100,99946,100,100086,100,99944,100
2019-06-28 09:30:40.000000000,100040,169,100018,169,100044,169,100004,169,100050,169,100002,169,100052,169,99993,169,100058,469,99987,169,100061,100,99969,100,100064,100,99959,100,100065,100,99950,100,100066,100,99946,100,100086,100,99944,100
2019-06-28 09:30:50.000000000,100040,218,100018,218,100044,214,100004,214,100050,214,100002,214,100052,100,99993,100,100058,400,99987,100,100061,100,99969,100,100064,100,99959,100,100065,100,99950,100,100066,100,99946,100,100086,100,99944,100
2019-06-28 09:30:51.132300694,100040,218,100032,100,100044,214,100018,218,100050,214,100004,214,100052,100,100002,214,100058,400,99993,100,100061,100,99987,100,100064,100,99969,100,100065,100,99959,100,100066,100,99950,100,100086,100,99946,100
2019-06-28 09:30:54.535082756,100038,100,100032,100,100040,218,100018,218,100044,214,100004,214,100050,214,100002,214,100052,100,99993,100,100058,300,99987,100,100061,100,99969,100,100064,100,99959,100,100065,100,99950,100,100066,100,99946,100
2019-06-28 09:31:00.000000000,100038,218,100032,218,100040,214,100018,214,100044,214,100004,214,100050,100,100002,100,100052,100,99993,100,100058,300,99987,100,100061,100,99969,100,100064,100,99959,100,100065,100,99950,100,100066,100,99946,100
2019-06-28 09:31:10.000000000,100038,446,100032,446,100040,100,100018,100,100044,100,100004,100,100050,100,100002,100,100052,100,99993,100,100058,300,99987,100,100061,100,99969,100,100064,100,99959,100,100065,100,99950,100,100066,100,99946,100
2019-06-28 09:31:20.000000000,100038,446,100032,446,100040,100,100018,100,100044,100,100004,100,100050,100,100002,100,100052,100,99993,100,100058,300,99987,100,100061,100,99969,100,100064,100,99959,100,100065,100,99950,100,100066,100,99946,100
2019-06-28 09:31:24.957601798,100038,446,100032,446,100040,100,100018,100,100044,100,100004,100,100050,100,100002,100,100052,100,99993,100,100058,300,99987,100,100061,100,99969,100,100064,100,99959,100,100065,100,99950,100,100066,100,99946,100
2019-06-28 09:31:25.814345439,100038,346,100032,446,100040,100,100018,100,100044,100,100004,100,100050,100,100002,100,100052,100,99993,100,100058,300,99987,100,100061,100,99969,100,100064,100,99959,100,100065,100,99950,100,100066,100,99946,100
2019-06-28 09:31:27.633861622,100038,346,100032,446,100040,100,100018,100,100044,100,100004,100,100050,100,100002,100,100052,100,99993,100,100058,300,99987,100,100061,100,99969,100,100064,100,99959,100,100065,100,99950,100,100066,100,99944,100
2019-06-28 09:31:27.946399813,100038,246,100032,446,100040,100,100018,100,100044,100,100004,100,100050,100,100002,100,100058,300,99993,100,100061,100,99987,100,100064,100,99969,100,100065,100,99959,100,100066,100,99950,100,100097,100,99944,100
2019-06-28 09:31:30.000000000,100040,186,100032,186,100044,186,100018,186,100050,186,100004,186,100058,386,100002,186,100061,100,99993,100,100064,100,99987,100,100065,100,99969,100,100066,100,99959,100,100097,100,99950,100,100099,100,99944,100
2019-06-28 09:31:40.000000000,100040,446,100032,446,100044,100,100018,100,100050,100,100004,100,100058,300,100002,100,100061,100,99993,100,100064,100,99987,100,100065,100,99969,100,100066,100,99959,100,100097,100,99950,100,100099,100,99944,100
2019-06-28 09:31:50.000000000,100040,169,100032,169,100044,169,100018,169,100050,169,100004,169,100058,369,100002,169,100061,169,99993,169,100064,100,99987,100,100065,100,99969,100,100066,100,99959,100,100097,100,99950,100,100099,100,99944,100
2019-06-28 09:31:51.463156294,100040,169,100032,169,100044,69,100018,169,100050,169,100004,169,100058,369,100002,169,100061,169,99993,169,100064,100,99987,100,100065,100,99969,100,100066,100,99959,100,100097,100,99950,100,100099,100,99944,100
2019-06-28 09:32:00.000000000,100040,218,100032,218,100050,214,100018,214,100058,414,100004,214,100061,100,100002,100,100064,100,99993,100,100065,100,99987,100,100066,100,99969,100,100097,100,99959,100,100099,100,99950,100,100103,100,99944,100
2019-06-28 09:32:10.000000000,100040,273,100032,273,100050,273,100018,273,100058,300,100004,100,100061,100,100002,100,100064,100,99993,100,100065,100,99987,100,100066,100,99969,100,100097,100,99959,100,100099,100,99950,100,100103,100,99944,100
2019-06-28 09:32:20.000000000,100040,169,100032,169,100050,169,100018,169,100058,369,100004,169,100061,169,100002,169,100064,169,99993,169,100065,100,99987,100,100066,100,99969,100,100097,100,99959,100,100099,100,99950,100,100103,100,99944,100
2019-06-28 09:32:30.000000000,100040,218,100032,218,100050,214,100018,214,100058,414,100004,214,100061,100,100002,100,100064,100,99993,100,100065,100,99987,100,100066,100,99969,100,100097,100,99959,100,100099,100,99950,100,100103,100,99944,100
2019-06-28 09:32:40.000000000,100040,218,100032,218,100050,214,100018,214,100058,414,100004,214,100061,100,100002,100,100064,100,99993,100,100065,100,99987,100,100066,100,99969,100,100097,100,99959,100,100099,100,99950,100,100103,100,99944,100
2019-06-28 09:32:50.000000000,100040,273,100032,273,100050,273,100018,273,100058,300,100004,100,100061,100,100002,100,100064,100,99993,100,100065,100,99987,100,100066,100,99969,100,100097,100,99959,100,100099,100,99950,100,100103,100,99944,100
2019-06-28 09:32:51.891978608,100040,173,100032,273,100050,273,100018,273,100058,300,100004,100,100061,100,100002,100,100064,100,99993,100,100065,100,99987,100,100066,100,99969,100,100097,100,99959,100,100099,100,99950,100,100103,100,99944,100
2019-06-28 09:33:00.000000000,100050,218,100032,218,100058,414,100018,214,100061,214,100004,214,100064,100,100002,100,100065,100,99993,100,100066,100,99987,100,100097,100,99969,100,100099,100,99959,100,100103,100,99950,100,100106,100,99944,100
2019-06-28 09:33:10.000000000,100050,273,100032,273,100058,473,100018,273,100061,100,100004,100,100064,100,100002,100,100065,100,99993,100,100066,100,99987,100,100097,100,99969,100,100099,100,99959,100,100103,100,99950,100,100106,100,99944,100
2019-06-28 09:33:20.000000000,100050,446,100032,446,100058,300,100018,100,100061,100,100004,100,100064,100,100002,100,100065,100,99993,100,100066,100,99987,100,100097,100,99969,100,100099,100,99959,100,100103,100,99950,100,100106,100,99944,100
2019-06-28 09:33:30.000000000,100050,218,100032,218,100058,414,100018,214,100061,214,100004,214,100064,100,100002,100,100065,100,99993,100,100066,100,99987,100,100097,100,99969,100,100099,100,99959,100,100103,100,99950,100,100106,100,99944,100
2019-06-28 09:33:40.000000000,100050,446,100032,446,100058,300,100018,100,100061,100,100004,100,100064,100,100002,100,100065,100,99993,100,100066,100,99987,100,100097,100,99969,100,100099,100,99959,100,100103,100,99950,100,100106,100,99944,100
2019-06-28 09:33:50.000000000,100050,218,100032,218,100058,414,100018,214,100061,214,100004,214,100064,100,100002,100,100065,100,99993,100,100066,100,99987,100,100097,100,99969,100,100099,100,99959,100,100103,100,99950,100,100106,100,99944,100
2019-06-28 09:34:00.000000000,100050,446,100032,446,100058,300,100018,100,100061,100,100004,100,100064,100,100002,100,100065,100,99993,100,100066,100,99987,100,100097,100,99969,100,100099,100,99959,100,100103,100,99950,100,100106,100,99944,100
2019-06-28 09:34:08.962145376,100050,446,100032,446,100058,300,100018,100,100061,100,100004,100,100064,100,100002,100,100065,100,99993,100,100066,100,99987,100,100097,100,99969,100,100099,100,99959,100,100103,100,99950,100,100106,100,99939,100
2019-06-28 09:34:10.000000000,100050,186,100032,186,100058,386,100018,186,100061,186,100004,186,100064,186,100002,186,100065,100,99993,100,100066,100,99987,100,100097,100,99969,100,100099,100,99959,100,100103,100,99950,100,100106,100,99939,100
2019-06-28 09:34:20.000000000,100050,273,100032,273,100058,473,100018,273,100061,100,100004,100,100064,100,100002,100,100065,100,99993,100,100066,100,99987,100,100097,100,99969,100,100099,100,99959,100,100103,100,99950,100,100106,100,99939,100
2019-06-28 09:34:30.000000000,100050,446,100032,446,100058,300,100018,100,100061,100,100004,100,100064,100,100002,100,100065,100,99993,100,100066,100,99987,100,100097,100,99969,100,100099,100,99959,100,100103,100,99950,100,100106,100,99939,100
2019-06-28 09:34:40.000000000,100050,446,100032,446,100058,300,100018,100,100061,100,100004,100,100064,100,100002,100,100065,100,99993,100,100066,100,99987,100,100097,100,99969,100,100099,100,99959,100,100103,100,99950,100,100106,100,99939,100
2019-06-28 09:34:45.727894809,100050,446,100032,446,100058,300,100018,100,100061,100,100004,100,100064,100,100002,100,100065,100,99993,100,100066,100,99987,100,100097,100,99969,100,100099,100,99959,100,100103,100,99950,100,100106,100,99939,100
2019-06-28 09:34:50.000000000,100050,446,100032,446,100058,300,100018,100,100061,100,100004,100,100064,100,100002,100,100065,100,99993,100,100066,100,99987,100,100097,100,99969,100,100099,100,99959,100,100103,100,99950,100,100106,100,99939,100
2019-06-28 09:35:00.000000000,100050,273,100032,273,100058,473,100018,273,100061,100,100004,100,100064,100,100002,100,100065,100,99993,100,100066,100,99987,100,100097,100,99969,100,100099,100,99959,100,100103,100,99950,100,100106,100,99939,100
2019-06-28 09:35:02.361157543,100050,273,100032,173,100058,473,100018,273,100061,100,100004,100,100064,100,100002,100,100065,100,99993,100,100066,100,99987,100,100097,100,99969,100,100099,100,99959,100,100103,100,99950,100,100106,100,99939,100
2019-06-28 09:35:10.000000000,100050,169,100018,169,100058,369,100004,169,100061,169,100002,169,100064,169,99993,169,100065,169,99987,169,100066,100,99969,100,100097,100,99959,100,100099,100,99950,100,100103,100,99939,100,100106,100,99923,100
2019-06-28 09:35:20.000000000,100050,169,100018,169,100058,369,100004,169,100061,169,100002,169,100064,169,99993,169,100065,169,99987,169,100066,100,99969,100,100097,100,99959,100,100099,100,99950,100,100103,100,99939,100,100106,100,99923,100
2019-06-28 09:35:30.000000000,100050,186,100018,186,100058,386,100004,186,100061,186,100002,186,100064,186,99993,186,100065,100,99987,100,100066,100,99969,100,100097,100,99959,100,100099,100,99950,100,100103,100,99939,100,100106,100,99923,100
2019-06-28 09:35:30.226508770,100039,100,100018,186,100050,186,100004,186,100058,386,100002,186,100061,186,99993,186,100064,186,99987,100,100065,100,99969,100,100066,100,99959,100,100097,100,99950,100,100099,100,99939,100,100103,100,99923,100
2019-06-28 09:35:40.000000000,100039,273,100018,273,100050,273,100004,273,100058,300,100002,100,100061,100,99993,100,100064,100,99987,100,100065,100,99969,100,100066,100,99959,100,100097,100,99950,100,100099,100,99939,100,100103,100,99923,100
2019-06-28 09:35:50.000000000,100039,446,100018,446,100050,100,100004,100,100058,300,100002,100,100061,100,99993,100,100064,100,99987,100,100065,100,99969,100,100066,100,99959,100,100097,100,99950,100,100099,100,99939,100,100103,100,99923,100
2019-06-28 09:35:54.734630898,100039,446,100018,346,100050,100,100004,100,100058,300,100002,100,100061,100,99993,100,100064,100,99987,100,100065,100,99969,100,100066,100,99959,100,100097,100,99950,100,100099,100,99939,100,100103,100,99923,100
2019-06-28 09:36:00.000000000,100039,169,100004,169,100050,169,100002,169,100058,369,99993,169,100061,169,99987,169,100064,169,99969,169,100065,100,99959,100,100066,100,99950,100,100097,100,99939,100,100099,100,99923,100,100103,100,99916,100
2019-06-28 09:36:03.749917250,100039,169,100004,169,100050,169,100002,169,100058,369,99993,169,100061,169,99987,169,100064,169,99969,169,100065,100,99959,100,100066,100,99950,100,100097,100,99939,100,100099,100,99923,100,100103,100,99916,100
2019-06-28 09:36:06.103152935,100039,169,100004,69,100050,169,100002,169,100058,369,99993,169,100061,69,99987,169,100064,169,99969,169,100065,100,99959,100,100066,100,99950,100,100097,100,99939,100,100099,100,99923,100,100103,100,99916,100
2019-06-28 09:36:06.552410805,100004,31,100002,169,100039,169,99993,169,100050,169,99987,169,100058,369,99969,169,100061,69,99959,100,100064,169,99950,100,100065,100,99939,100,100066,100,99923,100,100097,100,99916,100,100099,100,99909,100
2019-06-28 09:36:10.000000000,100004,100,100002,169,100039,169,99993,169,100050,169,99987,169,100058,369,99969,169,100064,169,99959,169,100065,100,99950,100,100066,100,99939,100,100097,100,99923,100,100099,100,99916,100,100103,100,99909,100
2019-06-28 09:36:10.178374063,100004,100,100002,69,100039,169,99993,169,100050,169,99987,169,100058,369,99969,169,100064,169,99959,169,100065,100,99950,100,100066,100,99939,100,100097,100,99923,100,100099,100,99916,100,100103,100,99909,100
2019-06-28 09:36:20.000000000,100004,149,99993,218,100039,214,99987,214,100050,214,99969,214,100058,300,99959,100,100064,100,99950,100,100065,100,99939,100,100066,100,99923,100,100097,100,99916,100,100099,100,99909,100,100103,100,99898,100
2019-06-28 09:36:30.000000000,100004,377,99993,446,100039,100,99987,100,100050,100,99969,100,100058,300,99959,100,100064,100,99950,100,100065,100,99939,100,100066,100,99923,100,100097,100,99916,100,100099,100,99909,100,100103,100,99898,100
2019-06-28 09:36:40.000000000,100004,149,99993,218,100039,214,99987,214,100050,214,99969,214,100058,300,99959,100,100064,100,99950,100,100065,100,99939,100,100066,100,99923,100,100097,100,99916,100,100099,100,99909,100,100103,100,99898,100
2019-06-28 09:36:48.716711990,100004,149,99993,218,100039,214,99987,214,100050,214,99969,214,100058,300,99959,100,100064,100,99950,100,100065,100,99939,100,100066,100,99923,100,100097,100,99916,100,100099,100,99909,100,100103,100,99898,100
2019-06-28 09:36:50.000000000,100004,100,99993,169,100039,169,99987,169,100050,169,99969,169,100058,369,99959,169,100064,169,99950,169,100065,100,99939,100,100066,100,99923,100,100097,100,99916,100,100099,100,99909,100,100103,100,99898,100
2019-06-28 09:37:00.000000000,100004,204,99993,273,100039,273,99987,273,100050,100,99969,100,100058,300,99959,100,100064,100,99950,100,100065,100,99939,100,100066,100,99923,100,100097,100,99916,100,100099,100,99909,100,100103,100,99898,100
2019-06-28 09:37:09.331607472,100004,204,99993,273,100039,273,99987,273,100050,100,99969,100,100058,300,99959,100,100064,100,99950,100,100065,100,99939,100,100066,100,99923,100,100097,100,99916,100,100099,100,99909,100,100103,100,99898,100
2019-06-28 09:37:10.000000000,100004,204,99993,273,100039,273,99987,273,100050,100,99969,100,100058,300,99959,100,100064,100,99950,100,100065,100,99939,100,100066,100,99923,100,100097,100,99916,100,100099,100,99909,100,100103,100,99898,100
2019-06-28 09:37:12.741008292,100004,204,99993,173,100039,273,99987,273,100050,100,99959,100,100058,300,99950,100,100064,100,99939,100,100065,100,99923,100,100066,100,99916,100,100097,100,99909,100,100099,100,99898,100,100103,100,99895,100
2019-06-28 09:37:13.226042272,100004,204,99993,173,100039,273,99987,273,100050,100,99959,100,100058,300,99950,100,100064,100,99939,100,100065,100,99923,100,100066,100,99916,100,100097,100,99909,100,100099,100,99898,100,100103,100,99895,100
2019-06-28 09:37:20.000000000,100004,149,99987,218,100039,214,99959,214,100050,214,99950,214,100058,300,99939,100,100064,100,99923,100,100065,100,99916,100,100066,100,99909,100,100097,100,99898,100,100099,100,99895,100,100103,100,99810,100
2019-06-28 09:37:30.000000000,100004,100,99987,169,100039,169,99959,169,100050,169,99950,169,100058,369,99939,169,100064,169,99923,169,100065,100,99916,100,100066,100,99909,100,100097,100,99898,100,100099,100,99895,100,100103,100,99810,100
2019-06-28 09:37:32.390219033,100004,100,99987,169,100039,169,99959,169,100050,169,99950,169,100058,369,99939,169,100064,169,99923,169,100065,100,99916,100,100066,100,99909,100,100097,100,99898,100,100099,100,99895,100,100103,100,99810,100
2019-06-28 09:37:40.000000000,100004,377,99987,446,100039,100,99959,100,100050,100,99950,100,100058,300,99939,100,100064,100,99923,100,100065,100,99916,100,100066,100,99909,100,100097,100,99898,100,100099,100,99895,100,100103,100,99810,100
2019-06-28 09:37:50.000000000,100004,100,99987,169,100039,169,99959,169,100050,169,99950,169,100058,369,99939,169,100064,169,99923,169,100065,100,99916,100,100066,100,99909,100,100097,100,99898,100,100099,100,99895,100,100103,100,99810,100
2019-06-28 09:37:51.328449238,100004,100,99987,69,100039,169,99959,169,100050,169,99950,169,100058,369,99939,169,100064,169,99923,169,100065,100,99916,100,100066,100,99909,100,100097,100,99898,100,100099,100,99895,100,100103,100,99810,100
2019-06-28 09:37:54.952865798,99993,100,99987,69,100004,100,99959,169,100039,169,99950,169,100050,169,99939,169,100058,369,99923,169,100064,169,99916,100,100065,100,99909,100,100066,100,99898,100,100097,100,99895,100,100099,100,99810,100
2019-06-28 09:38:00.000000000,99993,273,99959,273,100004,204,99950,273,100039,100,99939,100,100050,100,99923,100,100058,300,99916,100,100064,100,99909,100,100065,100,99898,100,100066,100,99895,100,100097,100,99810,100,100099,100,99365,100
2019-06-28 09:38:10.000000000,99993,273,99959,273,100004,204,99950,273,100039,100,99939,100,100050,100,99923,100,100058,300,99916,100,100064,100,99909,100,100065,100,99898,100,100066,100,99895,100,100097,100,99810,100,100099,100,99365,100
2019-06-28 09:38:20.000000000,99993,186,99959,186,100004,117,99950,186,100039,186,99939,186,100050,186,99923,186,100058,300,99916,100,100064,100,99909,100,100065,100,99898,100,100066,100,99895,100,100097,100,99810,100,100099,100,99365,100
2019-06-28 09:38:20.369322899,99993,186,99959,186,100004,117,99950,186,100039,186,99939,186,100050,186,99923,186,100058,300,99916,100,100065,100,99909,100,100066,100,99898,100,100097,100,99895,100,100099,100,99810,100,100103,100,99570,100
2019-06-28 09:38:27.968159854,99993,186,99959,186,100004,117,99950,186,100039,186,99939,186,100050,186,99923,186,100058,300,99916,100,100065,100,99909,100,100066,100,99898,100,100097,100,99895,100,100099,100,99810,100,100103,100,99592,100
2019-06-28 09:38:30.000000000,99993,218,99959,218,100004,145,99950,214,100039,214,99939,214,100050,100,99923,100,100058,300,99916,100,100065,100,99909,100,100066,100,99898,100,100097,100,99895,100,100099,100,99810,100,100103,100,99592,100
2019-06-28 09:38:40.000000000,99993,186,99959,186,100004,117,99950,186,100039,186,99939,186,100050,186,99923,186,100058,300,99916,100,100065,100,99909,100,100066,100,99898,100,100097,100,99895,100,100099,100,99810,100,100103,100,99592,100
2019-06-28 09:38:50.000000000,99993,186,99959,186,100004,117,99950,186,100039,186,99939,186,100050,186,99923,186,100058,300,99916,100,100065,100,99909,100,100066,100,99898,100,100097,100,99895,100,100099,100,99810,100,100103,100,99592,100
2019-06-28 09:38:52.724797949,99993,186,99959,86,100004,117,99950,186,100039,186,99939,186,100050,186,99923,186,100058,300,99916,100,100065,100,99909,100,100066,100,99898,100,100097,100,99895,100,100099,100,99810,100,100103,100,99592,100
2019-06-28 09:38:53.301793728,99959,14,99950,186,99993,186,99939,186,100004,117,99923,186,100039,186,99916,100,100050,186,99909,100,100058,300,99898,100,100065,100,99895,100,100066,100,99810,100,100097,100,99592,100,100099,100,99570,100
2019-06-28 09:38:56.292508772,99959,14,99950,86,99993,186,99939,186,100004,117,99923,186,100039,186,99916,100,100050,186,99909,100,100058,300,99898,100,100065,100,99895,100,100066,100,99810,100,100097,100,99592,100,100099,100,99570,100
2019-06-28 09:39:00.000000000,99959,360,99939,446,99993,100,99923,100,100004,31,99916,100,100039,100,99909,100,100050,100,99898,100,100058,300,99895,100,100065,100,99810,100,100066,100,99592,100,100097,100,99570,100,100099,100,99365,100
2019-06-28 09:39:10.000000000,99959,360,99939,446,99993,100,99923,100,100004,31,99916,100,100039,100,99909,100,100050,100,99898,100,100058,300,99895,100,100065,100,99810,100,100066,100,99592,100,100097,100,99570,100,100099,100,99365,100
2019-06-28 09:39:10.864820009,99959,360,99939,346,99993,100,99923,100,100004,31,99916,100,100039,100,99909,100,100050,100,99898,100,100058,300,99895,100,100065,100,99810,100,100066,100,99592,100,100097,100,99570,100,100099,100,99365,100
2019-06-28 09:39:20.000000000,99959,83,99923,169,99993,169,99916,169,100004,100,99909,169,100039,169,99898,169,100050,169,99895,169,100058,300,99810,100,100065,100,99592,100,100066,100,99570,100,100097,100,99365,100,100099,100,99134,100
2019-06-28 09:39:21.906278742,99959,83,99923,169,99993,169,99916,169,100004,100,99909,169,100039,169,99898,169,100050,169,99895,169,100058,300,99810,100,100065,100,99749,100,100066,100,99592,100,100097,100,99570,100,100099,100,99365,100
2019-06-28 09:39:28.837896557,99959,83,99923,169,99993,169,99916,169,100004,100,99909,169,100039,169,99898,169,100050,169,99895,169,100058,200,99810,100,100065,100,99749,100,100066,100,99592,100,100097,100,99570,100,100099,100,99365,100
2019-06-28 09:39:30.000000000,99959,100,99923,186,99993,186,99916,186,100004,117,99909,186,100039,186,99898,186,100050,100,99895,100,100058,200,99810,100,100065,100,99749,100,100066,100,99592,100,100097,100,99570,100,100099,100,99365,100
2019-06-28 09:39:40.000000000,99959,132,99923,218,99993,214,99916,214,100004,145,99909,214,100039,100,99898,100,100050,100,99895,100,100058,200,99810,100,100065,100,99749,100,100066,100,99592,100,100097,100,99570,100,100099,100,99365,100
2019-06-28 09:39:50.000000000,99959,83,99923,169,99993,169,99916,169,100004,100,99909,169,100039,169,99898,169,100050,169,99895,169,100058,200,99810,100,100065,100,99749,100,100066,100,99592,100,100097,100,99570,100,100099,100,99365,100
2019-06-28 09:40:00.000000000,99959,100,99923,186,99993,186,99916,186,100004,117,99909,186,100039,186,99898,186,100050,100,99895,100,100058,200,99810,100,100065,100,99749,100,100066,100,99592,100,100097,100,99570,100,100099,100,99365,100
2019-06-28 09:40:08.319168557,99959,100,99923,86,99993,186,99916,186,100004,117,99909,186,100039,186,99898,186,100050,100,99895,100,100058,200,99810,100,100065,100,99749,100,100066,100,99592,100,100097,100,99585,100,100099,100,99570,100
2019-06-28 09:40:10.000000000,99959,132,99916,218,99993,214,99909,214,100004,145,99898,214,100039,100,99895,100,100050,100,99810,100,100058,200,99749,100,100065,100,99592,100,100066,100,99585,100,100097,100,99570,100,100099,100,99365,100
2019-06-28 09:40:14.302430779,99959,132,99916,118,99993,214,99909,214,100004,145,99898,214,100039,100,99895,100,100050,100,99810,100,100058,200,99592,100,100065,100,99585,100,100066,100,99570,100,100097,100,99365,100,100099,100,99134,100
2019-06-28 09:40:19.182603743,99959,132,99916,118,99993,214,99909,214,100004,145,99898,214,100039,100,99895,100,100050,100,99810,100,100058,100,99592,100,100065,100,99585,100,100066,100,99570,100,100097,100,99365,100,100099,100,99134,100
2019-06-28 09:40:20.000000000,99959,360,99909,446,99993,100,99898,100,100004,31,99895,100,100039,100,99810,100,100050,100,99592,100,100058,100,99585,100,100065,100,99570,100,100066,100,99365,100,100097,100,99134,100,100099,100,99042,100
2019-06-28 09:40:27.477066497,99959,360,99909,446,99993,100,99898,100,100004,31,99895,100,100039,100,99810,100,100050,100,99592,100,100058,100,99585,100,100065,100,99503,100,100066,100,99365,100,100097,100,99134,100,100099,100,99042,100
2019-06-28 09:40:30.000000000,99959,83,99909,169,99993,169,99898,169,100004,100,99895,169,100039,169,99810,169,100050,169,99592,169,100058,100,99585,100,100065,100,99503,100,100066,100,99365,100,100097,100,99134,100,100099,100,99042,100
2019-06-28 09:40:40.000000000,99959,83,99909,169,99993,169,99898,169,100004,100,99895,169,100039,169,99810,169,100050,169,99592,169,100058,100,99585,100,100065,100,99503,100,100066,100,99365,100,100097,100,99134,100,100099,100,99042,100
2019-06-28 09:40:44.923175287,99959,83,99909,69,99993,169,99898,169,100004,100,99895,169,100039,169,99810,169,100050,169,99592,169,100058,100,99585,100,100065,100,99503,100,100066,100,99365,100,100097,100,99134,100,100099,100,99042,100
2019-06-28 09:40:50.000000000,99959,83,99898,169,99993,169,99895,169,100004,100,99810,169,100039,169,99592,169,100050,169,99585,169,100058,100,99503,100,100065,100,99365,100,100066,100,99134,100,100097,100,99042,100,100099,100,99020,100
2019-06-28 09:41:00.000000000,99959,100,99898,186,99993,186,99895,186,100004,117,99810,186,100039,186,99592,186,100050,100,99585,100,100058,100,99503,100,100065,100,99365,100,100066,100,99134,100,100097,100,99042,100,100099,100,99020,100
2019-06-28 09:41:00.594419135,99959,100,99898,86,99993,186,99895,186,100004,117,99810,186,100039,186,99592,186,100050,100,99585,100,100058,100,99503,100,100065,100,99365,100,100066,100,99134,100,100097,100,99042,100,100099,100,99020,100
2019-06-28 09:41:00.999550672,99898,14,99895,186,99959,100,99810,186,99993,186,99592,186,100004,117,99585,100,100039,186,99503,100,100050,100,99365,100,100058,100,99134,100,100065,100,99042,100,100066,100,99020,100,100097,100,98908,100
2019-06-28 09:41:10.000000000,99898,100,99895,186,99959,100,99810,186,99993,186,99592,186,100004,117,99585,186,100039,100,99503,100,100050,100,99365,100,100058,100,99134,100,100065,100,99042,100,100066,100,99020,100,100097,100,98908,100
2019-06-28 09:41:13.805485264,99898,100,99895,186,99959,100,99810,186,99993,186,99592,186,100004,117,99585,186,100039,100,99503,100,100050,100,99365,100,100058,100,99134,100,100065,100,99077,100,100066,100,99042,100,100097,100,99020,100
2019-06-28 09:41:20.000000000,99898,83,99895,169,99959,83,99810,169,99993,169,99592,169,100004,100,99585,169,100039,169,99503,169,100050,100,99365,100,100058,100,99134,100,100065,100,99077,100,100066,100,99042,100,100097,100,99020,100
2019-06-28 09:41:27.701651042,99898,83,99895,69,99959,83,99810,169,99993,169,99592,169,100004,100,99585,169,100039,169,99503,169,100050,100,99365,100,100058,100,99134,100,100065,100,99077,100,100066,100,99042,100,100097,100,99020,100
2019-06-28 09:41:30.000000000,99898,83,99810,169,99959,83,99592,169,99993,169,99585,169,100004,100,99503,169,100039,169,99365,169,100050,100,99134,100,100058,100,99077,100,100065,100,99042,100,100066,100,99020,100,100097,100,98908,100
2019-06-28 09:41:32.360410442,99898,83,99810,169,99959,83,99592,169,99993,69,99585,169,100004,100,99503,169,100039,169,99365,169,100050,100,99134,100,100058,100,99077,100,100065,100,99042,100,100066,100,99020,100,100097,100,98908,100
2019-06-28 09:41:40.000000000,99898,187,99810,273,99959,187,99592,273,100004,31,99585,100,100039,100,99503,100,100050,100,99365,100,100058,100,99134,100,100065,100,99077,100,100066,100,99042,100,100097,100,99020,100,100099,100,98908,100
2019-06-28 09:41:40.718711664,99897,100,99810,273,99898,187,99592,273,99959,187,99585,100,100004,31,99503,100,100039,100,99365,100,100050,100,99134,100,100058,100,99077,100,100065,100,99042,100,100066,100,99020,100,100097,100,98908,100
2019-06-28 09:41:50.000000000,99897,273,99810,273,99898,187,99592,273,99959,14,99585,100,100004,31,99503,100,100039,100,99365,100,100050,100,99134,100,100058,100,99077,100,100065,100,99042,100,100066,100,99020,100,100097,100,98908,100
2019-06-28 09:42:00.000000000,99897,446,99810,446,99898,14,99592,100,99959,14,99585,100,100004,31,99503,100,100039,100,99365,100,100050,100,99134,100,100058,100,99077,100,100065,100,99042,100,100066,100,99020,100,100097,100,98908,100
2019-06-28 09:42:10.000000000,99897,186,99810,186,99898,100,99592,186,99959,100,99585,186,100004,117,99503,186,100039,100,99365,100,100050,100,99134,100,100058,100,99077,100,100065,100,99042,100,100066,100,99020,100,100097,100,98908,100
2019-06-28 09:42:20.000000000,99897,446,99810,446,99898,14,99592,100,99959,14,99585,100,100004,31,99503,100,100039,100,99365,100,100050,100,99134,100,100058,100,99077,100,100065,100,99042,100,100066,100,99020,100,100097,100,98908,100
2019-06-28 09:42:24.835617776,99897,446,99810,346,99898,14,99592,100,99959,14,99585,100,100004,31,99503,100,100039,100,99365,100,100050,100,99134,100,100058,100,99077,100,100066,100,99042,100,100097,100,99020,100,100099,100,98908,100
2019-06-28 09:42:30.000000000,99897,169,99592,169,99898,83,99585,169,99959,83,99503,169,100004,100,99365,169,100039,169,99134,169,100050,100,99077,100,100058,100,99042,100,100066,100,99020,100,100097,100,98908,100,100099,100,98880,100
2019-06-28 09:42:40.000000000,99897,273,99592,273,99898,187,99585,273,99959,14,99503,100,100004,31,99365,100,100039,100,99134,100,100050,100,99077,100,100058,100,99042,100,100066,100,99020,100,100097,100,98908,100,100099,100,98880,100
2019-06-28 09:42:50.000000000,99897,169,99592,169,99898,83,99585,169,99959,83,99503,169,100004,100,99365,169,100039,169,99134,169,100050,100,99077,100,100058,100,99042,100,100066,100,99020,100,100097,100,98908,100,100099,100,98880,100
2019-06-28 09:42:57.032780696,99897,169,99592,69,99898,83,99585,169,99959,83,99503,169,100004,100,99365,169,100039,169,99134,169,100050,100,99077,100,100058,100,99042,100,100066,100,99020,100,100097,100,98908,100,100099,100,98880,100
2019-06-28 09:43:00.000000000,99897,273,99585,273,99898,187,99503,273,99959,14,99365,100,100004,31,99134,100,100039,100,99077,100,100050,100,99042,100,100058,100,99020,100,100066,100,98908,100,100097,100,98880,100,100099,100,98753,100
2019-06-28 09:43:08.802573815,99897,273,99585,173,99898,187,99503,273,99959,14,99365,100,100004,31,99134,100,100039,100,99077,100,100050,100,99042,100,100058,100,99020,100,100066,100,98908,100,100097,100,98880,100,100099,100,98753,100
2019-06-28 09:43:10.000000000,99897,446,99503,446,99898,14,99365,100,99959,14,99134,100,100004,31,99077,100,100039,100,99042,100,100050,100,99020,100,100058,100,98908,100,100066,100,98880,100,100097,100,98753,100,100099,100,,
2019-06-28 09:43:20.000000000,99897,446,99503,446,99898,14,99365,100,99959,14,99134,100,100004,31,99077,100,100039,100,99042,100,100050,100,99020,100,100058,100,98908,100,100066,100,98880,100,100097,100,98753,100,100099,100,,
2019-06-28 09:43:30.000000000,99897,169,99503,169,99898,83,99365,169,99959,83,99134,169,100004,100,99077,169,100039,169,99042,169,100050,100,99020,100,100058,100,98908,100,100066,100,98880,100,100097,100,98753,100,100099,100,,
2019-06-28 09:43:40.000000000,99897,218,99503,218,99898,128,99365,214,99959,128,99134,214,100004,31,99077,100,100039,100,99042,100,100050,100,99020,100,100058,100,98908,100,100066,100,98880,100,100097,100,98753,100,100099,100,,
2019-06-28 09:43:50.000000000,99897,218,99503,218,99898,128,99365,214,99959,128,99134,214,100004,31,99077,100,100039,100,99042,100,100050,100,99020,100,100058,100,98908,100,100066,100,98880,100,100097,100,98753,100,100099,100,,
2019-06-28 09:44:00.000000000,99897,273,99503,273,99898,187,99365,273,99959,14,99134,100,100004,31,99077,100,100039,100,99042,100,100050,100,99020,100,100058,100,98908,100,100066,100,98880,100,100097,100,98753,100,100099,100,,
2019-06-28 09:44:06.444902776,99810,100,99503,273,99897,273,99365,273,99898,187,99134,100,99959,14,99077,100,100004,31,99042,100,100039,100,99020,100,100050,100,98908,100,100058,100,98880,100,100066,100,98753,100,100097,100,,
2019-06-28 09:44:07.441176003,99810,200,99503,273,99897,273,99365,273,99898,187,99134,100,99959,14,99077,100,100004,31,99042,100,100050,100,99020,100,100058,100,98908,100,100066,100,98880,100,100097,100,98753,100,100099,100,,
2019-06-28 09:44:10.000000000,99810,286,99503,186,99897,186,99365,186,99898,100,99134,186,99959,100,99077,186,100004,31,99042,100,100050,100,99020,100,100058,100,98908,100,100066,100,98880,100,100097,100,98753,100,100099,100,,
2019-06-28 09:44:20.000000000,99810,318,99503,218,99897,214,99365,214,99898,128,99134,214,99959,14,99077,100,100004,31,99042,100,100050,100,99020,100,100058,100,98908,100,100066,100,98880,100,100097,100,98753,100,100099,100,,
2019-06-28 09:44:23.472413096,99810,318,99503,218,99897,214,99365,214,99898,128,99134,214,99959,14,99077,100,100004,31,99042,100,100050,100,99020,100,100058,100,98908,100,100066,100,98880,100,100097,100,98753,100,100099,100,98379,100
2019-06-28 09:44:30.000000000,99810,318,99503,218,99897,214,99365,214,99898,128,99134,214,99959,14,99077,100,100004,31,99042,100,100050,100,99020,100,100058,100,98908,100,100066,100,98880,100,100097,100,98753,100,100099,100,98379,100
2019-06-28 09:44:32.579030529,99810,318,99503,218,99897,214,99365,214,99898,128,99134,214,99959,14,99077,100,100004,31,99042,100,100050,100,99020,100,100058,100,98908,100,100066,100,98880,100,100097,100,98753,100,100099,100,98379,100
2019-06-28 09:44:40.000000000,99810,546,99503,446,99897,100,99365,100,99898,14,99134,100,99959,14,99077,100,100004,31,99042,100,100050,100,99020,100,100058,100,98908,100,100066,100,98880,100,100097,100,98753,100,100099,100,98379,100
2019-06-28 09:44:48.849693161,99810,546,99503,446,99897,100,99365,100,99898,14,99134,100,99959,14,99077,100,100004,31,99042,100,100050,100,98908,100,100058,100,98880,100,100066,100,98753,100,100097,100,98463,100,100099,100,98379,100
2019-06-28 09:44:50.000000000,99810,286,99503,186,99897,186,99365,186,99898,100,99134,186,99959,100,99077,186,100004,31,99042,100,100050,100,98908,100,100058,100,98880,100,100066,100,98753,100,100097,100,98463,100,100099,100,98379,100
2019-06-28 09:45:00.000000000,99810,318,99503,218,99897,214,99365,214,99898,128,99134,214,99959,14,99077,100,100004,31,99042,100,100050,100,98908,100,100058,100,98880,100,100066,100,98753,100,100097,100,98463,100,100099,100,98379,100
2019-06-28 09:45:10.000000000,99810,373,99503,273,99897,273,99365,273,99898,14,99134,100,99959,14,99077,100,100004,31,99042,100,100050,100,98908,100,100058,100,98880,100,100066,100,98753,100,100097,100,98463,100,100099,100,98379,100
2019-06-28 09:45:20.000000000,99810,546,99503,446,99897,100,99365,100,99898,14,99134,100,99959,14,99077,100,100004,31,99042,100,100050,100,98908,100,100058,100,98880,100,100066,100,98753,100,100097,100,98463,100,100099,100,98379,100
2019-06-28 09:45:30.000000000,99810,269,99503,169,99897,169,99365,169,99898,83,99134,169,99959,83,99077,169,100004,100,99042,169,100050,100,98908,100,100058,100,98880,100,100066,100,98753,100,100097,100,98463,100,100099,100,98379,100
2019-06-28 09:45:40.000000000,99810,269,99503,169,99897,169,99365,169,99898,83,99134,169,99959,83,99077,169,100004,100,99042,169,100050,100,98908,100,100058,100,98880,100,100066,100,98753,100,100097,100,98463,100,100099,100,98379,100
2019-06-28 09:45:50.000000000,99810,269,99503,169,99897,169,99365,169,99898,83,99134,169,99959,83,99077,169,100004,100,99042,169,100050,100,98908,100,100058,100,98880,100,100066,100,98753,100,100097,100,98463,100,100099,100,98379,100
2019-06-28 09:45:53.666519247,99810,269,99503,169,99897,69,99365,169,99898,83,99134,169,99959,83,99077,169,100004,100,99042,169,100050,100,98908,100,100058,100,98880,100,100066,100,98753,100,100097,100,98463,100,100099,100,98379,100
2019-06-28 09:46:00.000000000,99810,373,99503,273,99898,187,99365,273,99959,14,99134,100,100004,31,99077,100,100050,100,99042,100,100058,100,98908,100,100066,100,98880,100,100097,100,98753,100,100099,100,98463,100,100128,100,98379,100
2019-06-28 09:46:10.000000000,99810,269,99503,169,99898,83,99365,169,99959,83,99134,169,100004,100,99077,169,100050,169,99042,169,100058,100,98908,100,100066,100,98880,100,100097,100,98753,100,100099,100,98463,100,100128,100,98379,100
2019-06-28 09:46:15.694675486,99810,269,99503,69,99898,83,99365,169,99959,83,99134,169,100004,100,99077,169,100050,169,99042,169,100058,100,98908,100,100066,100,98880,100,100097,100,98753,100,100099,100,98463,100,100128,100,98379,100
2019-06-28 09:46:20.000000000,99810,286,99365,186,99898,100,99134,186,99959,100,99077,186,100004,117,99042,186,100050,100,98908,100,100058,100,98880,100,100066,100,98753,100,100097,100,98463,100,100099,100,98379,100,100128,100,,
2019-06-28 09:46:20.087217117,99810,286,99365,86,99898,100,99134,86,99959,100,99077,186,100004,117,99042,186,100050,100,98908,100,100058,100,98880,100,100066,100,98753,100,100097,100,98463,100,100099,100,98379,100,100128,100,,
2019-06-28 09:46:30.000000000,99810,546,99077,446,99898,14,99042,100,99959,14,98908,100,100004,31,98880,100,100050,100,98753,100,100058,100,98463,100,100066,100,98379,100,100097,100,,,100099,100,,,100128,100,,
2019-06-28 09:46:38.455296406,99810,546,99077,446,99898,14,99042,100,99959,14,98912,100,100004,31,98908,100,100050,100,98880,100,100058,100,98753,100,100066,100,98463,100,100097,100,98379,100,100099,100,,,100128,100,,
2019-06-28 09:46:40.000000000,99810,269,99077,169,99898,83,99042,169,99959,83,98912,169,100004,100,98908,169,100050,169,98880,169,100058,100,98753,100,100066,100,98463,100,100097,100,98379,100,100099,100,,,100128,100,,
2019-06-28 09:46:43.263677216,99810,269,99077,169,99898,83,99042,169,99959,83,98912,169,100004,100,98908,169,100050,169,98880,169,100058,100,98817,100,100066,100,98753,100,100097,100,98463,100,100099,100,98379,100,100128,100,,
2019-06-28 09:46:50.000000000,99810,373,99077,273,99898,187,99042,273,99959,14,98912,100,100004,31,98908,100,100050,100,98880,100,100058,100,98817,100,100066,100,98753,100,100097,100,98463,100,100099,100,98379,100,100128,100,,
2019-06-28 09:46:58.499233870,99810,373,99077,273,99898,187,99042,273,99959,14,98912,100,100004,31,98908,100,100050,100,98880,100,100058,100,98817,100,100066,100,98754,100,100097,100,98753,100,100099,100,98463,100,100128,100,98379,100
2019-06-28 09:47:00.000000000,99810,286,99077,186,99898,100,99042,186,99959,100,98912,186,100004,117,98908,186,100050,100,98880,100,100058,100,98817,100,100066,100,98754,100,100097,100,98753,100,100099,100,98463,100,100128,100,98379,100
2019-06-28 09:47:10.000000000,99810,373,99077,273,99898,187,99042,273,99959,14,98912,100,100004,31,98908,100,100050,100,98880,100,100058,100,98817,100,100066,100,98754,100,100097,100,98753,100,100099,100,98463,100,100128,100,98379,100
2019-06-28 09:47:17.428608659,99810,373,99077,273,99898,187,99042,273,99959,14,98912,100,100004,31,98908,100,100050,100,98880,100,100058,100,98817,100,100066,100,98754,100,100097,100,98753,100,100099,100,98617,100,100128,100,98463,100
2019-06-28 09:47:20.000000000,99810,318,99077,218,99898,128,99042,214,99959,128,98912,214,100004,31,98908,100,100050,100,98880,100,100058,100,98817,100,100066,100,98754,100,100097,100,98753,100,100099,100,98617,100,100128,100,98463,100
2019-06-28 09:47:28.881395739,99810,318,99077,118,99898,128,99042,214,99959,128,98912,214,100004,31,98908,100,100050,100,98880,100,100058,100,98817,100,100066,100,98754,100,100097,100,98753,100,100099,100,98617,100,100128,100,98463,100
2019-06-28 09:47:30.000000000,99810,318,99042,218,99898,128,98912,214,99959,128,98908,214,100004,31,98880,100,100050,100,98817,100,100058,100,98754,100,100066,100,98753,100,100097,100,98617,100,100099,100,98463,100,100128,100,98379,100
2019-06-28 09:47:31.775451564,99810,318,99042,118,99898,128,98912,214,99959,128,98908,214,100004,31,98880,100,100050,100,98817,100,100058,100,98754,100,100066,100,98753,100,100097,100,98617,100,100099,100,98463,100,100128,100,98379,100
2019-06-28 09:47:34.284107298,99077,100,99042,118,99810,318,98912,214,99898,128,98908,214,99959,128,98880,100,100004,31,98817,100,100050,100,98754,100,100058,100,98753,100,100066,100,98617,100,100097,100,98463,100,100099,100,98379,100
2019-06-28 09:47:40.000000000,99077,273,98912,273,99810,373,98908,273,99898,14,98880,100,99959,14,98817,100,100004,31,98754,100,100050,100,98753,100,100058,100,98617,100,100066,100,98463,100,100097,100,98379,100,100099,100,,
2019-06-28 09:47:44.460204362,99077,273,98912,173,99810,373,98908,273,99898,14,98880,100,99959,14,98817,100,100004,31,98754,100,100050,100,98753,100,100058,100,98617,100,100066,100,98463,100,100097,100,98379,100,100099,100,98347,100
2019-06-28 09:47:44.943422013,99077,273,98912,73,99810,373,98908,273,99898,14,98880,100,99959,14,98817,100,100004,31,98754,100,100050,100,98753,100,100058,100,98463,100,100066,100,98379,100,100097,100,98347,100,100099,100,,
2019-06-28 09:47:50.000000000,99077,446,98908,446,99810,200,98880,100,99898,14,98817,100,99959,14,98754,100,100004,31,98753,100,100050,100,98463,100,100058,100,98379,100,100066,100,98347,100,100097,100,,,100099,100,,
2019-06-28 09:48:00.000000000,99077,169,98908,169,99810,269,98880,169,99898,83,98817,169,99959,83,98754,169,100004,100,98753,169,100050,100,98463,100,100058,100,98379,100,100066,100,98347,100,100097,100,,,100099,100,,
2019-06-28 09:48:02.842941064,99077,169,98908,69,99810,269,98880,169,99898,83,98817,169,99959,83,98754,169,100004,100,98753,169,100050,100,98463,100,100058,100,98379,100,100066,100,98347,100,100097,100,,,100099,100,,
2019-06-28 09:48:10.000000000,99077,169,98880,169,99810,269,98817,169,99898,83,98754,169,99959,83,98753,169,100004,100,98463,169,100050,100,98379,100,100058,100,98347,100,100066,100,,,100097,100,,,100099,100,,
2019-06-28 09:48:18.911942446,98912,100,98880,169,99077,169,98817,169,99810,269,98754,169,99898,83,98753,169,99959,83,98463,169,100004,100,98379,100,100050,100,98347,100,100058,100,,,100066,100,,,100097,100,,
2019-06-28 09:48:20.000000000,98912,218,98880,218,99077,214,98817,214,99810,314,98754,214,99898,14,98753,100,99959,14,98463,100,100004,31,98379,100,100050,100,98347,100,100058,100,,,100066,100,,,100097,100,,
2019-06-28 09:48:21.625764983,98912,318,98880,218,99077,214,98817,214,99810,314,98754,214,99898,14,98753,100,99959,14,98463,100,100004,31,98379,100,100050,100,98347,100,100058,100,,,100066,100,,,100097,100,,
2019-06-28 09:48:25.630007061,98912,418,98880,218,99077,214,98817,214,99810,314,98754,214,99898,14,98753,100,99959,14,98463,100,100004,31,98379,100,100050,100,98347,100,100058,100,,,100066,100,,,100097,100,,
2019-06-28 09:48:27.426084398,98912,318,98880,218,99077,214,98817,214,99810,314,98754,214,99898,14,98753,100,99959,14,98463,100,100004,31,98379,100,100050,100,98347,100,100058,100,,,100066,100,,,100097,100,,
2019-06-28 09:48:30.000000000,98912,373,98880,273,99077,273,98817,273,99810,200,98754,100,99898,14,98753,100,99959,14,98463,100,100004,31,98379,100,100050,100,98347,100,100058,100,,,100066,100,,,100097,100,,
2019-06-28 09:48:30.485699959,98907,100,98880,273,98912,373,98817,273,99077,273,98754,100,99810,200,98753,100,99898,14,98463,100,99959,14,98379,100,100004,31,98347,100,100050,100,,,100058,100,,,100097,100,,
2019-06-28 09:48:40.000000000,98907,273,98880,273,98912,373,98817,273,99077,100,98754,100,99810,200,98753,100,99898,14,98463,100,99959,14,98379,100,100004,31,98347,100,100050,100,,,100058,100,,,100097,100,,
2019-06-28 09:48:50.000000000,98907,273,98880,273,98912,373,98817,273,99077,100,98754,100,99810,200,98753,100,99898,14,98463,100,99959,14,98379,100,100004,31,98347,100,100050,100,,,100058,100,,,100097,100,,
2019-06-28 09:49:00.000000000,98907,186,98880,186,98912,286,98817,186,99077,186,98754,186,99810,286,98753,186,99898,14,98463,100,99959,14,98379,100,100004,31,98347,100,100050,100,,,100058,100,,,100097,100,,
2019-06-28 09:49:10.000000000,98907,218,98880,218,98912,314,98817,214,99077,214,98754,214,99810,200,98753,100,99898,14,98463,100,99959,14,98379,100,100004,31,98347,100,100050,100,,,100058,100,,,100097,100,,
2019-06-28 09:49:15.038758207,98907,218,98880,218,98912,314,98817,214,99077,214,98754,214,99810,200,98753,100,99898,14,98745,100,99959,14,98463,100,100004,31,98379,100,100050,100,98347,100,100058,100,,,100097,100,,
2019-06-28 09:49:20.000000000,98907,218,98880,218,98912,314,98817,214,99077,214,98754,214,99810,200,98753,100,99898,14,98745,100,99959,14,98463,100,100004,31,98379,100,100050,100,98347,100,100058,100,,,100097,100,,
2019-06-28 09:49:30.000000000,98907,169,98880,169,98912,269,98817,169,99077,169,98754,169,99810,269,98753,169,99898,83,98745,169,99959,14,98463,100,100004,31,98379,100,100050,100,98347,100,100058,100,,,100097,100,,
2019-06-28 09:49:40.000000000,98907,273,98880,273,98912,373,98817,273,99077,100,98754,100,99810,200,98753,100,99898,14,98745,100,99959,14,98463,100,100004,31,98379,100,100050,100,98347,100,100058,100,,,100097,100,,
2019-06-28 09:49:48.806599029,98907,173,98880,273,98912,373,98817,273,99077,100,98754,100,99810,200,98753,100,99898,14,98745,100,99959,14,98463,100,100004,31,98379,100,100050,100,98347,100,100058,100,,,100097,100,,
2019-06-28 09:49:50.000000000,98912,286,98880,186,99077,186,98817,186,99810,286,98754,186,99898,100,98753,186,99959,14,98745,100,100004,31,98463,100,100050,100,98379,100,100058,100,98347,100,100097,100,,,100099,100,,
2019-06-28 09:50:00.000000000,98912,269,98880,169,99077,169,98817,169,99810,269,98754,169,99898,83,98753,169,99959,83,98745,169,100004,31,98463,100,100050,100,98379,100,100058,100,98347,100,100097,100,,,100099,100,,
2019-06-28 09:50:08.104897004,98912,169,98880,169,99077,169,98817,169,99810,269,98754,169,99898,83,98753,169,99959,83,98745,169,100004,31,98463,100,100050,100,98379,100,100058,100,,,100097,100,,,100099,100,,
2019-06-28 09:50:08.175206618,98912,169,98907,100,99077,169,98880,169,99810,269,98817,169,99898,83,98754,169,99959,83,98753,169,100004,31,98745,169,100050,100,98463,100,100058,100,98379,100,100097,100,,,100099,100,,
2019-06-28 09:50:10.000000000,98912,186,98907,186,99077,186,98880,186,99810,286,98817,186,99898,100,98754,186,99959,14,98753,100,100004,31,98745,100,100050,100,98463,100,100058,100,98379,100,100097,100,,,100099,100,,
2019-06-28 09:50:17.153776247,98912,186,98907,186,99077,186,98880,186,99810,286,98817,186,99898,100,98754,186,99959,14,98753,100,100004,31,98745,100,100050,100,98463,100,100058,100,98379,100,100097,100,,,100099,100,,
2019-06-28 09:50:20.000000000,98912,169,98907,169,99077,169,98880,169,99810,269,98817,169,99898,83,98754,169,99959,83,98753,169,100004,31,98745,100,100050,100,98463,100,100058,100,98379,100,100097,100,,,100099,100,,
2019-06-28 09:50:22.468950653,98912,169,98907,169,99077,169,98880,169,99162,100,98817,69,99810,269,98754,169,99898,83,98753,169,99959,83,98745,100,100004,31,98463,100,100050,100,98379,100,100058,100,,,100097,100,,
2019-06-28 09:50:30.000000000,98912,446,98907,446,99077,100,98880,100,99162,100,98754,100,99810,200,98753,100,99898,14,98745,100,99959,14,98463,100,100004,31,98379,100,100050,100,,,100058,100,,,100097,100,,
2019-06-28 09:50:40.000000000,98912,169,98907,169,99077,169,98880,169,99162,169,98754,169,99810,269,98753,169,99898,83,98745,169,99959,14,98463,100,100004,31,98379,100,100050,100,,,100058,100,,,100097,100,,
2019-06-28 09:50:50.000000000,98912,186,98907,186,99077,186,98880,186,99162,186,98754,186,99810,286,98753,186,99898,14,98745,100,99959,14,98463,100,100004,31,98379,100,100050,100,,,100058,100,,,100097,100,,
2019-06-28 09:51:00.000000000,98912,218,98907,218,99077,214,98880,214,99162,214,98754,214,99810,200,98753,100,99898,14,98745,100,99959,14,98463,100,100004,31,98379,100,100050,100,,,100058,100,,,100097,100,,
2019-06-28 09:51:10.000000000,98912,186,98907,186,99077,186,98880,186,99162,186,98754,186,99810,286,98753,186,99898,14,98745,100,99959,14,98463,100,100004,31,98379,100,100050,100,,,100058,100,,,100097,100,,
2019-06-28 09:51:17.954137207,98912,186,98907,186,99077,186,98880,186,99162,186,98754,186,99594,100,98753,186,99810,286,98745,100,99898,14,98463,100,99959,14,98379,100,100004,31,,,100050,100,,,100058,100,,
2019-06-28 09:51:20.000000000,98912,273,98907,273,99077,273,98880,273,99162,100,98754,100,99594,100,98753,100,99810,200,98745,100,99898,14,98463,100,99959,14,98379,100,100004,31,,,100050,100,,,100058,100,,
2019-06-28 09:51:30.000000000,98912,186,98907,186,99077,186,98880,186,99162,186,98754,186,99594,186,98753,186,99810,200,98745,100,99898,14,98463,100,99959,14,98379,100,100004,31,,,100050,100,,,100058,100,,
2019-06-28 09:51:40.000000000,98912,273,98907,273,99077,273,98880,273,99162,100,98754,100,99594,100,98753,100,99810,200,98745,100,99898,14,98463,100,99959,14,98379,100,100004,31,,,100050,100,,,100058,100,,
2019-06-28 09:51:50.000000000,98912,446,98907,446,99077,100,98880,100,99162,100,98754,100,99594,100,98753,100,99810,200,98745,100,99898,14,98463,100,99959,14,98379,100,100004,31,,,100050,100,,,100058,100,,
2019-06-28 09:51:58.288892068,98912,346,98907,446,99077,100,98880,100,99162,100,98754,100,99594,100,98753,100,99810,200,98745,100,99898,14,98463,100,99959,14,98379,100,100004,31,,,100050,100,,,100058,100,,
2019-06-28 09:52:00.000000000,99077,186,98907,186,99162,186,98880,186,99594,186,98754,186,99810,286,98753,186,99898,14,98745,100,99959,14,98463,100,100004,31,98379,100,100050,100,,,100058,100,,,100097,100,,
2019-06-28 09:52:10.000000000,99077,169,98907,169,99162,169,98880,169,99594,169,98754,169,99810,269,98753,169,99898,83,98745,169,99959,14,98463,100,100004,31,98379,100,100050,100,,,100058,100,,,100097,100,,
2019-06-28 09:52:15.569908733,99077,169,98912,100,99162,169,98907,169,99594,169,98880,169,99810,269,98754,169,99898,83,98753,169,99959,14,98745,169,100004,31,98463,100,100050,100,98379,100,100058,100,,,100097,100,,
2019-06-28 09:52:19.893590965,99077,169,98912,100,99162,169,98907,169,99594,169,98880,169,99810,269,98754,169,99898,83,98753,169,99959,14,98745,169,100004,31,98463,100,100050,100,98379,100,100058,100,,,100097,100,,
2019-06-28 09:52:20.000000000,99077,186,98912,186,99162,186,98907,186,99594,186,98880,186,99810,286,98754,186,99898,14,98753,100,99959,14,98745,100,100004,31,98463,100,100050,100,98379,100,100058,100,,,100097,100,,
2019-06-28 09:52:30.000000000,99077,169,98912,169,99162,169,98907,169,99594,169,98880,169,99810,269,98754,169,99898,83,98753,169,99959,14,98745,100,100004,31,98463,100,100050,100,98379,100,100058,100,,,100097,100,,
2019-06-28 09:52:40.000000000,99077,273,98912,273,99162,273,98907,273,99594,100,98880,100,99810,200,98754,100,99898,14,98753,100,99959,14,98745,100,100004,31,98463,100,100050,100,98379,100,100058,100,,,100097,100,,
2019-06-28 09:52:50.000000000,99077,186,98912,186,99162,186,98907,186,99594,186,98880,186,99810,286,98754,186,99898,14,98753,100,99959,14,98745,100,100004,31,98463,100,100050,100,98379,100,100058,100,,,100097,100,,
2019-06-28 09:53:00.000000000,99077,446,98912,446,99162,100,98907,100,99594,100,98880,100,99810,200,98754,100,99898,14,98753,100,99959,14,98745,100,100004,31,98463,100,100050,100,98379,100,100058,100,,,100097,100,,
2019-06-28 09:53:10.000000000,99077,169,98912,169,99162,169,98907,169,99594,169,98880,169,99810,269,98754,169,99898,83,98753,169,99959,14,98745,100,100004,31,98463,100,100050,100,98379,100,100058,100,,,100097,100,,
2019-06-28 09:53:11.343286372,99077,169,98912,169,99162,169,98907,169,99594,169,98880,169,99810,269,98754,169,99863,100,98753,169,99898,83,98745,100,99959,14,98463,100,100004,31,98379,100,100050,100,,,100058,100,,
2019-06-28 09:53:20.000000000,99077,273,98912,273,99162,273,98907,273,99594,100,98880,100,99810,200,98754,100,99863,100,98753,100,99898,14,98745,100,99959,14,98463,100,100004,31,98379,100,100050,100,,,100058,100,,
2019-06-28 09:53:23.899109665,99077,273,98912,273,99162,173,98907,273,99594,100,98880,100,99713,100,98754,100,99810,200,98753,100,99863,100,98745,100,99898,14,98463,100,99959,14,98379,100,100004,31,,,100050,100,,
2019-06-28 09:53:30.000000000,99077,446,98912,446,99594,100,98907,100,99713,100,98880,100,99810,200,98754,100,99863,100,98753,100,99898,14,98745,100,99959,14,98463,100,100004,31,98379,100,100050,100,,,100058,100,,
2019-06-28 09:53:34.895900935,99077,446,98912,446,99594,100,98907,100,99713,100,98880,100,99810,200,98754,100,99839,100,98753,100,99863,100,98745,100,99898,14,98463,100,99959,14,98379,100,100004,31,,,100050,100,,
2019-06-28 09:53:40.000000000,99077,169,98912,169,99594,169,98907,169,99713,169,98880,169,99810,269,98754,169,99839,169,98753,169,99863,100,98745,100,99898,14,98463,100,99959,14,98379,100,100004,31,,,100050,100,,
2019-06-28 09:53:50.000000000,99077,169,98912,169,99594,169,98907,169,99713,169,98880,169,99810,269,98754,169,99839,169,98753,169,99863,100,98745,100,99898,14,98463,100,99959,14,98379,100,100004,31,,,100050,100,,
2019-06-28 09:54:00.000000000,99077,186,98912,186,99594,186,98907,186,99713,186,98880,186,99810,286,98754,186,99839,100,98753,100,99863,100,98745,100,99898,14,98463,100,99959,14,98379,100,100004,31,,,100050,100,,
2019-06-28 09:54:10.000000000,99077,186,98912,186,99594,186,98907,186,99713,186,98880,186,99810,286,98754,186,99839,100,98753,100,99863,100,98745,100,99898,14,98463,100,99959,14,98379,100,100004,31,,,100050,100,,
2019-06-28 09:54:20.000000000,99077,218,98912,218,99594,214,98907,214,99713,214,98880,214,99810,200,98754,100,99839,100,98753,100,99863,100,98745,100,99898,14,98463,100,99959,14,98379,100,100004,31,,,100050,100,,
2019-06-28 09:54:28.665384691,99077,218,98912,218,99594,214,98907,214,99713,214,98880,214,99810,200,98754,100,99839,100,98753,100,99863,100,98745,100,99875,100,98463,100,99898,14,98379,100,99959,14,,,100004,31,,
2019-06-28 09:54:30.000000000,99077,218,98912,218,99594,214,98907,214,99713,214,98880,214,99810,200,98754,100,99839,100,98753,100,99863,100,98745,100,99875,100,98463,100,99898,14,98379,100,99959,14,,,100004,31,,
2019-06-28 09:54:30.671291543,99077,118,98912,218,99594,214,98907,214,99713,214,98880,214,99810,200,98754,100,99839,100,98753,100,99863,100,98745,100,99875,100,98463,100,99898,14,98379,100,99959,14,,,100004,31,,
2019-06-28 09:54:40.000000000,99594,273,98912,273,99713,273,98907,273,99810,200,98880,100,99839,100,98754,100,99863,100,98753,100,99875,100,98745,100,99898,14,98463,100,99959,14,98379,100,100004,31,,,100050,100,,
2019-06-28 09:54:50.000000000,99594,169,98912,169,99713,169,98907,169,99810,269,98880,169,99839,169,98754,169,99863,169,98753,169,99875,100,98745,100,99898,14,98463,100,99959,14,98379,100,100004,31,,,100050,100,,
2019-06-28 09:54:58.441464969,99328,100,98912,169,99594,169,98907,169,99713,69,98880,169,99810,269,98754,169,99839,169,98753,169,99863,169,98745,100,99875,100,98463,100,99898,14,98379,100,99959,14,,,100004,31,,
2019-06-28 09:55:00.000000000,99328,169,98912,169,99594,169,98907,169,99810,269,98880,169,99839,169,98754,169,99863,169,98753,169,99875,100,98745,100,99898,14,98463,100,99959,14,98379,100,100004,31,,,100050,100,,
2019-06-28 09:55:04.834265522,99328,169,99272,100,99594,169,98912,169,99810,269,98907,169,99839,169,98880,169,99863,169,98754,169,99875,100,98753,169,99898,14,98745,100,99959,14,98379,100,100004,31,,,100050,100,,
2019-06-28 09:55:10.000000000,99328,186,99272,186,99594,186,98912,186,99810,286,98907,186,99839,186,98880,186,99863,100,98754,100,99875,100,98753,100,99898,14,98745,100,99959,14,98379,100,100004,31,,,100050,100,,
2019-06-28 09:55:16.061113534,99328,86,99272,186,99594,186,98912,186,99810,286,98907,186,99839,186,98880,186,99863,100,98754,100,99875,100,98753,100,99898,14,98745,100,99959,14,98379,100,100004,31,,,100050,100,,
2019-06-28 09:55:18.223940324,99328,86,99272,186,99594,186,98912,186,99810,286,98907,186,99839,186,98880,86,99863,100,98754,100,99874,100,98753,100,99875,100,98745,100,99898,14,98379,100,99959,14,,,100004,31,,
2019-06-28 09:55:20.000000000,99594,186,99272,186,99810,286,98912,186,99839,186,98907,186,99863,186,98754,186,99874,100,98753,100,99875,100,98745,100,99898,14,98379,100,99959,14,,,100004,31,,,100050,100,,
2019-06-28 09:55:28.472828315,99516,100,99272,186,99594,186,98912,186,99810,286,98907,186,99839,186,98754,186,99863,186,98753,100,99874,100,98745,100,99875,100,98379,100,99898,14,,,99959,14,,,100004,31,,
2019-06-28 09:55:30.000000000,99516,446,99272,446,99594,100,98912,100,99810,200,98907,100,99839,100,98754,100,99863,100,98753,100,99874,100,98745,100,99875,100,98379,100,99898,14,,,99959,14,,,100004,31,,
2019-06-28 09:55:36.281191041,99516,446,99272,446,99594,100,98912,100,99810,100,98907,100,99839,100,98754,100,99863,100,98753,100,99874,100,98745,100,99875,100,98379,100,99898,14,,,99959,14,,,100004,31,,
2019-06-28 09:55:38.808843360,99516,446,99272,446,99594,100,98912,100,99677,100,98907,100,99810,100,98754,100,99839,100,98753,100,99863,100,98745,100,99874,100,98379,100,99875,100,,,99898,14,,,99959,14,,
2019-06-28 09:55:40.000000000,99516,169,99272,169,99594,169,98912,169,99677,169,98907,169,99810,169,98754,169,99839,169,98753,169,99863,100,98745,100,99874,100,98379,100,99875,100,,,99898,14,,,99959,14,,
2019-06-28 09:55:41.607235250,99516,169,99272,169,99594,169,98912,169,99677,169,98907,169,99726,100,98754,169,99810,169,98753,169,99839,169,98745,100,99863,100,98379,100,99874,100,,,99875,100,,,99898,14,,
2019-06-28 09:55:50.000000000,99516,169,99272,169,99594,169,98912,169,99677,169,98907,169,99726,169,98754,169,99810,169,98753,169,99839,100,98745,100,99863,100,98379,100,99874,100,,,99875,100,,,99898,14,,
2019-06-28 09:56:00.000000000,99516,169,99272,169,99594,169,98912,169,99677,169,98907,169,99726,169,98754,169,99810,169,98753,169,99839,100,98745,100,99863,100,98379,100,99874,100,,,99875,100,,,99898,14,,
2019-06-28 09:56:06.977872676,99516,169,99272,69,99594,169,98912,169,99677,169,98907,169,99726,169,98754,169,99810,169,98753,169,99839,100,98745,100,99863,100,98379,100,99875,100,,,99898,14,,,99959,14,,
2019-06-28 09:56:10.000000000,99516,186,98912,186,99594,186,98907,186,99677,186,98754,186,99726,186,98753,186,99810,100,98745,100,99839,100,98379,100,99863,100,,,99875,100,,,99898,14,,,99959,14,,
2019-06-28 09:56:20.000000000,99516,169,98912,169,99594,169,98907,169,99677,169,98754,169,99726,169,98753,169,99810,169,98745,169,99839,100,98379,100,99863,100,,,99875,100,,,99898,14,,,99959,14,,
2019-06-28 09:56:30.000000000,99516,218,98912,218,99594,214,98907,214,99677,214,98754,214,99726,100,98753,100,99810,100,98745,100,99839,100,98379,100,99863,100,,,99875,100,,,99898,14,,,99959,14,,
2019-06-28 09:56:40.000000000,99516,169,98912,169,99594,169,98907,169,99677,169,98754,169,99726,169,98753,169,99810,169,98745,169,99839,100,98379,100,99863,100,,,99875,100,,,99898,14,,,99959,14,,
2019-06-28 09:56:50.000000000,99516,218,98912,218,99594,214,98907,214,99677,214,98754,214,99726,100,98753,100,99810,100,98745,100,99839,100,98379,100,99863,100,,,99875,100,,,99898,14,,,99959,14,,
2019-06-28 09:57:00.000000000,99516,218,98912,218,99594,214,98907,214,99677,214,98754,214,99726,100,98753,100,99810,100,98745,100,99839,100,98379,100,99863,100,,,99875,100,,,99898,14,,,99959,14,,
2019-06-28 09:57:10.000000000,99516,218,98912,218,99594,214,98907,214,99677,214,98754,214,99726,100,98753,100,99810,100,98745,100,99839,100,98379,100,99863,100,,,99875,100,,,99898,14,,,99959,14,,
2019-06-28 09:57:20.000000000,99516,446,98912,446,99594,100,98907,100,99677,100,98754,100,99726,100,98753,100,99810,100,98745,100,99839,100,98379,100,99863,100,,,99875,100,,,99898,14,,,99959,14,,
2019-06-28 09:57:27.930037417,99516,346,98912,446,99594,100,98907,100,99677,100,98754,100,99726,100,98753,100,99810,100,98745,100,99839,100,98379,100,99863,100,,,99875,100,,,99898,14,,,99959,14,,
2019-06-28 09:57:30.000000000,99594,273,98912,273,99677,273,98907,273,99726,100,98754,100,99810,100,98753,100,99839,100,98745,100,99863,100,98379,100,99875,100,,,99898,14,,,99959,14,,,100004,31,,
2019-06-28 09:57:35.279213612,99515,100,98912,273,99594,273,98907,273,99677,273,98754,100,99726,100,98753,100,99810,100,98745,100,99839,100,98379,100,99863,100,,,99875,100,,,99898,14,,,99959,14,,
2019-06-28 09:57:40.000000000,99515,273,98912,273,99594,273,98907,273,99677,100,98754,100,99726,100,98753,100,99810,100,98745,100,99839,100,98379,100,99863,100,,,99875,100,,,99898,14,,,99959,14,,
2019-06-28 09:57:50.000000000,99515,169,98912,169,99594,169,98907,169,99677,169,98754,169,99726,169,98753,169,99810,169,98745,169,99839,100,98379,100,99863,100,,,99875,100,,,99898,14,,,99959,14,,
2019-06-28 09:57:57.068436446,99515,169,98912,169,99594,169,98907,169,99677,169,98754,169,99726,169,98753,169,99763,100,98745,169,99810,169,98379,100,99839,100,,,99863,100,,,99875,100,,,99898,14,,
2019-06-28 09:58:00.000000000,99515,186,98912,186,99594,186,98907,186,99677,186,98754,186,99726,186,98753,186,99763,100,98745,100,99810,100,98379,100,99839,100,,,99863,100,,,99875,100,,,99898,14,,
2019-06-28 09:58:10.000000000,99515,446,98912,446,99594,100,98907,100,99677,100,98754,100,99726,100,98753,100,99763,100,98745,100,99810,100,98379,100,99839,100,,,99863,100,,,99875,100,,,99898,14,,
2019-06-28 09:58:20.000000000,99515,186,98912,186,99594,186,98907,186,99677,186,98754,186,99726,186,98753,186,99763,100,98745,100,99810,100,98379,100,99839,100,,,99863,100,,,99875,100,,,99898,14,,
2019-06-28 09:58:26.777343008,99515,86,98912,186,99594,186,98907,186,99677,186,98754,186,99726,186,98753,186,99763,100,98745,100,99810,100,98379,100,99839,100,,,99863,100,,,99875,100,,,99898,14,,
2019-06-28 09:58:30.000000000,99594,446,98912,446,99677,100,98907,100,99726,100,98754,100,99763,100,98753,100,99810,100,98745,100,99839,100,98379,100,99863,100,,,99875,100,,,99898,14,,,99959,14,,
2019-06-28 09:58:40.000000000,99594,186,98912,186,99677,186,98907,186,99726,186,98754,186,99763,186,98753,186,99810,100,98745,100,99839,100,98379,100,99863,100,,,99875,100,,,99898,14,,,99959,14,,
2019-06-28 09:58:50.000000000,99594,218,98912,218,99677,214,98907,214,99726,214,98754,214,99763,100,98753,100,99810,100,98745,100,99839,100,98379,100,99863,100,,,99875,100,,,99898,14,,,99959,14,,
2019-06-28 09:59:00.000000000,99594,446,98912,446,99677,100,98907,100,99726,100,98754,100,99763,100,98753,100,99810,100,98745,100,99839,100,98379,100,99863,100,,,99875,100,,,99898,14,,,99959,14,,
2019-06-28 09:59:07.144812604,99594,346,98912,446,99677,100,98907,100,99726,100,98754,100,99763,100,98753,100,99810,100,98745,100,99863,100,98379,100,99875,100,,,99898,14,,,99959,14,,,100004,31,,
2019-06-28 09:59:10.000000000,99677,186,98912,186,99726,186,98907,186,99763,186,98754,186,99810,186,98753,186,99863,100,98745,100,99875,100,98379,100,99898,14,,,99959,14,,,100004,31,,,100050,100,,
2019-06-28 09:59:20.000000000,99677,218,98912,218,99726,214,98907,214,99763,214,98754,214,99810,100,98753,100,99863,100,98745,100,99875,100,98379,100,99898,14,,,99959,14,,,100004,31,,,100050,100,,
2019-06-28 09:59:30.000000000,99677,169,98912,169,99726,169,98907,169,99763,169,98754,169,99810,169,98753,169,99863,169,98745,169,99875,100,98379,100,99898,14,,,99959,14,,,100004,31,,,100050,100,,
2019-06-28 09:59:40.000000000,99677,186,98912,186,99726,186,98907,186,99763,186,98754,186,99810,186,98753,186,99863,100,98745,100,99875,100,98379,100,99898,14,,,99959,14,,,100004,31,,,100050,100,,
2019-06-28 09:59:42.970812405,99514,100,98912,186,99677,186,98907,186,99726,186,98754,186,99763,186,98753,186,99810,186,98745,100,99863,100,98379,100,99875,100,,,99898,14,,,99959,14,,,100004,31,,
2019-06-28 09:59:50.000000000,99514,218,98912,218,99677,214,98907,214,99726,214,98754,214,99763,100,98753,100,99810,100,98745,100,99863,100,98379,100,99875,100,,,99898,14,,,99959,14,,,100004,31,,
2019-06-28 10:00:00.000000000,99514,218,98912,218,99677,214,98907,214,99726,214,98754,214,99763,100,98753,100,99810,100,98745,100,99863,100,98379,100,99875,100,,,99898,14,,,99959,14,,,100004,31,,
2019-06-28 10:00:10.000000000,99514,273,98912,273,99677,273,98907,273,99726,100,98754,100,99763,100,98753,100,99810,100,98745,100,99863,100,98379,100,99875,100,,,99898,14,,,99959,14,,,100004,31,,
2019-06-28 10:00:14.337639592,99514,173,98912,273,99677,273,98907,273,99726,100,98754,100,99763,100,98753,100,99810,100,98745,100,99863,100,98379,100,99875,100,,,99898,14,,,99959,14,,,100004,31,,
2019-06-28 10:00:20.000000000,99677,446,98912,446,99726,100,98907,100,99763,100,98754,100,99810,100,98753,100,99863,100,98745,100,99875,100,98379,100,99898,14,,,99959,14,,,100004,31,,,100097,100,,
2019-06-28 10:00:30.000000000,99677,169,98912,169,99726,169,98907,169,99763,169,98754,169,99810,169,98753,169,99863,169,98745,169,99875,100,98379,100,99898,14,,,99959,14,,,100004,31,,,100097,100,,
2019-06-28 10:00:40.000000000,99677,169,98912,169,99726,169,98907,169,99763,169,98754,169,99810,169,98753,169,99863,169,98745,169,99875,100,98379,100,99898,14,,,99959,14,,,100004,31,,,100097,100,,
2019-06-28 10:00:41.593103504,99677,69,98912,169,99726,169,98907,169,99763,169,98754,169,99810,169,98753,169,99863,169,98745,169,99875,100,98379,100,99898,14,,,99959,14,,,100004,31,,,100097,100,,
2019-06-28 10:00:50.000000000,99726,186,98912,186,99763,186,98907,186,99810,186,98754,186,99863,186,98753,186,99875,100,98745,100,99898,14,98379,100,99959,14,,,100004,31,,,100097,100,,,100128,100,,
2019-06-28 10:00:54.500045571,99726,186,99637,100,99763,186,98912,186,99810,186,98907,186,99863,186,98754,186,99875,100,98753,186,99898,14,98745,100,99959,14,98379,100,100004,31,,,100097,100,,,100128,100,,
2019-06-28 10:00:57.583420591,99726,186,98912,186,99763,186,98907,186,99810,186,98754,186,99863,186,98753,186,99875,100,98745,100,99898,14,98379,100,99959,14,,,100004,31,,,100097,100,,,100128,100,,
2019-06-28 10:01:00.000000000,99726,169,98912,169,99763,169,98907,169,99810,169,98754,169,99863,169,98753,169,99875,169,98745,169,99898,14,98379,100,99959,14,,,100004,31,,,100097,100,,,100128,100,,
2019-06-28 10:01:04.794478273,99726,69,98912,169,99763,169,98907,169,99810,169,98754,169,99863,169,98753,169,99875,169,98745,169,99898,14,98379,100,99959,14,,,100004,31,,,100097,100,,,100128,100,,
2019-06-28 10:01:10.000000000,99763,169,98912,169,99810,169,98907,169,99863,169,98754,169,99875,169,98753,169,99898,83,98745,169,99959,14,98379,100,100004,31,,,100097,100,,,100128,100,,,100143,100,,
2019-06-28 10:01:20.000000000,99763,169,98912,169,99810,169,98907,169,99863,169,98754,169,99875,169,98753,169,99898,83,98745,169,99959,14,98379,100,100004,31,,,100097,100,,,100128,100,,,100143,100,,
2019-06-28 10:01:30.000000000,99763,186,98912,186,99810,186,98907,186,99863,186,98754,186,99875,186,98753,186,99898,14,98745,100,99959,14,98379,100,100004,31,,,100097,100,,,100128,100,,,100143,100,,
2019-06-28 10:01:31.737876454,99763,186,98912,186,99810,186,98907,186,99863,186,98754,186,99875,186,98753,186,99898,14,98745,100,99959,14,98379,100,100004,31,,,100097,100,,,100128,100,,,100143,100,,
2019-06-28 10:01:38.193847672,99763,86,98912,186,99810,186,98907,186,99863,186,98754,186,99875,186,98753,186,99898,14,98745,100,99959,14,98379,100,100004,31,,,100097,100,,,100128,100,,,100143,100,,
2019-06-28 10:01:40.000000000,99810,446,98912,446,99863,100,98907,100,99875,100,98754,100,99898,14,98753,100,99959,14,98745,100,100004,31,98379,100,100097,100,,,100128,100,,,100143,100,,,100298,100,,
2019-06-28 10:01:50.000000000,99810,218,98912,218,99863,214,98907,214,99875,214,98754,214,99898,14,98753,100,99959,14,98745,100,100004,31,98379,100,100097,100,,,100128,100,,,100143,100,,,100298,100,,
2019-06-28 10:02:00.000000000,99810,186,98912,186,99863,186,98907,186,99875,186,98754,186,99898,100,98753,186,99959,14,98745,100,100004,31,98379,100,100097,100,,,100128,100,,,100143,100,,,100298,100,,
2019-06-28 10:02:10.000000000,99810,186,98912,186,99863,186,98907,186,99875,186,98754,186,99898,100,98753,186,99959,14,98745,100,100004,31,98379,100,100097,100,,,100128,100,,,100143,100,,,100298,100,,
2019-06-28 10:02:10.025824055,99810,186,99662,100,99863,186,98912,186,99875,186,98907,186,99898,100,98754,186,99959,14,98753,186,100004,31,98745,100,100097,100,98379,100,100128,100,,,100143,100,,,100298,100,,
2019-06-28 10:02:20.000000000,99810,169,99662,169,99863,169,98912,169,99875,169,98907,169,99898,83,98754,169,99959,83,98753,169,100004,31,98745,100,100097,100,98379,100,100128,100,,,100143,100,,,100298,100,,
2019-06-28 10:02:21.346879592,99810,169,99662,169,99863,169,98912,169,99875,169,98907,169,99898,83,98754,169,99959,83,98753,169,100004,31,98745,100,100097,100,98379,100,100128,100,,,100143,100,,,100252,100,,
2019-06-28 10:02:24.083325641,99810,169,99662,169,99863,169,99653,100,99875,69,98912,169,99898,83,98907,169,99959,83,98754,169,100004,31,98753,169,100097,100,98745,100,100128,100,98379,100,100143,100,,,100252,100,,
2019-06-28 10:02:30.000000000,99810,186,99662,186,99863,186,99653,186,99898,100,98912,186,99959,100,98907,186,100004,31,98754,100,100097,100,98753,100,100128,100,98745,100,100143,100,98379,100,100252,100,,,100298,100,,
2019-06-28 10:02:40.000000000,99810,273,99662,273,99863,273,99653,273,99898,14,98912,100,99959,14,98907,100,100004,31,98754,100,100097,100,98753,100,100128,100,98745,100,100143,100,98379,100,100252,100,,,100298,100,,
2019-06-28 10:02:47.786770609,99810,273,99662,173,99863,273,99653,273,99898,14,98912,100,99959,14,98907,100,100004,31,98754,100,100097,100,98753,100,100128,100,98745,100,100143,100,98379,100,100252,100,,,,,,
2019-06-28 10:02:50.000000000,99810,218,99653,218,99863,214,98912,214,99898,128,98907,214,99959,14,98754,100,100004,31,98753,100,100097,100,98745,100,100128,100,98379,100,100143,100,,,100252,100,,,,,,
2019-06-28 10:03:00.000000000,99810,218,99653,218,99863,214,98912,214,99898,128,98907,214,99959,14,98754,100,100004,31,98753,100,100097,100,98745,100,100128,100,98379,100,100143,100,,,100252,100,,,,,,
2019-06-28 10:03:10.000000000,99810,169,99653,169,99863,169,98912,169,99898,83,98907,169,99959,83,98754,169,100004,100,98753,169,100097,100,98745,100,100128,100,98379,100,100143,100,,,100252,100,,,,,,
2019-06-28 10:03:20.000000000,99810,169,99653,169,99863,169,98912,169,99898,83,98907,169,99959,83,98754,169,100004,100,98753,169,100097,100,98745,100,100128,100,98379,100,100143,100,,,100252,100,,,,,,
2019-06-28 10:03:20.099997944,99810,69,99653,169,99863,169,98912,169,99898,83,98907,169,99959,83,98754,169,100004,100,98753,169,100097,100,98745,100,100128,100,98379,100,100143,100,,,100252,100,,,,,,
2019-06-28 10:03:30.000000000,99863,273,99653,273,99898,187,98912,273,99959,14,98907,100,100004,31,98754,100,100097,100,98753,100,100128,100,98745,100,100143,100,98379,100,100252,100,,,,,,,,,,
2019-06-28 10:03:40.000000000,99863,169,99653,169,99898,83,98912,169,99959,83,98907,169,100004,100,98754,169,100097,169,98753,169,100128,100,98745,100,100143,100,98379,100,100252,100,,,,,,,,,,
2019-06-28 10:03:45.004625935,99863,169,99663,100,99898,83,99653,169,99959,83,98912,169,100004,100,98907,169,100097,169,98754,169,100128,100,98753,169,100143,100,98745,100,100252,100,98379,100,,,,,,,,
2019-06-28 10:03:50.000000000,99863,446,99663,446,99898,14,99653,100,99959,14,98912,100,100004,31,98907,100,100097,100,98754,100,100128,100,98753,100,100143,100,98745,100,100252,100,98379,100,,,,,,,,
2019-06-28 10:04:00.000000000,99863,169,99663,169,99898,83,99653,169,99959,83,98912,169,100004,100,98907,169,100097,169,98754,169,100128,100,98753,100,100143,100,98745,100,100252,100,98379,100,,,,,,,,
2019-06-28 10:04:10.000000000,99863,273,99663,273,99898,187,99653,273,99959,14,98912,100,100004,31,98907,100,100097,100,98754,100,100128,100,98753,100,100143,100,98745,100,100252,100,98379,100,,,,,,,,
2019-06-28 10:04:20.000000000,99863,169,99663,169,99898,83,99653,169,99959,83,98912,169,100004,100,98907,169,100097,169,98754,169,100128,100,98753,100,100143,100,98745,100,100252,100,98379,100,,,,,,,,
2019-06-28 10:04:20.548997168,99863,169,99663,169,99898,83,99653,169,99959,83,98912,169,100004,100,98907,169,100097,169,98754,169,100128,100,98753,100,100143,100,98745,100,100149,100,98379,100,100252,100,,,,,,
2019-06-28 10:04:28.580380892,99863,169,99663,269,99898,83,99653,169,99959,83,98912,169,100004,100,98907,169,100097,169,98754,169,100128,100,98753,100,100143,100,98745,100,100149,100,98379,100,100252,100,,,,,,
2019-06-28 10:04:29.557771866,99863,69,99663,269,99898,83,99653,169,99959,83,98912,169,100004,100,98907,169,100097,169,98754,169,100128,100,98753,100,100143,100,98745,100,100149,100,98379,100,100252,100,,,,,,
2019-06-28 10:04:30.000000000,99898,132,99663,318,99959,128,99653,214,100004,145,98912,214,100097,100,98907,100,100128,100,98754,100,100143,100,98753,100,100149,100,98745,100,100252,100,98379,100,,,,,,,,
2019-06-28 10:04:40.000000000,99898,83,99663,269,99959,83,99653,169,100004,100,98912,169,100097,169,98907,169,100128,169,98754,169,100143,100,98753,100,100149,100,98745,100,100252,100,98379,100,,,,,,,,
2019-06-28 10:04:50.000000000,99898,132,99663,318,99959,128,99653,214,100004,145,98912,214,100097,100,98907,100,100128,100,98754,100,100143,100,98753,100,100149,100,98745,100,100252,100,98379,100,,,,,,,,
2019-06-28 10:04:53.558584051,99898,132,99663,218,99959,128,99653,214,100004,145,98912,214,100097,100,98907,100,100128,100,98754,100,100143,100,98753,100,100149,100,98745,100,100252,100,98379,100,,,,,,,,
2019-06-28 10:04:57.915641116,99898,132,99663,218,99901,100,99653,214,99959,128,98912,214,100004,145,98907,100,100097,100,98754,100,100128,100,98753,100,100143,100,98379,100,100149,100,,,100252,100,,,,,,
2019-06-28 10:04:59.145157499,99893,100,99663,218,99898,132,99653,214,99901,100,98912,214,99959,128,98907,100,100004,145,98754,100,100097,100,98753,100,100128,100,98379,100,100143,100,,,100149,100,,,100252,100,,
2019-06-28 10:04:59.475078215,99862,100,99663,218,99893,100,99653,214,99898,132,98912,214,99901,100,98907,100,99959,128,98754,100,100004,145,98753,100,100097,100,98379,100,100128,100,,,100143,100,,,100149,100,,
2019-06-28 10:05:00.000000000,99862,169,99663,169,99893,169,99653,169,99898,83,98912,169,99901,169,98907,169,99959,83,98754,169,100004,31,98753,100,100097,100,98379,100,100128,100,,,100143,100,,,100149,100,,
2019-06-28 10:05:10.000000000,99862,169,99663,169,99893,169,99653,169,99898,83,98912,169,99901,169,98907,169,99959,83,98754,169,100004,31,98753,100,100097,100,98379,100,100128,100,,,100143,100,,,100149,100,,
2019-06-28 10:05:20.000000000,99862,186,99663,186,99893,186,99653,186,99898,100,98912,186,99901,186,98907,186,99959,14,98754,100,100004,31,98753,100,100097,100,98379,100,100128,100,,,100143,100,,,100149,100,,
2019-06-28 10:05:30.000000000,99862,446,99663,446,99893,100,99653,100,99898,14,98912,100,99901,100,98907,100,99959,14,98754,100,100004,31,98753,100,100097,100,98379,100,100128,100,,,100143,100,,,100149,100,,
2019-06-28 10:05:40.000000000,99862,169,99663,169,99893,169,99653,169,99898,83,98912,169,99901,169,98907,169,99959,83,98754,169,100004,31,98753,100,100097,100,98379,100,100128,100,,,100143,100,,,100149,100,,
2019-06-28 10:05:44.940267287,99862,169,99663,69,99893,169,99653,169,99898,83,98912,169,99901,169,98907,169,99959,83,98754,169,100004,31,98753,100,100097,100,98379,100,100128,100,,,100143,100,,,100149,100,,
2019-06-28 10:05:45.951615560,99663,31,99653,169,99862,169,98912,169,99893,169,98907,169,99898,83,98754,169,99901,169,98753,100,99959,83,98379,100,100004,31,,,100097,100,,,100128,100,,,100143,100,,
2019-06-28 10:05:46.740196670,99663,31,99653,69,99862,169,98912,169,99893,169,98907,169,99898,83,98754,169,99901,169,98753,100,99959,83,98379,100,100004,31,,,100097,100,,,100128,100,,,100143,100,,
2019-06-28 10:05:49.516790131,99663,131,99653,69,99862,169,98912,169,99893,169,98907,169,99898,83,98754,169,99901,169,98753,100,99959,83,98379,100,100004,31,,,100097,100,,,100128,100,,,100143,100,,
2019-06-28 10:05:50.000000000,99663,217,98912,186,99862,186,98907,186,99893,186,98754,186,99898,100,98753,186,99901,100,98379,100,99959,14,,,100004,31,,,100097,100,,,100128,100,,,100143,100,,
2019-06-28 10:05:52.580103873,99663,317,98912,186,99862,186,98907,86,99893,186,98754,186,99898,100,98753,186,99901,100,98379,100,99959,14,,,100004,31,,,100097,100,,,100128,100,,,100143,100,,
2019-06-28 10:06:00.000000000,99663,349,98912,218,99862,214,98754,214,99893,214,98753,214,99898,14,98379,100,99901,100,,,99959,14,,,100004,31,,,100097,100,,,100128,100,,,100143,100,,
2019-06-28 10:06:10.000000000,99663,300,98912,169,99862,169,98754,169,99893,169,98753,169,99898,83,98379,169,99901,169,98378,69,99959,14,,,100004,31,,,100097,100,,,100128,100,,,100143,100,,
2019-06-28 10:06:20.000000000,99663,317,98912,186,99862,186,98754,186,99893,186,98753,186,99898,100,98379,186,99901,100,,,99959,14,,,100004,31,,,100097,100,,,100128,100,,,100143,100,,
2019-06-28 10:06:28.875179594,99663,317,99653,100,99862,186,98912,186,99893,186,98754,186,99898,100,98753,186,99901,100,98379,186,99959,14,,,100004,31,,,100097,100,,,100128,100,,,100143,100,,
2019-06-28 10:06:30.000000000,99663,300,99653,169,99862,169,98912,169,99893,169,98754,169,99898,83,98753,169,99901,169,98379,169,99959,14,,,100004,31,,,100097,100,,,100128,100,,,100143,100,,
2019-06-28 10:06:36.067498272,99663,300,99653,169,99862,169,99457,100,99893,169,98912,169,99898,83,98754,169,99901,169,98753,169,99959,14,98379,169,100004,31,,,100097,100,,,100128,100,,,100143,100,,
2019-06-28 10:06:40.000000000,99663,404,99653,273,99862,273,99457,273,99893,100,98912,100,99898,14,98754,100,99901,100,98753,100,99959,14,98379,100,100004,31,,,100097,100,,,100128,100,,,100143,100,,
2019-06-28 10:06:50.000000000,99663,349,99653,218,99862,214,99457,214,99893,214,98912,214,99898,14,98754,100,99901,100,98753,100,99959,14,98379,100,100004,31,,,100097,100,,,100128,100,,,100143,100,,
2019-06-28 10:06:55.367614239,99663,449,99653,218,99862,214,99457,214,99893,214,98912,214,99898,14,98754,100,99901,100,98753,100,99959,14,98379,100,100004,31,,,100097,100,,,100128,100,,,100143,100,,
2019-06-28 10:06:57.477241458,99663,449,99653,218,99862,214,99457,214,99893,214,98991,100,99898,14,98912,214,99901,100,98754,100,99959,14,98753,100,100097,100,98379,100,100128,100,,,100143,100,,,100149,100,,
2019-06-28 10:06:59.537577663,99663,449,99653,118,99862,214,99457,214,99893,214,98991,100,99898,14,98912,214,99901,100,98754,100,99959,14,98753,100,100097,100,98379,100,100128,100,,,100143,100,,,100149,100,,
2019-06-28 10:07:00.000000000,99663,449,99457,218,99862,214,98991,214,99893,214,98912,214,99898,14,98754,100,99901,100,98753,100,99959,14,98379,100,100097,100,,,100128,100,,,100143,100,,,100149,100,,
2019-06-28 10:07:10.000000000,99663,504,99457,273,99862,273,98991,273,99893,100,98912,100,99898,14,98754,100,99901,100,98753,100,99959,14,98379,100,100097,100,,,100128,100,,,100143,100,,,100149,100,,
2019-06-28 10:07:12.040674885,99663,504,99457,173,99862,273,98991,273,99893,100,98912,100,99898,14,98754,100,99901,100,98753,100,99959,14,98379,100,100097,100,,,100128,100,,,100143,100,,,100149,100,,
2019-06-28 10:07:19.332345563,99663,504,99457,173,99862,273,98993,100,99893,100,98991,273,99898,14,98912,100,99901,100,98753,100,99959,14,98379,100,100097,100,,,100128,100,,,100143,100,,,100149,100,,
2019-06-28 10:07:20.000000000,99663,677,98993,446,99862,100,98991,100,99893,100,98912,100,99898,14,98753,100,99901,100,98379,100,99959,14,,,100097,100,,,100128,100,,,100143,100,,,100149,100,,
2019-06-28 10:07:27.000084798,99663,677,98993,446,99862,100,98991,100,99893,100,98753,100,99898,14,98379,100,99901,100,,,99959,14,,,100097,100,,,100128,100,,,100143,100,,,100149,100,,
2019-06-28 10:07:30.000000000,99663,400,98993,169,99862,169,98991,169,99893,169,98753,169,99898,83,98379,169,99901,169,98378,69,99959,14,,,100097,100,,,100128,100,,,100143,100,,,100149,100,,
2019-06-28 10:07:40.000000000,99663,449,98993,218,99862,214,98991,214,99893,214,98753,214,99898,14,98379,100,99901,100,,,99959,14,,,100097,100,,,100128,100,,,100143,100,,,100149,100,,
2019-06-28 10:07:40.215619201,99286,100,98993,218,99663,449,98991,214,99862,214,98753,214,99893,214,98379,100,99898,14,,,99901,100,,,99959,14,,,100097,100,,,100128,100,,,100143,100,,
2019-06-28 10:07:50.000000000,99286,273,98993,273,99663,504,98991,273,99862,100,98753,100,99893,100,98379,100,99898,14,,,99901,100,,,99959,14,,,100097,100,,,100128,100,,,100143,100,,
2019-06-28 10:08:00.000000000,99286,218,98993,218,99663,445,98991,214,99862,214,98753,214,99893,100,98379,100,99898,14,,,99901,100,,,99959,14,,,100097,100,,,100128,100,,,100143,100,,
2019-06-28 10:08:02.458570145,99286,118,98993,218,99663,445,98991,114,99862,214,98753,214,99893,100,98379,100,99898,14,,,99901,100,,,99959,14,,,100097,100,,,100128,100,,,100143,100,,
2019-06-28 10:08:10.000000000,99663,417,98993,186,99862,186,98753,186,99893,186,98379,186,99898,100,98378,86,99901,100,,,99959,14,,,100097,100,,,100128,100,,,100143,100,,,100149,100,,
2019-06-28 10:08:20.000000000,99663,400,98993,169,99862,169,98753,169,99893,169,98379,169,99898,83,98378,69,99901,169,,,99959,14,,,100097,100,,,100128,100,,,100143,100,,,100149,100,,
2019-06-28 10:08:28.144788969,99663,400,99470,100,99862,169,98993,69,99893,169,98753,169,99898,83,98379,169,99901,169,98378,69,99959,14,,,100097,100,,,100128,100,,,100143,100,,,100149,100,,
2019-06-28 10:08:30.000000000,99663,417,99470,186,99862,186,98753,186,99893,186,98379,186,99898,100,98378,86,99901,100,,,99959,14,,,100097,100,,,100128,100,,,100143,100,,,100149,100,,
2019-06-28 10:08:40.000000000,99663,677,99470,446,99862,100,98753,100,99893,100,98379,100,99898,14,,,99901,100,,,99959,14,,,100097,100,,,100128,100,,,100143,100,,,100149,100,,
2019-06-28 10:08:45.848578840,99663,677,99635,100,99862,100,99470,446,99893,100,98753,100,99898,14,98379,100,99901,100,,,99959,14,,,100097,100,,,100128,100,,,100143,100,,,100149,100,,
2019-06-28 10:08:50.000000000,99663,400,99635,169,99862,169,99470,169,99893,169,98753,169,99898,83,98379,169,99901,169,98378,69,99959,14,,,100097,100,,,100128,100,,,100143,100,,,100149,100,,
2019-06-28 10:08:59.965060219,99663,300,99635,169,99862,169,99470,169,99893,169,98753,169,99898,83,98379,169,99901,169,98378,69,99959,14,,,100097,100,,,100128,100,,,100143,100,,,100149,100,,
2019-06-28 10:09:00.000000000,99663,317,99635,186,99862,186,99470,186,99893,186,98753,186,99898,100,98379,186,99901,100,,,99959,14,,,100097,100,,,100128,100,,,100143,100,,,100149,100,,
2019-06-28 10:09:10.000000000,99663,317,99635,186,99862,186,99470,186,99893,186,98753,186,99898,100,98379,186,99901,100,,,99959,14,,,100097,100,,,100128,100,,,100143,100,,,100149,100,,
2019-06-28 10:09:20.000000000,99663,317,99635,186,99862,186,99470,186,99893,186,98753,186,99898,100,98379,186,99901,100,,,99959,14,,,100097,100,,,100128,100,,,100143,100,,,100149,100,,
2019-06-28 10:09:21.301430803,99663,217,99635,186,99862,186,99470,186,99893,186,98753,186,99898,100,98379,186,99901,100,,,99959,14,,,100097,100,,,100128,100,,,100143,100,,,100149,100,,
2019-06-28 10:09:30.000000000,99663,200,99635,169,99862,169,99470,169,99893,169,98753,169,99898,83,98379,169,99901,169,98378,69,99959,14,,,100097,100,,,100128,100,,,100143,100,,,100149,100,,
2019-06-28 10:09:40.000000000,99663,200,99635,169,99862,169,99470,169,99893,169,98753,169,99898,83,98379,169,99901,169,98378,69,99959,14,,,100097,100,,,100128,100,,,100143,100,,,100149,100,,
2019-06-28 10:09:50.000000000,99663,304,99635,273,99862,273,99470,273,99893,100,98753,100,99898,14,98379,100,99901,100,,,99959,14,,,100097,100,,,100128,100,,,100143,100,,,100149,100,,
2019-06-28 10:10:00.000000000,99663,477,99635,446,99862,100,99470,100,99893,100,98753,100,99898,14,98379,100,99901,100,,,99959,14,,,100097,100,,,100128,100,,,100143,100,,,100149,100,,
2019-06-28 10:10:10.000000000,99663,200,99635,169,99862,169,99470,169,99893,169,98753,169,99898,83,98379,169,99901,169,98378,69,99959,14,,,100097,100,,,100128,100,,,100143,100,,,100149,100,,
2019-06-28 10:10:15.399259475,99663,200,99635,169,99862,169,99470,169,99893,169,98753,169,99898,69,98379,169,99900,100,98378,69,99901,169,,,99959,14,,,100097,100,,,100128,100,,,100143,100,,
2019-06-28 10:10:20.000000000,99663,217,99635,186,99862,186,99470,186,99893,186,98753,186,99900,186,98379,186,99901,100,,,99959,14,,,100097,100,,,100128,100,,,100143,100,,,100149,100,,
2019-06-28 10:10:26.946284297,99663,217,99635,186,99862,186,99470,186,99893,186,98753,186,99900,186,98379,186,99901,100,,,99959,14,,,100087,100,,,100097,100,,,100128,100,,,100143,100,,
2019-06-28 10:10:30.000000000,99663,200,99635,169,99862,169,99470,169,99893,169,98753,169,99900,169,98379,169,99901,169,98378,69,99959,14,,,100087,100,,,100097,100,,,100128,100,,,100143,100,,
2019-06-28 10:10:31.381523049,99663,200,99635,169,99862,169,99470,169,99893,169,98753,169,99900,169,98379,169,99901,169,98378,69,99936,100,,,99959,14,,,100087,100,,,100097,100,,,100128,100,,
2019-06-28 10:10:31.764038066,99663,69,99635,169,99862,169,99470,169,99893,169,98753,169,99900,169,98379,169,99901,169,98378,69,99936,100,,,99959,14,,,100087,100,,,100097,100,,,100128,100,,
2019-06-28 10:10:34.944726802,99663,69,99635,169,99736,100,99470,169,99862,169,98753,169,99893,169,98379,169,99900,169,98378,69,99901,169,,,99959,14,,,100087,100,,,100097,100,,,100128,100,,
2019-06-28 10:10:40.000000000,99736,273,99635,273,99862,273,99470,273,99893,100,98753,100,99900,100,98379,100,99901,100,,,99959,14,,,100087,100,,,100097,100,,,100128,100,,,100143,100,,
2019-06-28 10:10:50.000000000,99736,186,99635,186,99862,186,99470,186,99893,186,98753,186,99900,186,98379,186,99901,100,,,99959,14,,,100087,100,,,100097,100,,,100128,100,,,100143,100,,
2019-06-28 10:10:57.921965492,99736,186,99663,100,99862,186,99635,186,99893,186,99470,186,99900,186,98753,186,99901,100,98379,186,99959,14,,,100087,100,,,100097,100,,,100128,100,,,100143,100,,
2019-06-28 10:11:00.000000000,99736,273,99663,273,99862,273,99635,273,99893,100,99470,100,99900,100,98753,100,99901,100,98379,100,99959,14,,,100087,100,,,100097,100,,,100128,100,,,100143,100,,
2019-06-28 10:11:03.025872384,99736,273,99669,100,99862,273,99663,273,99893,100,99635,273,99900,100,99470,100,99901,100,98753,100,99959,14,98379,100,100087,100,,,100097,100,,,100128,100,,,100143,100,,
2019-06-28 10:11:09.038175015,99712,100,99669,100,99736,273,99663,273,99862,273,99635,273,99893,100,99470,100,99900,100,98753,100,99901,100,98379,100,99959,14,,,100087,100,,,100097,100,,,100128,100,,
2019-06-28 10:11:10.000000000,99712,169,99669,169,99736,169,99663,169,99862,169,99635,169,99893,169,99470,169,99900,169,98753,169,99901,100,98379,100,99959,14,,,100087,100,,,100097,100,,,100128,100,,
2019-06-28 10:11:14.436224555,99712,169,99669,169,99736,169,99663,169,99862,169,99635,169,99889,100,99470,169,99893,169,98753,169,99900,169,98379,100,99901,100,,,99959,14,,,100087,100,,,100097,100,,
2019-06-28 10:11:20.000000000,99712,218,99669,218,99736,214,99663,214,99862,214,99635,214,99889,100,99470,100,99893,100,98753,100,99900,100,98379,100,99901,100,,,99959,14,,,100087,100,,,100097,100,,
2019-06-28 10:11:30.000000000,99712,169,99669,169,99736,169,99663,169,99862,169,99635,169,99889,169,99470,169,99893,169,98753,169,99900,100,98379,100,99901,100,,,99959,14,,,100087,100,,,100097,100,,
2019-06-28 10:11:40.000000000,99712,446,99669,446,99736,100,99663,100,99862,100,99635,100,99889,100,99470,100,99893,100,98753,100,99900,100,98379,100,99901,100,,,99959,14,,,100087,100,,,100097,100,,
2019-06-28 10:11:48.473106911,99712,446,99669,446,99736,100,99663,100,99862,100,99635,100,99889,100,99599,100,99893,100,99470,100,99900,100,98753,100,99901,100,98379,100,100087,100,,,100097,100,,,100128,100,,
2019-06-28 10:11:50.000000000,99712,169,99669,169,99736,169,99663,169,99862,169,99635,169,99889,169,99599,169,99893,169,99470,169,99900,100,98753,100,99901,100,98379,100,100087,100,,,100097,100,,,100128,100,,
2019-06-28 10:12:00.000000000,99712,186,99669,186,99736,186,99663,186,99862,186,99635,186,99889,186,99599,186,99893,100,99470,100,99900,100,98753,100,99901,100,98379,100,100087,100,,,100097,100,,,100128,100,,
2019-06-28 10:12:10.000000000,99712,273,99669,273,99736,273,99663,273,99862,100,99635,100,99889,100,99599,100,99893,100,99470,100,99900,100,98753,100,99901,100,98379,100,100087,100,,,100097,100,,,100128,100,,
2019-06-28 10:12:20.000000000,99712,169,99669,169,99736,169,99663,169,99862,169,99635,169,99889,169,99599,169,99893,169,99470,169,99900,100,98753,100,99901,100,98379,100,100087,100,,,100097,100,,,100128,100,,
2019-06-28 10:12:30.000000000,99712,169,99669,169,99736,169,99663,169,99862,169,99635,169,99889,169,99599,169,99893,169,99470,169,99900,100,98753,100,99901,100,98379,100,100087,100,,,100097,100,,,100128,100,,
2019-06-28 10:12:40.000000000,99712,169,99669,169,99736,169,99663,169,99862,169,99635,169,99889,169,99599,169,99893,169,99470,169,99900,100,98753,100,99901,100,98379,100,100087,100,,,100097,100,,,100128,100,,
2019-06-28 10:12:49.061812189,99712,169,99669,169,99736,169,99663,169,99862,169,99635,169,99889,169,99599,169,99893,169,99470,169,99900,100,98753,100,99901,100,98379,100,100053,100,,,100087,100,,,100097,100,,
2019-06-28 10:12:50.000000000,99712,273,99669,273,99736,273,99663,273,99862,100,99635,100,99889,100,99599,100,99893,100,99470,100,99900,100,98753,100,99901,100,98379,100,100053,100,,,100087,100,,,100097,100,,
2019-06-28 10:12:52.149354788,99712,173,99669,273,99736,273,99663,273,99862,100,99635,100,99889,100,99599,100,99893,100,99470,100,99900,100,98753,100,99901,100,98379,100,100053,100,,,100087,100,,,100097,100,,
2019-06-28 10:13:00.000000000,99736,273,99669,273,99862,273,99663,273,99889,100,99635,100,99893,100,99599,100,99900,100,99470,100,99901,100,98753,100,100053,100,98379,100,100087,100,,,100097,100,,,100128,100,,
2019-06-28 10:13:10.000000000,99736,186,99669,186,99862,186,99663,186,99889,186,99635,186,99893,186,99599,186,99900,100,99470,100,99901,100,98753,100,100053,100,98379,100,100087,100,,,100097,100,,,100128,100,,
