,ask_price_1,ask_size_1,bid_price_1,bid_size_1,ask_price_2,ask_size_2,bid_price_2,bid_size_2,ask_price_3,ask_size_3,bid_price_3,bid_size_3,ask_price_4,ask_size_4,bid_price_4,bid_size_4,ask_price_5,ask_size_5,bid_price_5,bid_size_5,ask_price_6,ask_size_6,bid_price_6,bid_size_6,ask_price_7,ask_size_7,bid_price_7,bid_size_7,ask_price_8,ask_size_8,bid_price_8,bid_size_8,ask_price_9,ask_size_9,bid_price_9,bid_size_9,ask_price_10,ask_size_10,bid_price_10,bid_size_10
2019-06-28 09:30:00.000000001,100181,100,100160,100,,,,,,,,,,,,,,,,,,,,,,,,,,,,,,,,,,,,
2019-06-28 09:30:00.000000005,100181,100,100160,100,,,100046,100,,,99997,100,,,,,,,,,,,,,,,,,,,,,,,,,,,,
2019-06-28 09:30:00.000000006,100181,100,100160,100,,,100046,100,,,99997,100,,,99891,100,,,,,,,,,,,,,,,,,,,,,,,,
2019-06-28 09:30:00.000000007,100181,100,100046,100,,,99997,100,,,99891,100,,,,,,,,,,,,,,,,,,,,,,,,,,,,
2019-06-28 09:30:00.000000012,100181,100,100046,100,,,99997,100,,,99891,100,,,99791,100,,,,,,,,,,,,,,,,,,,,,,,,
2019-06-28 09:30:00.000000013,100181,100,100046,100,,,99997,100,,,99913,100,,,99891,100,,,99791,100,,,,,,,,,,,,,,,,,,,,
2019-06-28 09:30:00.000000014,100181,100,100046,100,,,99997,100,,,99955,100,,,99913,100,,,99891,100,,,99791,100,,,,,,,,,,,,,,,,
2019-06-28 09:30:00.000000016,100112,100,100046,100,100181,100,100038,100,,,99997,100,,,99989,100,,,99955,100,,,99913,100,,,99891,100,,,99791,100,,,,,,,,
2019-06-28 09:30:00.000000022,100112,100,100038,100,100181,100,99997,100,,,99989,100,,,99955,100,,,99913,100,,,99891,100,,,99791,100,,,,,,,,,,,,
2019-06-28 09:30:00.000000023,100112,100,100038,100,100181,100,99997,100,,,99989,100,,,99955,100,,,99915,100,,,99913,100,,,99891,100,,,99791,100,,,,,,,,
2019-06-28 09:30:00.000000026,100111,100,100038,100,100112,100,99997,100,100181,100,99989,100,,,99955,100,,,99915,100,,,99913,100,,,99891,100,,,99791,100,,,,,,,,
2019-06-28 09:30:00.000000027,100111,100,99997,100,100112,100,99989,100,100181,100,99955,100,,,99915,100,,,99913,100,,,99891,100,,,99791,100,,,,,,,,,,,,
2019-06-28 09:30:00.000000028,100111,100,99997,100,100112,100,99989,100,100131,100,99955,100,100181,100,99915,100,,,99913,100,,,99891,100,,,99791,100,,,,,,,,,,,,
2019-06-28 09:30:00.000000030,100111,100,99989,100,100112,100,99955,100,100131,100,99919,100,100181,100,99915,100,,,99913,100,,,99891,100,,,99791,100,,,,,,,,,,,,
2019-06-28 09:30:00.000000031,100038,100,99994,100,100111,100,99989,100,100112,100,99955,100,100131,100,99919,100,100181,100,99917,100,,,99915,100,,,99913,100,,,99891,100,,,99791,100,,,,
2019-06-28 09:30:00.000000032,100038,100,99994,100,100051,100,99989,100,100111,100,99955,100,100112,100,99919,100,100131,100,99917,100,100181,100,99915,100,,,99913,100,,,99891,100,,,99791,100,,,,
2019-06-28 09:30:00.000000037,100038,100,99994,100,100051,100,99989,100,100111,100,99955,100,100112,100,99919,100,100131,100,99917,100,100181,100,99915,100,,,99913,100,,,99903,100,,,99891,100,,,99791,100
2019-06-28 09:30:00.000000038,100038,100,99994,100,100051,100,99989,100,100111,100,99977,100,100112,100,99955,100,100131,100,99919,100,100181,100,99917,100,,,99915,100,,,99913,100,,,99903,100,,,99891,100
2019-06-28 09:30:00.000000039,100038,100,99994,100,100051,100,99989,100,100056,100,99977,100,100111,100,99955,100,100112,100,99923,100,100131,100,99919,100,100181,100,99917,100,,,99915,100,,,99913,100,,,99903,100
2019-06-28 09:30:00.000000040,100038,100,99994,100,100051,100,99989,100,100056,100,99977,100,100111,100,99955,100,100112,100,99923,100,100118,100,99919,100,100131,100,99917,100,100181,100,99915,100,,,99913,100,,,99903,100
2019-06-28 09:30:00.000000041,100038,100,99994,100,100051,100,99989,100,100056,100,99977,100,100111,100,99955,100,100112,100,99933,100,100118,100,99923,100,100131,100,99919,100,100181,100,99917,100,,,99915,100,,,99913,100
2019-06-28 09:30:00.000000048,100038,200,99994,100,100051,100,99989,100,100056,100,99977,100,100111,100,99955,100,100112,100,99933,100,100118,100,99923,100,100131,100,99919,100,100181,100,99917,100,,,99915,100,,,99914,100
2019-06-28 09:30:00.000000049,99997,100,99989,100,100038,200,99977,100,100051,100,99955,100,100056,100,99933,100,100111,100,99923,100,100112,100,99919,100,100118,100,99917,100,100131,100,99915,100,100181,100,99914,100,,,99913,100
2019-06-28 09:30:00.000000050,99997,100,99977,100,100038,200,99955,100,100051,100,99933,100,100056,100,99923,100,100111,100,99919,100,100112,100,99917,100,100118,100,99915,100,100131,100,99914,100,100181,100,99913,100,,,99903,100
2019-06-28 09:30:00.000000051,99997,100,99989,100,100038,200,99977,100,100051,100,99955,100,100056,100,99939,100,100111,100,99933,100,100112,100,99923,100,100118,100,99919,100,100131,100,99917,100,100181,100,99915,100,,,99914,100
2019-06-28 09:30:00.000000056,99997,100,99989,100,100038,200,99977,100,100051,100,99955,100,100056,100,99939,100,100089,100,99933,100,100111,100,99923,100,100112,100,99919,100,100118,100,99917,100,100131,100,99915,100,100181,100,99914,100
2019-06-28 09:30:00.000000057,100038,200,99989,100,100051,100,99977,100,100056,100,99955,100,100089,100,99939,100,100111,100,99933,100,100112,100,99923,100,100118,100,99919,100,100131,100,99917,100,100181,100,99915,100,,,99914,100
2019-06-28 09:30:00.000000058,99997,100,99989,100,100038,200,99977,100,100041,100,99955,100,100051,100,99939,100,100056,100,99937,100,100089,100,99933,100,100111,100,99923,100,100112,100,99919,100,100118,100,99917,100,100131,100,99915,100
2019-06-28 09:30:00.000000063,99997,100,99989,100,100038,200,99982,100,100041,100,99977,100,100051,100,99955,100,100056,100,99939,100,100089,100,99937,100,100111,100,99933,100,100112,100,99923,100,100118,100,99919,100,100131,100,99917,100
2019-06-28 09:30:00.000000067,99997,100,99989,100,100004,100,99982,100,100038,200,99977,100,100041,100,99955,100,100051,100,99939,100,100056,100,99937,100,100089,100,99933,100,100111,100,99923,100,100112,100,99919,100,100118,100,99917,100
2019-06-28 09:30:00.000000069,99997,100,99989,100,99999,100,99982,100,100004,100,99977,100,100038,200,99955,100,100041,100,99939,100,100051,100,99937,100,100056,100,99933,100,100089,100,99923,100,100111,100,99919,100,100112,100,99917,100
2019-06-28 09:30:00.000000070,99997,100,99990,100,99999,100,99989,100,100004,100,99982,100,100038,200,99977,100,100041,100,99955,100,100051,100,99939,100,100056,100,99937,100,100089,100,99933,100,100111,100,99923,100,100112,100,99919,100
2019-06-28 09:30:00.000000071,99997,100,99990,100,99999,100,99989,100,100004,100,99982,100,100038,200,99977,100,100041,100,99955,100,100051,100,99939,100,100056,100,99937,100,100089,100,99933,100,100111,100,99923,100,100112,100,99919,100
2019-06-28 09:30:00.000000072,99997,200,99990,100,99999,100,99989,100,100004,100,99982,100,100038,200,99977,100,100041,100,99955,100,100051,100,99939,100,100056,100,99937,100,100089,100,99933,100,100111,100,99923,100,100112,100,99919,100
2019-06-28 09:30:00.000000073,99997,200,99990,100,99999,100,99989,100,100004,100,99982,100,100038,200,99977,100,100041,100,99955,100,100051,100,99939,100,100056,100,99937,100,100089,100,99933,100,100111,100,99923,100,100112,100,99919,100
2019-06-28 09:30:00.000000075,99997,200,99990,100,99999,100,99989,100,100004,100,99982,100,100038,200,99977,100,100041,100,99955,100,100051,100,99939,100,100056,100,99937,100,100089,100,99933,100,100111,100,99928,100,100112,100,99923,100
2019-06-28 09:30:00.000000076,99997,200,99990,100,99999,100,99989,100,100004,100,99982,100,100038,200,99977,100,100041,100,99955,100,100051,100,99939,100,100054,100,99937,100,100056,100,99933,100,100089,100,99928,100,100111,100,99923,100
2019-06-28 09:30:00.000000077,99997,200,99989,100,99999,100,99982,100,100004,100,99977,100,100038,200,99955,100,100041,100,99939,100,100051,100,99937,100,100054,100,99933,100,100056,100,99928,100,100089,100,99923,100,100111,100,99919,100
2019-06-28 09:30:00.000000079,99997,200,99990,100,99999,100,99989,100,100004,100,99982,100,100038,200,99977,100,100041,100,99955,100,100051,100,99939,100,100054,100,99937,100,100055,100,99933,100,100056,100,99928,100,100089,100,99923,100
2019-06-28 09:30:00.000000080,99996,100,99990,100,99997,200,99989,100,99999,100,99982,100,100004,100,99977,100,100038,200,99955,100,100041,100,99939,100,100051,100,99937,100,100054,100,99933,100,100055,100,99928,100,100056,100,99923,100
2019-06-28 09:30:00.000000083,99996,100,99990,100,99997,200,99989,100,99999,100,99982,100,100004,100,99977,100,100038,200,99955,100,100041,100,99939,100,100051,100,99937,100,100054,100,99933,100,100055,100,99928,100,100056,100,99923,100
2019-06-28 09:30:00.000000087,99996,100,99990,100,99997,200,99989,100,99999,100,99982,100,100004,100,99977,100,100032,100,99955,100,100038,200,99939,100,100041,100,99937,100,100051,100,99933,100,100054,100,99928,100,100055,100,99923,100
2019-06-28 09:30:00.000000088,99997,200,99990,100,99999,100,99989,100,100004,100,99982,100,100032,100,99977,100,100038,200,99955,100,100041,100,99939,100,100051,100,99937,100,100054,100,99933,100,100055,100,99928,100,100056,100,99923,100
2019-06-28 09:30:00.000000093,99997,200,99990,100,99999,100,99989,100,100004,100,99982,100,100032,100,99977,100,100038,200,99955,100,100041,100,99939,100,100051,100,99937,100,100054,100,99933,100,100055,100,99928,100,100056,100,99923,100
2019-06-28 09:30:00.000000095,99997,200,99991,100,99999,100,99990,100,100004,100,99989,100,100032,100,99982,100,100038,200,99977,100,100041,100,99955,100,100051,100,99939,100,100054,100,99937,100,100055,100,99933,100,100056,100,99928,100
2019-06-28 09:30:00.000000097,99997,200,99991,100,99999,100,99990,100,100004,100,99989,100,100032,100,99982,100,100038,200,99977,100,100041,100,99955,100,100051,100,99939,100,100054,100,99937,100,100055,100,99933,100,100056,100,99928,100
2019-06-28 09:30:00.246539481,99997,200,99991,100,99999,100,99990,100,100004,100,99989,100,100032,100,99982,100,100033,100,99977,100,100038,200,99955,100,100041,100,99939,100,100051,100,99937,100,100054,100,99933,100,100055,100,99928,100
2019-06-28 09:30:05.596724637,99997,200,99991,100,99999,100,99990,100,100004,100,99989,100,100032,100,99982,100,100033,100,99977,100,100038,200,99955,100,100041,100,99939,100,100051,100,99937,100,100054,100,99933,100,100055,100,99928,100
2019-06-28 09:30:10.000000000,99997,476,99991,376,99999,100,99990,100,100004,100,99989,100,100032,100,99982,100,100033,100,99977,100,100038,200,99955,100,100041,100,99939,100,100051,100,99937,100,100054,100,99933,100,100055,100,99928,100
2019-06-28 09:30:20.000000000,99997,269,99991,169,99999,169,99990,169,100004,169,99989,169,100032,169,99982,169,100033,100,99977,100,100038,200,99955,100,100041,100,99939,100,100051,100,99937,100,100054,100,99933,100,100055,100,99928,100
2019-06-28 09:30:30.000000000,99997,294,99991,194,99999,191,99990,191,100004,191,99989,191,100032,100,99982,100,100033,100,99977,100,100038,200,99955,100,100041,100,99939,100,100051,100,99937,100,100054,100,99933,100,100055,100,99928,100
2019-06-28 09:30:36.557351688,99997,194,99991,194,99999,191,99990,191,100004,191,99989,191,100032,100,99982,100,100033,100,99977,100,100038,200,99955,100,100041,100,99939,100,100051,100,99937,100,100054,100,99933,100,100055,100,99928,100
2019-06-28 09:30:38.422177633,99997,194,99991,194,99999,191,99990,191,100004,191,99989,191,100032,100,99982,100,100033,100,99977,100,100038,200,99955,100,100051,100,99939,100,100054,100,99937,100,100055,100,99933,100,100056,100,99928,100
2019-06-28 09:30:40.000000000,99997,194,99991,194,99999,191,99990,191,100004,191,99989,191,100032,100,99982,100,100033,100,99977,100,100038,200,99955,100,100051,100,99939,100,100054,100,99937,100,100055,100,99933,100,100056,100,99928,100
2019-06-28 09:30:40.820081311,99997,94,99991,194,99999,191,99990,191,100004,191,99989,191,100032,100,99982,100,100033,100,99977,100,100038,200,99955,100,100051,100,99939,100,100054,100,99937,100,100055,100,99933,100,100056,100,99928,100
2019-06-28 09:30:46.656517067,99999,191,99997,6,100004,191,99991,194,100032,100,99990,191,100033,100,99989,191,100038,200,99982,100,100051,100,99977,100,100054,100,99955,100,100055,100,99939,100,100056,100,99937,100,100089,100,99933,100
2019-06-28 09:30:50.000000000,99999,238,99997,144,100004,238,99991,238,100032,100,99990,100,100033,100,99989,100,100038,200,99982,100,100051,100,99977,100,100054,100,99955,100,100055,100,99939,100,100056,100,99937,100,100089,100,99933,100
2019-06-28 09:31:00.000000000,99999,238,99997,144,100004,238,99991,238,100032,100,99990,100,100033,100,99989,100,100038,200,99982,100,100051,100,99977,100,100054,100,99955,100,100055,100,99939,100,100056,100,99937,100,100089,100,99933,100
2019-06-28 09:31:01.777808454,99999,238,99997,244,100004,238,99991,238,100032,100,99990,100,100033,100,99989,100,100038,100,99982,100,100051,100,99977,100,100054,100,99955,100,100055,100,99939,100,100056,100,99937,100,100089,100,99933,100
2019-06-28 09:31:10.000000000,99999,376,99997,382,100004,100,99991,100,100032,100,99990,100,100033,100,99989,100,100038,100,99982,100,100051,100,99977,100,100054,100,99955,100,100055,100,99939,100,100056,100,99937,100,100089,100,99933,100
2019-06-28 09:31:20.000000000,99999,194,99997,200,100004,191,99991,191,100032,191,99990,191,100033,100,99989,100,100038,100,99982,100,100051,100,99977,100,100054,100,99955,100,100055,100,99939,100,100056,100,99937,100,100089,100,99933,100
2019-06-28 09:31:30.000000000,99999,194,99997,200,100004,191,99991,191,100032,191,99990,191,100033,100,99989,100,100038,100,99982,100,100051,100,99977,100,100054,100,99955,100,100055,100,99939,100,100056,100,99937,100,100089,100,99933,100
2019-06-28 09:31:32.279388084,99999,194,99997,200,100004,191,99991,191,100032,191,99990,191,100033,100,99989,100,100038,100,99982,100,100051,100,99977,100,100054,100,99955,100,100055,100,99937,100,100056,100,99933,100,100089,100,99928,100
2019-06-28 09:31:40.000000000,99999,238,99997,244,100004,238,99991,238,100032,100,99990,100,100033,100,99989,100,100038,100,99982,100,100051,100,99977,100,100054,100,99955,100,100055,100,99937,100,100056,100,99933,100,100089,100,99928,100
2019-06-28 09:31:42.869193296,99999,238,99997,344,100004,238,99991,238,100032,100,99990,100,100033,100,99989,100,100038,100,99982,100,100051,100,99977,100,100054,100,99955,100,100055,100,99937,100,100056,100,99933,100,100089,100,99928,100
2019-06-28 09:31:50.000000000,99999,169,99997,275,100004,169,99991,169,100032,169,99990,169,100033,169,99989,169,100038,100,99982,100,100051,100,99977,100,100054,100,99955,100,100055,100,99937,100,100056,100,99933,100,100089,100,99928,100
2019-06-28 09:32:00.000000000,99999,376,99997,482,100004,100,99991,100,100032,100,99990,100,100033,100,99989,100,100038,100,99982,100,100051,100,99977,100,100054,100,99955,100,100055,100,99937,100,100056,100,99933,100,100089,100,99928,100
2019-06-28 09:32:10.000000000,99999,238,99997,344,100004,238,99991,238,100032,100,99990,100,100033,100,99989,100,100038,100,99982,100,100051,100,99977,100,100054,100,99955,100,100055,100,99937,100,100056,100,99933,100,100089,100,99928,100
2019-06-28 09:32:15.297497031,99999,238,99997,344,100004,238,99991,238,100032,100,99990,100,100033,100,99989,100,100038,100,99982,100,100051,100,99977,100,100054,100,99955,100,100055,100,99937,100,100056,100,99933,100,100089,100,99928,100
2019-06-28 09:32:15.505283622,99999,138,99997,344,100004,238,99991,238,100032,100,99990,100,100033,100,99989,100,100038,100,99982,100,100051,100,99977,100,100054,100,99955,100,100055,100,99937,100,100056,100,99933,100,100089,100,99928,100
2019-06-28 09:32:20.000000000,100004,194,99997,300,100032,191,99991,191,100033,191,99990,191,100038,100,99989,100,100051,100,99982,100,100054,100,99977,100,100055,100,99955,100,100056,100,99937,100,100089,100,99933,100,100111,100,99928,100
2019-06-28 09:32:30.000000000,100004,238,99997,344,100032,238,99991,238,100033,100,99990,100,100038,100,99989,100,100051,100,99982,100,100054,100,99977,100,100055,100,99955,100,100056,100,99937,100,100089,100,99933,100,100111,100,99928,100
2019-06-28 09:32:40.000000000,100004,155,99997,261,100032,155,99991,155,100033,155,99990,155,100038,155,99989,155,100051,155,99982,155,100054,100,99977,100,100055,100,99955,100,100056,100,99937,100,100089,100,99933,100,100111,100,99928,100
2019-06-28 09:32:40.705694410,100004,155,99997,261,100032,155,99991,155,100033,155,99990,155,100038,155,99989,155,100051,155,99982,155,100054,100,99977,100,100055,100,99955,100,100056,100,99933,100,100089,100,99928,100,100111,100,99923,100
2019-06-28 09:32:46.631503656,100004,155,99997,261,100032,55,99991,155,100033,155,99990,155,100038,155,99989,155,100051,155,99982,155,100054,100,99977,100,100055,100,99955,100,100056,100,99933,100,100089,100,99928,100,100111,100,99923,100
2019-06-28 09:32:50.000000000,100004,155,99997,261,100033,155,99991,155,100038,155,99990,155,100051,155,99989,155,100054,155,99982,155,100055,100,99977,100,100056,100,99955,100,100089,100,99933,100,100111,100,99928,100,100118,100,99923,100
2019-06-28 09:32:55.797967314,100004,155,99998,100,100033,155,99997,261,100038,155,99991,155,100051,155,99990,155,100054,155,99989,155,100055,100,99982,155,100056,100,99977,100,100089,100,99955,100,100111,100,99933,100,100118,100,99928,100
2019-06-28 09:33:00.000000000,100004,238,99998,238,100033,238,99997,344,100038,100,99991,100,100051,100,99990,100,100054,100,99989,100,100055,100,99982,100,100056,100,99977,100,100089,100,99955,100,100111,100,99933,100,100118,100,99928,100
2019-06-28 09:33:00.437210343,100004,238,99998,238,100033,238,99997,344,100038,100,99991,100,100051,100,99990,100,100054,100,99989,100,100055,100,99982,100,100056,100,99977,100,100089,100,99955,100,100111,100,99933,100,100118,100,99923,100
2019-06-28 09:33:03.461831548,100004,238,99998,238,100033,238,99997,344,100038,100,99991,100,100051,100,99990,100,100054,100,99989,100,100055,100,99982,100,100056,100,99977,100,100089,100,99955,100,100111,100,99933,100,100118,100,99923,100
2019-06-28 09:33:10.000000000,100004,238,99998,238,100033,238,99997,344,100038,100,99991,100,100051,100,99990,100,100054,100,99989,100,100055,100,99982,100,100056,100,99977,100,100089,100,99955,100,100111,100,99933,100,100118,100,99923,100
2019-06-28 09:33:20.000000000,100004,238,99998,238,100033,238,99997,344,100038,100,99991,100,100051,100,99990,100,100054,100,99989,100,100055,100,99982,100,100056,100,99977,100,100089,100,99955,100,100111,100,99933,100,100118,100,99923,100
2019-06-28 09:33:30.000000000,100004,194,99998,194,100033,191,99997,297,100038,191,99991,191,100051,100,99990,100,100054,100,99989,100,100055,100,99982,100,100056,100,99977,100,100089,100,99955,100,100111,100,99933,100,100118,100,99923,100
2019-06-28 09:33:40.000000000,100004,169,99998,169,100033,169,99997,275,100038,169,99991,169,100051,169,99990,169,100054,100,99989,100,100055,100,99982,100,100056,100,99977,100,100089,100,99955,100,100111,100,99933,100,100118,100,99923,100
2019-06-28 09:33:40.031940183,100004,169,99998,269,100033,169,99997,275,100038,169,99991,169,100051,169,99990,169,100054,100,99989,100,100055,100,99982,100,100056,100,99977,100,100089,100,99955,100,100111,100,99933,100,100118,100,99923,100
2019-06-28 09:33:49.218047332,100004,69,99998,269,100033,169,99997,275,100038,169,99991,169,100051,169,99990,169,100054,100,99989,100,100055,100,99982,100,100056,100,99977,100,100089,100,99955,100,100111,100,99933,100,100118,100,99919,100
2019-06-28 09:33:50.000000000,100033,194,99998,294,100038,191,99997,297,100051,191,99991,191,100054,100,99990,100,100055,100,99989,100,100056,100,99982,100,100089,100,99977,100,100111,100,99955,100,100118,100,99933,100,100131,100,99919,100
2019-06-28 09:34:00.000000000,100033,376,99998,476,100038,100,99997,206,100051,100,99991,100,100054,100,99990,100,100055,100,99989,100,100056,100,99982,100,100089,100,99977,100,100111,100,99955,100,100118,100,99933,100,100131,100,99919,100
2019-06-28 09:34:10.000000000,100033,194,99998,294,100038,191,99997,297,100051,191,99991,191,100054,100,99990,100,100055,100,99989,100,100056,100,99982,100,100089,100,99977,100,100111,100,99955,100,100118,100,99933,100,100131,100,99919,100
2019-06-28 09:34:19.464982628,100033,194,99999,100,100038,191,99998,294,100051,191,99997,297,100054,100,99991,191,100055,100,99990,100,100056,100,99989,100,100089,100,99982,100,100111,100,99977,100,100118,100,99955,100,100131,100,99933,100
2019-06-28 09:34:20.000000000,100033,238,99999,238,100038,238,99998,338,100051,100,99997,206,100054,100,99991,100,100055,100,99990,100,100056,100,99989,100,100089,100,99982,100,100111,100,99977,100,100118,100,99955,100,100131,100,99933,100
2019-06-28 09:34:25.580196529,100033,138,99999,238,100038,238,99998,338,100051,100,99997,206,100054,100,99991,100,100055,100,99990,100,100056,100,99989,100,100089,100,99982,100,100111,100,99977,100,100118,100,99955,100,100132,100,99933,100
2019-06-28 09:34:30.000000000,100038,238,99999,238,100051,238,99998,338,100054,100,99997,206,100055,100,99991,100,100056,100,99990,100,100089,100,99989,100,100111,100,99982,100,100118,100,99977,100,100132,100,99955,100,100145,100,99933,100
2019-06-28 09:34:33.674830383,100038,238,99999,238,100051,238,99998,338,100054,100,99997,206,100055,100,99991,100,100056,100,99990,100,100089,100,99989,100,100111,100,99982,100,100118,100,99977,100,100132,100,99955,100,100145,100,99933,100
2019-06-28 09:34:37.600999344,100038,238,99999,238,100051,238,99998,338,100054,100,99997,206,100055,100,99991,100,100056,100,99990,100,100089,100,99989,100,100111,100,99982,100,100118,100,99977,100,100132,100,99955,100,100145,100,99933,100
2019-06-28 09:34:37.772392636,100038,138,99999,238,100051,238,99998,338,100054,100,99997,206,100055,100,99991,100,100056,100,99990,100,100089,100,99989,100,100111,100,99982,100,100118,100,99977,100,100132,100,99955,100,100145,100,99933,100
2019-06-28 09:34:40.000000000,100051,238,99999,238,100054,238,99998,338,100055,100,99997,206,100056,100,99991,100,100089,100,99990,100,100111,100,99989,100,100118,100,99982,100,100132,100,99977,100,100145,100,99955,100,100150,100,99933,100
2019-06-28 09:34:50.000000000,100051,155,99999,155,100054,155,99998,255,100055,155,99997,261,100056,155,99991,155,100089,155,99990,155,100111,100,99989,100,100118,100,99982,100,100132,100,99977,100,100145,100,99955,100,100150,100,99933,100
2019-06-28 09:34:57.263649473,100051,55,99999,155,100054,155,99998,255,100055,155,99997,261,100056,155,99991,155,100089,55,99990,155,100111,100,99989,100,100118,100,99982,100,100132,100,99977,100,100145,100,99955,100,100150,100,99933,100
2019-06-28 09:35:00.000000000,100054,194,99999,194,100055,191,99998,291,100056,191,99997,297,100111,100,99991,100,100118,100,99990,100,100132,100,99989,100,100145,100,99982,100,100150,100,99977,100,100181,100,99955,100,100699,100,99933,100
2019-06-28 09:35:04.124730705,100054,94,99999,194,100055,191,99998,291,100056,191,99997,297,100111,100,99991,100,100118,100,99990,100,100132,100,99989,100,100145,100,99982,100,100150,100,99977,100,100181,100,99955,100,100699,100,99933,100
2019-06-28 09:35:10.000000000,100055,238,99999,238,100056,238,99998,338,100111,100,99997,206,100118,100,99991,100,100132,100,99990,100,100145,100,99989,100,100150,100,99982,100,100181,100,99977,100,100699,100,99955,100,100747,100,99933,100
2019-06-28 09:35:12.756923861,100055,238,100051,100,100056,238,99999,238,100111,100,99998,338,100118,100,99997,206,100132,100,99991,100,100145,100,99990,100,100150,100,99989,100,100181,100,99982,100,100699,100,99977,100,100747,100,99955,100
2019-06-28 09:35:18.191155244,100055,138,100051,100,100056,238,99999,238,100111,100,99998,338,100118,100,99997,206,100132,100,99991,100,100145,100,99990,100,100150,100,99989,100,100181,100,99982,100,100699,100,99977,100,100747,100,99955,100
2019-06-28 09:35:18.734716125,100055,138,100051,100,100056,238,99999,238,100111,100,99998,238,100118,100,99997,206,100132,100,99991,100,100145,100,99990,100,100150,100,99989,100,100181,100,99982,100,100699,100,99977,100,100747,100,99955,100
2019-06-28 09:35:20.000000000,100056,238,100051,238,100111,238,99999,238,100118,100,99998,100,100132,100,99997,206,100145,100,99991,100,100150,100,99990,100,100181,100,99989,100,100699,100,99982,100,100747,100,99977,100,100770,100,99955,100
2019-06-28 09:35:30.000000000,100056,169,100051,169,100111,169,99999,169,100118,169,99998,169,100132,169,99997,275,100145,100,99991,100,100150,100,99990,100,100181,100,99989,100,100699,100,99982,100,100747,100,99977,100,100770,100,99955,100
2019-06-28 09:35:40.000000000,100056,169,100051,169,100111,169,99999,169,100118,169,99998,169,100132,169,99997,275,100145,100,99991,100,100150,100,99990,100,100181,100,99989,100,100699,100,99982,100,100747,100,99977,100,100770,100,99955,100
2019-06-28 09:35:41.918852908,100056,169,100051,169,100111,169,99999,169,100118,169,99998,169,100132,169,99997,275,100150,100,99991,100,100181,100,99990,100,100699,100,99989,100,100724,100,99982,100,100747,100,99977,100,100770,100,99955,100
2019-06-28 09:35:50.000000000,100056,155,100051,155,100111,155,99999,155,100118,155,99998,155,100132,155,99997,261,100150,155,99991,155,100181,100,99990,100,100699,100,99989,100,100724,100,99982,100,100747,100,99977,100,100770,100,99955,100
2019-06-28 09:36:00.000000000,100056,238,100051,238,100111,238,99999,238,100118,100,99998,100,100132,100,99997,206,100150,100,99991,100,100181,100,99990,100,100699,100,99989,100,100724,100,99982,100,100747,100,99977,100,100770,100,99955,100
2019-06-28 09:36:08.963422717,100056,238,100051,238,100111,238,99999,238,100118,100,99998,100,100132,100,99997,206,100150,100,99991,100,100181,100,99990,100,100699,100,99989,100,100724,100,99977,100,100747,100,99955,100,100770,100,99933,100
2019-06-28 09:36:09.827499724,100056,238,100051,138,100111,238,99999,238,100118,100,99998,100,100132,100,99997,206,100150,100,99991,100,100181,100,99990,100,100699,100,99989,100,100724,100,99977,100,100747,100,99955,100,100770,100,99933,100
2019-06-28 09:36:10.000000000,100056,238,99999,238,100111,238,99998,238,100118,100,99997,206,100132,100,99991,100,100150,100,99990,100,100181,100,99989,100,100699,100,99977,100,100724,100,99955,100,100747,100,99933,100,100770,100,99919,100
2019-06-28 09:36:14.868008377,100056,138,99999,238,100111,238,99998,238,100118,100,99997,206,100132,100,99991,100,100150,100,99990,100,100181,100,99989,100,100699,100,99977,100,100724,100,99955,100,100747,100,99933,100,100770,100,99919,100
2019-06-28 09:36:20.000000000,100111,155,99999,155,100118,155,99998,155,100132,155,99997,261,100150,155,99991,155,100181,155,99990,155,100699,100,99989,100,100724,100,99977,100,100747,100,99955,100,100770,100,99933,100,100861,100,99919,100
2019-06-28 09:36:20.496779655,100111,155,100055,100,100118,155,99999,155,100132,155,99998,155,100150,155,99997,261,100181,155,99991,155,100699,100,99990,155,100724,100,99989,100,100747,100,99977,100,100770,100,99955,100,100861,100,99933,100
2019-06-28 09:36:30.000000000,100111,155,100055,155,100118,155,99999,155,100132,155,99998,155,100150,155,99997,261,100181,155,99991,155,100699,100,99990,100,100724,100,99989,100,100747,100,99977,100,100770,100,99955,100,100861,100,99933,100
2019-06-28 09:36:40.000000000,100111,238,100055,238,100118,238,99999,238,100132,100,99998,100,100150,100,99997,206,100181,100,99991,100,100699,100,99990,100,100724,100,99989,100,100747,100,99977,100,100770,100,99955,100,100861,100,99933,100
2019-06-28 09:36:45.224537208,100111,238,100055,238,100118,238,99999,238,100132,100,99998,100,100181,100,99997,206,100699,100,99991,100,100724,100,99990,100,100725,100,99989,100,100747,100,99977,100,100770,100,99955,100,100861,100,99933,100
2019-06-28 09:36:50.000000000,100111,238,100055,238,100118,238,99999,238,100132,100,99998,100,100181,100,99997,206,100699,100,99991,100,100724,100,99990,100,100725,100,99989,100,100747,100,99977,100,100770,100,99955,100,100861,100,99933,100
2019-06-28 09:36:51.301886345,100111,238,100055,238,100118,238,99999,238,100132,100,99998,100,100181,100,99997,206,100577,100,99991,100,100699,100,99990,100,100724,100,99989,100,100725,100,99977,100,100747,100,99955,100,100770,100,99933,100
2019-06-28 09:37:00.000000000,100111,155,100055,155,100118,155,99999,155,100132,155,99998,155,100181,155,99997,261,100577,155,99991,155,100699,100,99990,100,100724,100,99989,100,100725,100,99977,100,100747,100,99955,100,100770,100,99933,100
2019-06-28 09:37:07.279311338,100111,155,100055,155,100118,155,99999,155,100132,155,99998,155,100181,155,99997,261,100349,100,99991,155,100577,155,99990,100,100699,100,99989,100,100724,100,99977,100,100725,100,99955,100,100747,100,99933,100
2019-06-28 09:37:10.000000000,100111,376,100055,376,100118,100,99999,100,100132,100,99998,100,100181,100,99997,206,100349,100,99991,100,100577,100,99990,100,100699,100,99989,100,100724,100,99977,100,100725,100,99955,100,100747,100,99933,100
2019-06-28 09:37:20.000000000,100111,194,100055,194,100118,191,99999,191,100132,191,99998,191,100181,100,99997,206,100349,100,99991,100,100577,100,99990,100,100699,100,99989,100,100724,100,99977,100,100725,100,99955,100,100747,100,99933,100
2019-06-28 09:37:30.000000000,100111,376,100055,376,100118,100,99999,100,100132,100,99998,100,100181,100,99997,206,100349,100,99991,100,100577,100,99990,100,100699,100,99989,100,100724,100,99977,100,100725,100,99955,100,100747,100,99933,100
2019-06-28 09:37:40.000000000,100111,155,100055,155,100118,155,99999,155,100132,155,99998,155,100181,155,99997,261,100349,155,99991,155,100577,100,99990,100,100699,100,99989,100,100724,100,99977,100,100725,100,99955,100,100747,100,99933,100
2019-06-28 09:37:50.000000000,100111,169,100055,169,100118,169,99999,169,100132,169,99998,169,100181,169,99997,275,100349,100,99991,100,100577,100,99990,100,100699,100,99989,100,100724,100,99977,100,100725,100,99955,100,100747,100,99933,100
2019-06-28 09:38:00.000000000,100111,155,100055,155,100118,155,99999,155,100132,155,99998,155,100181,155,99997,261,100349,155,99991,155,100577,100,99990,100,100699,100,99989,100,100724,100,99977,100,100725,100,99955,100,100747,100,99933,100
2019-06-28 09:38:01.635867034,100111,155,100055,255,100118,155,99999,155,100132,155,99998,155,100181,155,99997,261,100349,155,99991,155,100577,100,99990,100,100699,100,99977,100,100724,100,99955,100,100725,100,99933,100,100747,100,99915,100
2019-06-28 09:38:10.000000000,100111,194,100055,294,100118,191,99999,191,100132,191,99998,191,100181,100,99997,206,100349,100,99991,100,100577,100,99990,100,100699,100,99977,100,100724,100,99955,100,100725,100,99933,100,100747,100,99915,100
2019-06-28 09:38:20.000000000,100111,155,100055,255,100118,155,99999,155,100132,155,99998,155,100181,155,99997,261,100349,155,99991,155,100577,100,99990,100,100699,100,99977,100,100724,100,99955,100,100725,100,99933,100,100747,100,99915,100
2019-06-28 09:38:30.000000000,100111,194,100055,294,100118,191,99999,191,100132,191,99998,191,100181,100,99997,206,100349,100,99991,100,100577,100,99990,100,100699,100,99977,100,100724,100,99955,100,100725,100,99933,100,100747,100,99915,100
2019-06-28 09:38:40.000000000,100111,194,100055,294,100118,191,99999,191,100132,191,99998,191,100181,100,99997,206,100349,100,99991,100,100577,100,99990,100,100699,100,99977,100,100724,100,99955,100,100725,100,99933,100,100747,100,99915,100
2019-06-28 09:38:50.000000000,100111,376,100055,476,100118,100,99999,100,100132,100,99998,100,100181,100,99997,206,100349,100,99991,100,100577,100,99990,100,100699,100,99977,100,100724,100,99955,100,100725,100,99933,100,100747,100,99915,100
2019-06-28 09:39:00.000000000,100111,194,100055,294,100118,191,99999,191,100132,191,99998,191,100181,100,99997,206,100349,100,99991,100,100577,100,99990,100,100699,100,99977,100,100724,100,99955,100,100725,100,99933,100,100747,100,99915,100
2019-06-28 09:39:10.000000000,100111,376,100055,476,100118,100,99999,100,100132,100,99998,100,100181,100,99997,206,100349,100,99991,100,100577,100,99990,100,100699,100,99977,100,100724,100,99955,100,100725,100,99933,100,100747,100,99915,100
2019-06-28 09:39:20.000000000,100111,194,100055,294,100118,191,99999,191,100132,191,99998,191,100181,100,99997,206,100349,100,99991,100,100577,100,99990,100,100699,100,99977,100,100724,100,99955,100,100725,100,99933,100,100747,100,99915,100
2019-06-28 09:39:30.000000000,100111,194,100055,294,100118,191,99999,191,100132,191,99998,191,100181,100,99997,206,100349,100,99991,100,100577,100,99990,100,100699,100,99977,100,100724,100,99955,100,100725,100,99933,100,100747,100,99915,100
2019-06-28 09:39:36.295094257,100111,194,100055,294,100118,191,99999,191,100132,191,99998,191,100181,100,99997,206,100349,100,99991,100,100577,100,99990,100,100699,100,99977,100,100724,100,99955,100,100725,100,99944,100,100747,100,99933,100
2019-06-28 09:39:40.000000000,100111,238,100055,338,100118,238,99999,238,100132,100,99998,100,100181,100,99997,206,100349,100,99991,100,100577,100,99990,100,100699,100,99977,100,100724,100,99955,100,100725,100,99944,100,100747,100,99933,100
2019-06-28 09:39:41.469765632,100111,238,100055,338,100118,238,99999,238,100132,100,99998,100,100181,100,99997,206,100349,100,99991,100,100577,100,99990,100,100699,100,99977,100,100724,100,99955,100,100725,100,99944,100,100747,100,99933,100
2019-06-28 09:39:50.000000000,100111,194,100055,294,100118,191,99999,191,100132,191,99998,191,100181,100,99997,206,100349,100,99991,100,100577,100,99990,100,100699,100,99977,100,100724,100,99955,100,100725,100,99944,100,100747,100,99933,100
2019-06-28 09:40:00.000000000,100111,155,100055,255,100118,155,99999,155,100132,155,99998,155,100181,155,99997,261,100349,155,99991,155,100577,100,99990,100,100699,100,99977,100,100724,100,99955,100,100725,100,99944,100,100747,100,99933,100
2019-06-28 09:40:10.000000000,100111,155,100055,255,100118,155,99999,155,100132,155,99998,155,100181,155,99997,261,100349,155,99991,155,100577,100,99990,100,100699,100,99977,100,100724,100,99955,100,100725,100,99944,100,100747,100,99933,100
2019-06-28 09:40:10.712175698,100111,155,100055,255,100118,155,100041,100,100132,155,99999,155,100181,155,99998,155,100349,155,99997,261,100577,100,99991,155,100699,100,99990,100,100724,100,99977,100,100725,100,99955,100,100747,100,99944,100
2019-06-28 09:40:20.000000000,100111,155,100055,255,100118,155,100041,155,100132,155,99999,155,100181,155,99998,155,100349,155,99997,261,100577,100,99991,100,100699,100,99990,100,100724,100,99977,100,100725,100,99955,100,100747,100,99944,100
2019-06-28 09:40:21.035878268,100111,155,100055,255,100118,155,100041,155,100132,155,99999,155,100181,155,99998,155,100349,155,99997,261,100577,100,99991,100,100699,100,99990,100,100724,100,99977,100,100725,100,99955,100,100747,100,99944,100
2019-06-28 09:40:30.000000000,100111,238,100055,338,100118,238,100041,238,100132,100,99999,100,100181,100,99998,100,100349,100,99997,206,100577,100,99991,100,100699,100,99990,100,100724,100,99977,100,100725,100,99955,100,100747,100,99944,100
2019-06-28 09:40:40.000000000,100111,238,100055,338,100118,238,100041,238,100132,100,99999,100,100181,100,99998,100,100349,100,99997,206,100577,100,99991,100,100699,100,99990,100,100724,100,99977,100,100725,100,99955,100,100747,100,99944,100
2019-06-28 09:40:50.000000000,100111,194,100055,294,100118,191,100041,191,100132,191,99999,191,100181,100,99998,100,100349,100,99997,206,100577,100,99991,100,100699,100,99990,100,100724,100,99977,100,100725,100,99955,100,100747,100,99944,100
2019-06-28 09:40:50.020668310,100111,194,100055,194,100118,191,100041,191,100132,191,99999,191,100181,100,99998,100,100349,100,99997,206,100577,100,99991,100,100699,100,99990,100,100724,100,99977,100,100725,100,99955,100,100747,100,99944,100
2019-06-28 09:41:00.000000000,100111,238,100055,238,100118,238,100041,238,100132,100,99999,100,100181,100,99998,100,100349,100,99997,206,100577,100,99991,100,100699,100,99990,100,100724,100,99977,100,100725,100,99955,100,100747,100,99944,100
2019-06-28 09:41:01.519254885,100111,238,100055,238,100118,238,100041,238,100132,100,99999,100,100181,100,99998,100,100349,100,99997,206,100577,100,99991,100,100699,100,99990,100,100724,100,99977,100,100725,100,99955,100,100747,100,99944,100
2019-06-28 09:41:09.087540828,100111,238,100055,138,100118,238,100041,238,100132,100,99999,100,100181,100,99998,100,100349,100,99997,206,100577,100,99991,100,100699,100,99990,100,100724,100,99977,100,100725,100,99955,100,100747,100,99944,100
2019-06-28 09:41:10.000000000,100111,169,100041,169,100118,169,99999,169,100132,169,99998,169,100181,169,99997,275,100349,100,99991,100,100577,100,99990,100,100699,100,99977,100,100724,100,99955,100,100725,100,99944,100,100747,100,99933,100
2019-06-28 09:41:11.578651199,100111,169,100041,69,100118,169,99999,169,100132,169,99998,169,100181,169,99997,275,100349,100,99991,100,100577,100,99990,100,100699,100,99977,100,100724,100,99955,100,100725,100,99944,100,100747,100,99933,100
2019-06-28 09:41:13.936967209,100041,31,99999,169,100111,169,99998,169,100118,169,99997,275,100132,169,99991,100,100181,169,99990,100,100349,100,99977,100,100577,100,99955,100,100699,100,99944,100,100724,100,99933,100,100725,100,99915,100
2019-06-28 09:41:19.243403178,100041,31,99999,69,100111,169,99998,169,100118,169,99997,275,100132,169,99991,100,100181,169,99990,100,100349,100,99977,100,100577,100,99955,100,100699,100,99944,100,100724,100,99933,100,100725,100,99915,100
2019-06-28 09:41:20.000000000,100041,125,99998,194,100111,191,99997,297,100118,191,99991,191,100132,100,99990,100,100181,100,99977,100,100349,100,99955,100,100577,100,99944,100,100699,100,99933,100,100724,100,99915,100,100725,100,99914,100
2019-06-28 09:41:30.000000000,100041,169,99998,238,100111,238,99997,344,100118,100,99991,100,100132,100,99990,100,100181,100,99977,100,100349,100,99955,100,100577,100,99944,100,100699,100,99933,100,100724,100,99915,100,100725,100,99914,100
2019-06-28 09:41:40.000000000,100041,125,99998,194,100111,191,99997,297,100118,191,99991,191,100132,100,99990,100,100181,100,99977,100,100349,100,99955,100,100577,100,99944,100,100699,100,99933,100,100724,100,99915,100,100725,100,99914,100
2019-06-28 09:41:50.000000000,100041,100,99998,169,100111,169,99997,275,100118,169,99991,169,100132,169,99990,169,100181,100,99977,100,100349,100,99955,100,100577,100,99944,100,100699,100,99933,100,100724,100,99915,100,100725,100,99914,100
2019-06-28 09:42:00.000000000,100041,125,99998,194,100111,191,99997,297,100118,191,99991,191,100132,100,99990,100,100181,100,99977,100,100349,100,99955,100,100577,100,99944,100,100699,100,99933,100,100724,100,99915,100,100725,100,99914,100
2019-06-28 09:42:02.887984130,100041,125,99998,94,100111,191,99997,297,100118,191,99991,191,100132,100,99990,100,100181,100,99977,100,100349,100,99955,100,100699,100,99944,100,100724,100,99933,100,100725,100,99915,100,100747,100,99914,100
2019-06-28 09:42:10.000000000,100041,125,99997,300,100111,191,99991,191,100118,191,99990,191,100132,100,99977,100,100181,100,99955,100,100349,100,99944,100,100699,100,99933,100,100724,100,99915,100,100725,100,99914,100,100747,100,99903,100
2019-06-28 09:42:13.950643083,99999,100,99997,300,100041,125,99991,191,100111,191,99990,191,100118,191,99977,100,100132,100,99955,100,100181,100,99944,100,100349,100,99933,100,100699,100,99915,100,100724,100,99914,100,100725,100,99903,100
2019-06-28 09:42:20.000000000,99999,155,99997,261,100041,86,99991,155,100111,155,99990,155,100118,155,99977,155,100132,155,99955,155,100181,100,99944,100,100349,100,99933,100,100699,100,99915,100,100724,100,99914,100,100725,100,99903,100
2019-06-28 09:42:27.201205262,99999,155,99997,161,100041,86,99991,155,100111,155,99990,155,100118,155,99977,155,100132,155,99955,155,100181,100,99944,100,100349,100,99933,100,100699,100,99915,100,100724,100,99914,100,100725,100,99903,100
2019-06-28 09:42:30.000000000,99999,376,99997,382,100041,31,99991,100,100111,100,99990,100,100118,100,99977,100,100132,100,99955,100,100181,100,99944,100,100349,100,99933,100,100699,100,99915,100,100724,100,99914,100,100725,100,99903,100
2019-06-28 09:42:34.246708651,99999,376,99997,282,100041,31,99991,100,100111,100,99990,100,100118,100,99977,100,100132,100,99955,100,100181,100,99944,100,100349,100,99933,100,100699,100,99915,100,100724,100,99914,100,100725,100,99903,100
2019-06-28 09:42:40.000000000,99999,155,99997,61,100041,86,99991,155,100111,155,99990,155,100118,155,99977,155,100132,155,99955,155,100181,100,99944,100,100349,100,99933,100,100699,100,99915,100,100724,100,99914,100,100725,100,99903,100
2019-06-28 09:42:50.000000000,99999,194,99997,100,100041,122,99991,191,100111,191,99990,191,100118,100,99977,100,100132,100,99955,100,100181,100,99944,100,100349,100,99933,100,100699,100,99915,100,100724,100,99914,100,100725,100,99903,100
2019-06-28 09:43:00.000000000,99999,238,99997,144,100041,169,99991,238,100111,100,99990,100,100118,100,99977,100,100132,100,99955,100,100181,100,99944,100,100349,100,99933,100,100699,100,99915,100,100724,100,99914,100,100725,100,99903,100
2019-06-28 09:43:10.000000000,99999,194,99997,100,100041,122,99991,191,100111,191,99990,191,100118,100,99977,100,100132,100,99955,100,100181,100,99944,100,100349,100,99933,100,100699,100,99915,100,100724,100,99914,100,100725,100,99903,100
2019-06-28 09:43:20.000000000,99999,169,99997,75,100041,100,99991,169,100111,169,99990,169,100118,169,99977,169,100132,100,99955,100,100181,100,99944,100,100349,100,99933,100,100699,100,99915,100,100724,100,99914,100,100725,100,99903,100
2019-06-28 09:43:30.000000000,99999,376,99997,282,100041,31,99991,100,100111,100,99990,100,100118,100,99977,100,100132,100,99955,100,100181,100,99944,100,100349,100,99933,100,100699,100,99915,100,100724,100,99914,100,100725,100,99903,100
2019-06-28 09:43:32.150236521,99999,376,99997,182,100041,31,99991,100,100111,100,99990,100,100118,100,99977,100,100132,100,99955,100,100181,100,99944,100,100349,100,99933,100,100699,100,99915,100,100724,100,99914,100,100725,100,99903,100
2019-06-28 09:43:40.000000000,99999,155,99991,155,100041,86,99990,155,100111,155,99977,155,100118,155,99955,155,100132,155,99944,155,100181,100,99933,100,100349,100,99915,100,100699,100,99914,100,100724,100,99903,100,100725,100,99891,100
2019-06-28 09:43:50.000000000,99999,376,99991,376,100041,31,99990,100,100111,100,99977,100,100118,100,99955,100,100132,100,99944,100,100181,100,99933,100,100349,100,99915,100,100699,100,99914,100,100724,100,99903,100,100725,100,99891,100
2019-06-28 09:43:54.153963414,99999,376,99991,276,100041,31,99990,100,100111,100,99977,100,100118,100,99955,100,100132,100,99944,100,100181,100,99933,100,100349,100,99915,100,100699,100,99914,100,100724,100,99903,100,100725,100,99891,100
2019-06-28 09:44:00.000000000,99999,155,99990,155,100041,86,99977,155,100111,155,99955,155,100118,155,99944,155,100132,155,99933,155,100181,100,99915,100,100349,100,99914,100,100699,100,99903,100,100724,100,99891,100,100725,100,99882,100
2019-06-28 09:44:10.000000000,99999,155,99990,155,100041,86,99977,155,100111,155,99955,155,100118,155,99944,155,100132,155,99933,155,100181,100,99915,100,100349,100,99914,100,100699,100,99903,100,100724,100,99891,100,100725,100,99882,100
2019-06-28 09:44:11.720229446,99999,155,99990,55,100041,86,99977,155,100111,155,99955,155,100118,155,99944,155,100132,155,99933,155,100181,100,99915,100,100349,100,99914,100,100699,100,99903,100,100724,100,99891,100,100725,100,99882,100
2019-06-28 09:44:14.087904196,99990,45,99977,155,99999,155,99955,155,100041,86,99944,155,100111,155,99933,155,100118,155,99915,100,100132,155,99914,100,100181,100,99903,100,100349,100,99891,100,100699,100,99882,100,100724,100,99829,100
2019-06-28 09:44:15.385724350,99990,45,99977,155,99999,155,99955,155,100041,86,99944,155,100111,155,99933,155,100118,155,99915,100,100132,155,99914,100,100181,100,99903,100,100349,100,99891,100,100699,100,99882,100,100724,100,99829,100
2019-06-28 09:44:20.000000000,99990,183,99977,238,99999,238,99955,238,100041,31,99944,100,100111,100,99933,100,100118,100,99915,100,100132,100,99914,100,100181,100,99903,100,100349,100,99891,100,100699,100,99882,100,100724,100,99829,100
2019-06-28 09:44:30.000000000,99990,139,99977,194,99999,191,99955,191,100041,122,99944,191,100111,100,99933,100,100118,100,99915,100,100132,100,99914,100,100181,100,99903,100,100349,100,99891,100,100699,100,99882,100,100724,100,99829,100
2019-06-28 09:44:35.453440286,99990,239,99977,194,99999,191,99955,191,100041,122,99944,191,100111,100,99933,100,100118,100,99915,100,100132,100,99914,100,100181,100,99903,100,100349,100,99891,100,100699,100,99882,100,100724,100,99829,100
2019-06-28 09:44:40.000000000,99990,421,99977,376,99999,100,99955,100,100041,31,99944,100,100111,100,99933,100,100118,100,99915,100,100132,100,99914,100,100181,100,99903,100,100349,100,99891,100,100699,100,99882,100,100724,100,99829,100
2019-06-28 09:44:50.000000000,99990,283,99977,238,99999,238,99955,238,100041,31,99944,100,100111,100,99933,100,100118,100,99915,100,100132,100,99914,100,100181,100,99903,100,100349,100,99891,100,100699,100,99882,100,100724,100,99829,100
2019-06-28 09:44:56.942148588,99990,283,99977,138,99999,238,99955,238,100041,31,99944,100,100111,100,99933,100,100118,100,99915,100,100132,100,99914,100,100181,100,99903,100,100349,100,99891,100,100724,100,99882,100,100725,100,99829,100
2019-06-28 09:45:00.000000000,99990,283,99955,238,99999,238,99944,238,100041,31,99933,100,100111,100,99915,100,100118,100,99914,100,100132,100,99903,100,100181,100,99891,100,100349,100,99882,100,100724,100,99829,100,100725,100,99804,100
2019-06-28 09:45:10.000000000,99990,421,99955,376,99999,100,99944,100,100041,31,99933,100,100111,100,99915,100,100118,100,99914,100,100132,100,99903,100,100181,100,99891,100,100349,100,99882,100,100724,100,99829,100,100725,100,99804,100
2019-06-28 09:45:20.000000000,99990,200,99955,155,99999,155,99944,155,100041,86,99933,155,100111,155,99915,155,100118,155,99914,155,100132,100,99903,100,100181,100,99891,100,100349,100,99882,100,100724,100,99829,100,100725,100,99804,100
2019-06-28 09:45:30.000000000,99990,200,99955,155,99999,155,99944,155,100041,86,99933,155,100111,155,99915,155,100118,155,99914,155,100132,100,99903,100,100181,100,99891,100,100349,100,99882,100,100724,100,99829,100,100725,100,99804,100
2019-06-28 09:45:38.545056474,99989,100,99955,155,99990,200,99944,155,99999,155,99933,155,100041,86,99915,155,100111,155,99914,155,100118,155,99903,100,100132,100,99891,100,100181,100,99882,100,100349,100,99829,100,100724,100,99804,100
2019-06-28 09:45:40.000000000,99989,155,99955,155,99990,200,99944,155,99999,155,99933,155,100041,86,99915,155,100111,155,99914,155,100118,100,99903,100,100132,100,99891,100,100181,100,99882,100,100349,100,99829,100,100724,100,99804,100
2019-06-28 09:45:50.000000000,99989,376,99955,376,99990,145,99944,100,99999,100,99933,100,100041,31,99915,100,100111,100,99914,100,100118,100,99903,100,100132,100,99891,100,100181,100,99882,100,100349,100,99829,100,100724,100,99804,100
2019-06-28 09:46:00.000000000,99989,194,99955,194,99990,236,99944,191,99999,191,99933,191,100041,31,99915,100,100111,100,99914,100,100118,100,99903,100,100132,100,99891,100,100181,100,99882,100,100349,100,99829,100,100724,100,99804,100
2019-06-28 09:46:00.928753110,99989,194,99955,94,99990,236,99944,191,99999,191,99933,191,100041,31,99915,100,100111,100,99914,100,100118,100,99903,100,100132,100,99882,100,100181,100,99829,100,100349,100,99804,100,100724,100,99791,100
2019-06-28 09:46:10.000000000,99989,169,99944,169,99990,214,99933,169,99999,169,99915,169,100041,100,99914,169,100111,100,99903,100,100118,100,99882,100,100132,100,99829,100,100181,100,99804,100,100349,100,99791,100,100724,100,99726,100
2019-06-28 09:46:19.376525496,99989,169,99944,169,99990,169,99933,169,99999,169,99915,169,100041,100,99914,169,100111,100,99903,100,100118,100,99882,100,100132,100,99829,100,100181,100,99804,100,100349,100,99791,100,100724,100,99726,100
2019-06-28 09:46:20.000000000,99989,376,99944,376,99990,100,99933,100,99999,100,99915,100,100041,31,99914,100,100111,100,99903,100,100118,100,99882,100,100132,100,99829,100,100181,100,99804,100,100349,100,99791,100,100724,100,99726,100
2019-06-28 09:46:30.000000000,99989,194,99944,194,99990,191,99933,191,99999,191,99915,191,100041,31,99914,100,100111,100,99903,100,100118,100,99882,100,100132,100,99829,100,100181,100,99804,100,100349,100,99791,100,100724,100,99726,100
2019-06-28 09:46:40.000000000,99989,169,99944,169,99990,169,99933,169,99999,169,99915,169,100041,100,99914,169,100111,100,99903,100,100118,100,99882,100,100132,100,99829,100,100181,100,99804,100,100349,100,99791,100,100724,100,99726,100
2019-06-28 09:46:47.998805176,99989,169,99944,69,99990,169,99933,169,99999,169,99915,169,100041,100,99914,169,100111,100,99903,100,100118,100,99882,100,100132,100,99829,100,100181,100,99804,100,100349,100,99791,100,100724,100,99726,100
2019-06-28 09:46:49.779343541,99944,31,99933,169,99989,169,99915,169,99990,169,99914,169,99999,169,99903,100,100041,100,99882,100,100111,100,99829,100,100118,100,99804,100,100132,100,99791,100,100181,100,99726,100,100349,100,99208,100
2019-06-28 09:46:49.802669616,99944,131,99933,169,99989,169,99915,169,99990,169,99914,169,99999,169,99903,100,100041,100,99882,100,100111,100,99829,100,100118,100,99804,100,100132,100,99791,100,100181,100,99726,100,100349,100,99208,100
2019-06-28 09:46:49.908539742,99944,131,99933,69,99989,169,99915,169,99990,169,99914,169,99999,169,99903,100,100041,100,99882,100,100111,100,99829,100,100118,100,99804,100,100132,100,99791,100,100181,100,99726,100,100349,100,99208,100
2019-06-28 09:46:50.000000000,99944,186,99915,155,99989,155,99914,155,99990,155,99903,155,99999,155,99882,155,100041,86,99829,155,100111,100,99804,100,100118,100,99791,100,100132,100,99726,100,100181,100,99208,100,100349,100,98834,100
2019-06-28 09:47:00.000000000,99944,200,99915,169,99989,169,99914,169,99990,169,99903,169,99999,169,99882,169,100041,31,99829,100,100111,100,99804,100,100118,100,99791,100,100132,100,99726,100,100181,100,99208,100,100349,100,98834,100
2019-06-28 09:47:02.633353713,99944,200,99915,69,99989,169,99914,169,99990,169,99903,169,99999,169,99882,169,100041,31,99829,100,100111,100,99804,100,100118,100,99791,100,100132,100,99726,100,100181,100,99208,100,100349,100,98834,100
2019-06-28 09:47:10.000000000,99944,407,99914,376,99989,100,99903,100,99990,100,99882,100,99999,100,99829,100,100041,31,99804,100,100111,100,99791,100,100118,100,99726,100,100132,100,99208,100,100181,100,98834,100,100349,100,,
2019-06-28 09:47:20.000000000,99944,186,99914,155,99989,155,99903,155,99990,155,99882,155,99999,155,99829,155,100041,86,99804,155,100111,100,99791,100,100118,100,99726,100,100132,100,99208,100,100181,100,98834,100,100349,100,,
2019-06-28 09:47:29.224768416,99933,100,99914,155,99944,186,99903,155,99989,155,99882,155,99990,155,99829,155,99999,155,99804,155,100041,86,99791,100,100111,100,99726,100,100118,100,99208,100,100132,100,98834,100,100181,100,,
2019-06-28 09:47:30.000000000,99933,155,99914,155,99944,186,99903,155,99989,155,99882,155,99990,155,99829,155,99999,155,99804,155,100041,31,99791,100,100111,100,99726,100,100118,100,99208,100,100132,100,98834,100,100181,100,,
2019-06-28 09:47:40.000000000,99933,238,99914,238,99944,269,99903,238,99989,100,99882,100,99990,100,99829,100,99999,100,99804,100,100041,31,99791,100,100111,100,99726,100,100118,100,99208,100,100132,100,98834,100,100181,100,,
2019-06-28 09:47:41.884371139,99933,238,99914,138,99944,269,99903,238,99989,100,99882,100,99990,100,99829,100,99999,100,99804,100,100041,31,99791,100,100111,100,99726,100,100118,100,99208,100,100132,100,98834,100,100181,100,,
2019-06-28 09:47:43.977235453,99933,238,99914,38,99944,269,99903,238,99989,100,99882,100,99990,100,99829,100,99999,100,99804,100,100041,31,99791,100,100111,100,99726,100,100118,100,99208,100,100181,100,98834,100,100349,100,,
2019-06-28 09:47:50.000000000,99933,194,99903,194,99944,222,99882,191,99989,191,99829,191,99990,100,99804,100,99999,100,99791,100,100041,31,99726,100,100111,100,99208,100,100118,100,98834,100,100181,100,,,100349,100,,
2019-06-28 09:48:00.000000000,99933,194,99903,194,99944,222,99882,191,99989,191,99829,191,99990,100,99804,100,99999,100,99791,100,100041,31,99726,100,100111,100,99208,100,100118,100,98834,100,100181,100,,,100349,100,,
2019-06-28 09:48:10.000000000,99933,169,99903,169,99944,200,99882,169,99989,169,99829,169,99990,169,99804,169,99999,100,99791,100,100041,31,99726,100,100111,100,99208,100,100118,100,98834,100,100181,100,,,100349,100,,
2019-06-28 09:48:20.000000000,99933,169,99903,169,99944,200,99882,169,99989,169,99829,169,99990,169,99804,169,99999,100,99791,100,100041,31,99726,100,100111,100,99208,100,100118,100,98834,100,100181,100,,,100349,100,,
2019-06-28 09:48:20.425232843,99914,100,99903,169,99933,169,99882,169,99944,200,99829,169,99989,169,99804,169,99990,169,99791,100,100041,31,99726,100,100111,100,99208,100,100118,100,98834,100,100181,100,,,100349,100,,
2019-06-28 09:48:20.742420642,99914,100,99903,69,99933,169,99882,169,99944,200,99829,169,99989,169,99804,169,99990,169,99791,100,100041,31,99726,100,100111,100,99208,100,100118,100,,,100181,100,,,100349,100,,
2019-06-28 09:48:28.729092175,99914,100,99903,69,99933,169,99882,169,99944,200,99829,169,99989,169,99804,169,99990,169,99791,100,100041,31,99726,100,100111,100,99559,100,100118,100,99208,100,100181,100,,,100349,100,,
2019-06-28 09:48:30.000000000,99914,155,99882,155,99933,155,99829,155,99944,186,99804,155,99989,155,99791,155,99990,155,99726,155,100041,31,99559,100,100111,100,99208,100,100118,100,,,100181,100,,,100349,100,,
2019-06-28 09:48:40.000000000,99914,238,99882,238,99933,238,99829,238,99944,131,99804,100,99989,100,99791,100,99990,100,99726,100,100041,31,99559,100,100111,100,99208,100,100118,100,,,100181,100,,,100349,100,,
2019-06-28 09:48:44.641651431,99914,238,99882,138,99933,238,99829,238,99944,131,99804,100,99989,100,99791,100,99990,100,99726,100,100041,31,99559,100,100111,100,99208,100,100118,100,,,100181,100,,,100349,100,,
2019-06-28 09:48:48.885415283,99914,238,99882,38,99933,238,99829,238,99944,131,99804,100,99989,100,99791,100,99990,100,99726,100,100041,31,99559,100,100111,100,99208,100,100118,100,,,100181,100,,,100349,100,,
2019-06-28 09:48:50.000000000,99914,155,99829,155,99933,155,99804,155,99944,186,99791,155,99989,155,99726,155,99990,155,99559,155,100041,31,99208,100,100111,100,,,100118,100,,,100181,100,,,100349,100,,
2019-06-28 09:49:00.000000000,99914,238,99829,238,99933,238,99804,238,99944,131,99791,100,99989,100,99726,100,99990,100,99559,100,100041,31,99208,100,100111,100,,,100118,100,,,100181,100,,,100349,100,,
2019-06-28 09:49:02.711156931,99914,238,99829,138,99933,238,99804,238,99944,131,99791,100,99989,100,99726,100,99990,100,99559,100,100041,31,99208,100,100111,100,,,100118,100,,,100181,100,,,100349,100,,
2019-06-28 09:49:10.000000000,99914,194,99804,194,99933,191,99791,191,99944,222,99726,191,99989,100,99559,100,99990,100,99208,100,100041,31,,,100111,100,,,100118,100,,,100181,100,,,100349,100,,
2019-06-28 09:49:20.000000000,99914,169,99804,169,99933,169,99791,169,99944,200,99726,169,99989,169,99559,169,99990,100,99208,100,100041,31,,,100111,100,,,100118,100,,,100181,100,,,100349,100,,
2019-06-28 09:49:22.052426070,99914,169,99804,169,99933,169,99791,169,99944,200,99726,169,99989,169,99559,169,99990,100,99553,100,100041,31,99208,100,100111,100,,,100118,100,,,100181,100,,,100349,100,,
2019-06-28 09:49:30.000000000,99914,194,99804,194,99933,191,99791,191,99944,222,99726,191,99989,100,99559,100,99990,100,99553,100,100041,31,99208,100,100111,100,,,100118,100,,,100181,100,,,100349,100,,
2019-06-28 09:49:40.000000000,99914,194,99804,194,99933,191,99791,191,99944,222,99726,191,99989,100,99559,100,99990,100,99553,100,100041,31,99208,100,100111,100,,,100118,100,,,100181,100,,,100349,100,,
2019-06-28 09:49:43.276990079,99845,100,99804,194,99914,194,99791,191,99933,191,99726,191,99944,222,99559,100,99989,100,99553,100,99990,100,99208,100,100041,31,,,100111,100,,,100118,100,,,100181,100,,
2019-06-28 09:49:44.182688025,99845,100,99804,94,99914,194,99791,191,99933,191,99726,191,99944,222,99559,100,99989,100,99553,100,99990,100,99208,100,100041,31,,,100111,100,,,100118,100,,,100181,100,,
2019-06-28 09:49:47.365230272,99845,100,99804,94,99914,194,99791,191,99933,191,99726,191,99944,222,99559,100,99978,100,99553,100,99989,100,99208,100,99990,100,,,100041,31,,,100111,100,,,100118,100,,
2019-06-28 09:49:50.000000000,99845,376,99791,376,99914,100,99726,100,99933,100,99559,100,99944,131,99553,100,99978,100,99208,100,99989,100,,,99990,100,,,100041,31,,,100111,100,,,100118,100,,
2019-06-28 09:50:00.000000000,99845,238,99791,238,99914,238,99726,238,99933,100,99559,100,99944,131,99553,100,99978,100,99208,100,99989,100,,,99990,100,,,100041,31,,,100111,100,,,100118,100,,
2019-06-28 09:50:08.233867632,99845,238,99791,138,99914,238,99726,238,99933,100,99559,100,99944,131,99553,100,99978,100,99208,100,99989,100,,,99990,100,,,100041,31,,,100111,100,,,100118,100,,
2019-06-28 09:50:09.456011863,99845,238,99791,138,99914,238,99726,238,99933,100,99559,100,99944,131,99553,100,99978,100,99528,100,99989,100,99208,100,99990,100,,,100041,31,,,100111,100,,,100118,100,,
2019-06-28 09:50:10.000000000,99845,169,99726,169,99914,169,99559,169,99933,169,99553,169,99944,200,99528,169,99978,100,99208,100,99989,100,,,99990,100,,,100041,31,,,100111,100,,,100118,100,,
2019-06-28 09:50:20.000000000,99845,155,99726,155,99914,155,99559,155,99933,155,99553,155,99944,186,99528,155,99978,155,99208,155,99989,100,,,99990,100,,,100041,31,,,100111,100,,,100118,100,,
2019-06-28 09:50:30.000000000,99845,238,99726,238,99914,238,99559,238,99933,100,99553,100,99944,131,99528,100,99978,100,99208,100,99989,100,,,99990,100,,,100041,31,,,100111,100,,,100118,100,,
2019-06-28 09:50:40.000000000,99845,169,99726,169,99914,169,99559,169,99933,169,99553,169,99944,200,99528,169,99978,100,99208,100,99989,100,,,99990,100,,,100041,31,,,100111,100,,,100118,100,,
2019-06-28 09:50:50.000000000,99845,376,99726,376,99914,100,99559,100,99933,100,99553,100,99944,131,99528,100,99978,100,99208,100,99989,100,,,99990,100,,,100041,31,,,100111,100,,,100118,100,,
2019-06-28 09:51:00.000000000,99845,238,99726,238,99914,238,99559,238,99933,100,99553,100,99944,131,99528,100,99978,100,99208,100,99989,100,,,99990,100,,,100041,31,,,100111,100,,,100118,100,,
2019-06-28 09:51:10.000000000,99845,238,99726,238,99914,238,99559,238,99933,100,99553,100,99944,131,99528,100,99978,100,99208,100,99989,100,,,99990,100,,,100041,31,,,100111,100,,,100118,100,,
2019-06-28 09:51:18.002801964,99804,100,99726,238,99845,238,99559,238,99914,238,99553,100,99933,100,99528,100,99944,131,99208,100,99978,100,,,99989,100,,,99990,100,,,100041,31,,,100111,100,,
2019-06-28 09:51:20.000000000,99804,169,99726,169,99845,169,99559,169,99914,169,99553,169,99933,169,99528,169,99944,131,99208,100,99978,100,,,99989,100,,,99990,100,,,100041,31,,,100111,100,,
2019-06-28 09:51:30.000000000,99804,155,99726,155,99845,155,99559,155,99914,155,99553,155,99933,155,99528,155,99944,186,99208,155,99978,100,,,99989,100,,,99990,100,,,100041,31,,,100111,100,,
2019-06-28 09:51:32.737269257,99804,255,99726,155,99845,155,99559,155,99914,155,99553,155,99933,155,99528,155,99944,186,99208,155,99978,100,,,99989,100,,,99990,100,,,100041,31,,,100111,100,,
2019-06-28 09:51:36.207517191,99804,255,99726,55,99845,155,99559,155,99914,155,99553,155,99933,155,99528,155,99944,186,99208,155,99978,100,,,99989,100,,,99990,100,,,100041,31,,,100111,100,,
2019-06-28 09:51:40.000000000,99804,338,99559,238,99845,238,99553,238,99914,100,99528,100,99933,100,99208,100,99944,131,,,99978,100,,,99989,100,,,99990,100,,,100041,31,,,100111,100,,
2019-06-28 09:51:50.000000000,99804,269,99559,169,99845,169,99553,169,99914,169,99528,169,99933,169,99208,169,99944,131,,,99978,100,,,99989,100,,,99990,100,,,100041,31,,,100111,100,,
2019-06-28 09:52:00.000000000,99804,476,99559,376,99845,100,99553,100,99914,100,99528,100,99933,100,99208,100,99944,131,,,99978,100,,,99989,100,,,99990,100,,,100041,31,,,100111,100,,
2019-06-28 09:52:00.698085550,99804,476,99559,276,99845,100,99553,100,99914,100,99528,100,99933,100,99208,100,99944,131,,,99978,100,,,99989,100,,,99990,100,,,100041,31,,,100111,100,,
2019-06-28 09:52:10.000000000,99804,294,99553,194,99845,191,99528,191,99914,191,99208,191,99933,100,,,99944,131,,,99978,100,,,99989,100,,,99990,100,,,100041,31,,,100111,100,,
2019-06-28 09:52:20.000000000,99804,338,99553,238,99845,238,99528,238,99914,100,99208,100,99933,100,,,99944,131,,,99978,100,,,99989,100,,,99990,100,,,100041,31,,,100111,100,,
2019-06-28 09:52:24.199562815,99804,338,99553,238,99845,238,99528,238,99914,100,99208,100,99933,100,98807,100,99944,131,,,99978,100,,,99989,100,,,99990,100,,,100041,31,,,100111,100,,
2019-06-28 09:52:30.000000000,99804,294,99553,194,99845,191,99528,191,99914,191,99208,191,99933,100,98807,100,99944,131,,,99978,100,,,99989,100,,,99990,100,,,100041,31,,,100111,100,,
2019-06-28 09:52:37.821544043,99804,294,99553,94,99845,191,99528,191,99914,191,99208,191,99933,100,98807,100,99944,131,,,99978,100,,,99989,100,,,99990,100,,,100041,31,,,100111,100,,
2019-06-28 09:52:40.000000000,99804,294,99528,194,99845,191,99208,191,99914,191,98807,191,99933,100,,,99944,131,,,99978,100,,,99989,100,,,99990,100,,,100041,31,,,100111,100,,
2019-06-28 09:52:40.442710119,99804,294,99528,94,99845,191,99208,191,99914,191,98807,191,99933,100,98565,100,99944,131,,,99978,100,,,99989,100,,,99990,100,,,100041,31,,,100111,100,,
2019-06-28 09:52:50.000000000,99804,255,99208,155,99845,155,98807,155,99914,155,98565,155,99933,155,98564,55,99944,186,,,99978,100,,,99989,100,,,99990,100,,,100041,31,,,100111,100,,
2019-06-28 09:52:57.168922778,99804,255,99208,55,99845,55,98807,155,99914,155,98565,155,99933,155,98564,55,99944,186,,,99978,100,,,99989,100,,,99990,100,,,100041,31,,,100111,100,,
2019-06-28 09:53:00.000000000,99804,294,98807,194,99914,191,98565,191,99933,191,98564,91,99944,131,,,99978,100,,,99989,100,,,99990,100,,,100041,31,,,100111,100,,,100118,100,,
2019-06-28 09:53:10.000000000,99804,255,98807,155,99914,155,98565,155,99933,155,98564,55,99944,186,,,99978,155,,,99989,100,,,99990,100,,,100041,31,,,100111,100,,,100118,100,,
2019-06-28 09:53:20.000000000,99804,294,98807,194,99914,191,98565,191,99933,191,98564,91,99944,131,,,99978,100,,,99989,100,,,99990,100,,,100041,31,,,100111,100,,,100118,100,,
2019-06-28 09:53:24.313907274,99804,294,98807,194,99914,191,98734,100,99933,191,98565,191,99944,131,98564,91,99978,100,,,99989,100,,,99990,100,,,100041,31,,,100111,100,,,100118,100,,
2019-06-28 09:53:30.000000000,99804,338,98807,238,99914,238,98734,238,99933,100,98565,100,99944,131,,,99978,100,,,99989,100,,,99990,100,,,100041,31,,,100111,100,,,100118,100,,
2019-06-28 09:53:35.187688389,99553,100,98807,238,99804,338,98734,238,99914,238,98565,100,99933,100,,,99944,131,,,99978,100,,,99990,100,,,100041,31,,,100111,100,,,100118,100,,
2019-06-28 09:53:40.000000000,99553,169,98807,169,99804,269,98734,169,99914,169,98565,169,99933,169,98564,69,99944,131,,,99978,100,,,99990,100,,,100041,31,,,100111,100,,,100118,100,,
2019-06-28 09:53:50.000000000,99553,194,98807,194,99804,291,98734,191,99914,191,98565,191,99933,100,,,99944,131,,,99978,100,,,99990,100,,,100041,31,,,100111,100,,,100118,100,,
2019-06-28 09:53:59.858642655,99553,294,98807,194,99804,291,98734,191,99914,191,98565,191,99933,100,,,99944,131,,,99978,100,,,99990,100,,,100041,31,,,100111,100,,,100118,100,,
2019-06-28 09:54:00.000000000,99553,476,98807,376,99804,200,98734,100,99914,100,98565,100,99933,100,,,99944,131,,,99978,100,,,99990,100,,,100041,31,,,100111,100,,,100118,100,,
2019-06-28 09:54:10.000000000,99553,338,98807,238,99804,338,98734,238,99914,100,98565,100,99933,100,,,99944,131,,,99978,100,,,99990,100,,,100041,31,,,100111,100,,,100118,100,,
2019-06-28 09:54:20.000000000,99553,476,98807,376,99804,200,98734,100,99914,100,98565,100,99933,100,,,99944,131,,,99978,100,,,99990,100,,,100041,31,,,100111,100,,,100118,100,,
2019-06-28 09:54:28.580158041,99117,100,98807,376,99553,476,98734,100,99804,200,98565,100,99914,100,,,99933,100,,,99944,131,,,99978,100,,,99990,100,,,100041,31,,,100111,100,,
2019-06-28 09:54:30.000000000,99117,194,98807,194,99553,291,98734,191,99804,291,98565,191,99914,100,,,99933,100,,,99944,131,,,99978,100,,,99990,100,,,100041,31,,,100111,100,,
2019-06-28 09:54:38.339490870,99117,94,98807,194,99553,291,98734,191,99804,291,98565,191,99914,100,,,99933,100,,,99944,131,,,99978,100,,,99990,100,,,100041,31,,,100111,100,,
2019-06-28 09:54:40.000000000,99553,476,98807,376,99804,200,98734,100,99914,100,98565,100,99933,100,,,99944,131,,,99978,100,,,99990,100,,,100041,31,,,100111,100,,,100118,100,,
2019-06-28 09:54:50.000000000,99553,269,98807,169,99804,269,98734,169,99914,169,98565,169,99933,169,98564,69,99944,131,,,99978,100,,,99990,100,,,100041,31,,,100111,100,,,100118,100,,
2019-06-28 09:54:54.614341698,99553,269,98942,100,99804,269,98807,169,99914,169,98734,169,99933,169,98565,169,99944,131,98564,69,99978,100,,,99990,100,,,100041,31,,,100111,100,,,100118,100,,
2019-06-28 09:54:59.853632361,99528,100,98942,100,99553,169,98807,169,99804,269,98734,169,99914,169,98565,169,99933,169,98564,69,99944,131,,,99978,100,,,99990,100,,,100041,31,,,100111,100,,
2019-06-28 09:55:00.000000000,99528,155,98942,155,99553,155,98807,155,99804,255,98734,155,99914,155,98565,155,99933,155,98564,55,99944,131,,,99978,100,,,99990,100,,,100041,31,,,100111,100,,
2019-06-28 09:55:10.000000000,99528,194,98942,194,99553,191,98807,191,99804,291,98734,191,99914,100,98565,100,99933,100,,,99944,131,,,99978,100,,,99990,100,,,100041,31,,,100111,100,,
2019-06-28 09:55:20.000000000,99528,169,98942,169,99553,169,98807,169,99804,269,98734,169,99914,169,98565,169,99933,100,,,99944,131,,,99978,100,,,99990,100,,,100041,31,,,100111,100,,
2019-06-28 09:55:30.000000000,99528,155,98942,155,99553,155,98807,155,99804,255,98734,155,99914,155,98565,155,99933,155,98564,55,99944,131,,,99978,100,,,99990,100,,,100041,31,,,100111,100,,
2019-06-28 09:55:32.140777029,99528,155,98942,155,99553,155,98807,155,99804,255,98773,100,99914,155,98734,155,99933,155,98565,155,99944,131,98564,55,99978,100,,,99990,100,,,100041,31,,,100111,100,,
2019-06-28 09:55:36.308017957,99528,155,98944,100,99553,155,98942,155,99804,255,98807,155,99914,155,98773,100,99933,155,98734,155,99944,131,98565,155,99978,100,98564,55,99990,100,,,100041,31,,,100111,100,,
2019-06-28 09:55:40.000000000,99528,194,98944,194,99553,191,98942,191,99804,291,98807,191,99914,100,98773,100,99933,100,98734,100,99944,131,98565,100,99978,100,,,99990,100,,,100041,31,,,100111,100,,
2019-06-28 09:55:41.911183458,99528,194,99122,100,99553,191,98944,194,99804,291,98942,191,99914,100,98807,191,99933,100,98773,100,99944,131,98734,100,99978,100,98565,100,99990,100,,,100041,31,,,100111,100,,
2019-06-28 09:55:47.601655536,99528,194,98944,194,99553,191,98942,191,99804,291,98807,191,99914,100,98773,100,99933,100,98734,100,99944,131,98565,100,99978,100,,,99990,100,,,100041,31,,,100111,100,,
2019-06-28 09:55:50.000000000,99528,194,98944,194,99553,191,98942,191,99804,291,98807,191,99914,100,98773,100,99933,100,98734,100,99944,131,98565,100,99978,100,,,99990,100,,,100041,31,,,100111,100,,
2019-06-28 09:56:00.000000000,99528,169,98944,169,99553,169,98942,169,99804,269,98807,169,99914,169,98773,169,99933,100,98734,100,99944,131,98565,100,99978,100,,,99990,100,,,100041,31,,,100111,100,,
2019-06-28 09:56:10.000000000,99528,238,98944,238,99553,238,98942,238,99804,200,98807,100,99914,100,98773,100,99933,100,98734,100,99944,131,98565,100,99978,100,,,99990,100,,,100041,31,,,100111,100,,
2019-06-28 09:56:14.453379263,99528,238,98944,238,99553,238,98942,238,99804,200,98807,100,99914,100,98773,100,99933,100,98734,100,99944,31,98565,100,99978,100,,,99990,100,,,100041,31,,,100111,100,,
2019-06-28 09:56:17.077035818,99528,238,98952,100,99553,238,98944,238,99804,200,98942,238,99914,100,98807,100,99933,100,98773,100,99944,31,98734,100,99978,100,98565,100,99990,100,,,100041,31,,,100111,100,,
2019-06-28 09:56:20.000000000,99528,155,98952,155,99553,155,98944,155,99804,255,98942,155,99914,155,98807,155,99933,155,98773,155,99944,31,98734,100,99978,100,98565,100,99990,100,,,100041,31,,,100111,100,,
2019-06-28 09:56:23.398376006,99110,100,98952,155,99528,155,98944,155,99553,155,98942,155,99804,255,98807,155,99914,155,98773,155,99933,155,98734,100,99944,31,98565,100,99978,100,,,99990,100,,,100041,31,,
2019-06-28 09:56:26.766875953,99528,155,98952,155,99553,155,98944,155,99804,255,98942,155,99914,155,98807,155,99933,55,98773,155,99944,31,98734,100,99978,100,98565,100,99990,100,,,100041,31,,,100111,100,,
2019-06-28 09:56:28.910332409,99528,155,98952,55,99553,155,98944,55,99804,255,98942,155,99914,155,98807,155,99933,55,98773,155,99944,31,98734,100,99978,100,98565,100,99990,100,,,100041,31,,,100111,100,,
2019-06-28 09:56:30.000000000,99528,169,98942,169,99553,169,98807,169,99804,269,98773,169,99914,169,98734,169,99944,31,98565,100,99978,100,,,99990,100,,,100041,31,,,100111,100,,,100118,100,,
2019-06-28 09:56:34.573636643,99528,169,98942,169,99553,169,98887,100,99804,269,98807,169,99914,169,98773,169,99944,31,98734,169,99978,100,98565,100,99990,100,,,100041,31,,,100111,100,,,100118,100,,
2019-06-28 09:56:40.000000000,99528,155,98942,155,99553,155,98887,155,99804,255,98807,155,99914,155,98773,155,99944,86,98734,155,99978,100,98565,100,99990,100,,,100041,31,,,100111,100,,,100118,100,,
2019-06-28 09:56:50.000000000,99528,169,98942,169,99553,169,98887,169,99804,269,98807,169,99914,169,98773,169,99944,31,98734,100,99978,100,98565,100,99990,100,,,100041,31,,,100111,100,,,100118,100,,
2019-06-28 09:57:00.000000000,99528,169,98942,169,99553,169,98887,169,99804,269,98807,169,99914,169,98773,169,99944,31,98734,100,99978,100,98565,100,99990,100,,,100041,31,,,100111,100,,,100118,100,,
2019-06-28 09:57:10.000000000,99528,194,98942,194,99553,191,98887,191,99804,291,98807,191,99914,100,98773,100,99944,31,98734,100,99978,100,98565,100,99990,100,,,100041,31,,,100111,100,,,100118,100,,
2019-06-28 09:57:20.000000000,99528,169,98942,169,99553,169,98887,169,99804,269,98807,169,99914,169,98773,169,99944,31,98734,100,99978,100,98565,100,99990,100,,,100041,31,,,100111,100,,,100118,100,,
2019-06-28 09:57:29.253742629,99528,169,98942,69,99553,169,98887,169,99804,269,98807,169,99914,169,98773,169,99944,31,98734,100,99978,100,98565,100,99990,100,,,100041,31,,,100111,100,,,100118,100,,
2019-06-28 09:57:30.000000000,99528,155,98887,155,99553,155,98807,155,99804,255,98773,155,99914,155,98734,155,99944,86,98565,155,99978,100,,,99990,100,,,100041,31,,,100111,100,,,100118,100,,
2019-06-28 09:57:40.000000000,99528,169,98887,169,99553,169,98807,169,99804,269,98773,169,99914,169,98734,169,99944,31,98565,100,99978,100,,,99990,100,,,100041,31,,,100111,100,,,100118,100,,
2019-06-28 09:57:50.000000000,99528,376,98887,376,99553,100,98807,100,99804,200,98773,100,99914,100,98734,100,99944,31,98565,100,99978,100,,,99990,100,,,100041,31,,,100111,100,,,100118,100,,
2019-06-28 09:57:50.957144583,99528,376,98887,276,99553,100,98807,100,99804,200,98773,100,99914,100,98734,100,99944,31,98565,100,99978,100,,,99990,100,,,100041,31,,,100111,100,,,100118,100,,
2019-06-28 09:58:00.000000000,99528,238,98807,238,99553,238,98773,238,99804,200,98734,100,99914,100,98565,100,99944,31,,,99978,100,,,99990,100,,,100041,31,,,100111,100,,,100118,100,,
2019-06-28 09:58:10.000000000,99528,238,98807,238,99553,238,98773,238,99804,200,98734,100,99914,100,98565,100,99944,31,,,99978,100,,,99990,100,,,100041,31,,,100111,100,,,100118,100,,
2019-06-28 09:58:17.856482842,99528,238,98807,238,99553,238,98773,238,99804,200,98734,100,99914,100,98565,100,99944,31,98496,100,99978,100,,,99990,100,,,100041,31,,,100111,100,,,100118,100,,
2019-06-28 09:58:19.231799395,99093,100,98807,238,99528,238,98773,238,99553,238,98734,100,99804,200,98565,100,99914,100,98496,100,99944,31,,,99978,100,,,99990,100,,,100041,31,,,100111,100,,
2019-06-28 09:58:20.000000000,99093,194,98807,194,99528,191,98773,191,99553,191,98734,191,99804,200,98565,100,99914,100,98496,100,99944,31,,,99978,100,,,99990,100,,,100041,31,,,100111,100,,
2019-06-28 09:58:20.448696255,99093,194,98807,194,99528,191,98773,191,99553,191,98734,191,99804,200,98702,100,99914,100,98565,100,99944,31,98496,100,99978,100,,,99990,100,,,100041,31,,,100111,100,,
2019-06-28 09:58:28.304204335,98866,100,98807,194,99093,194,98773,191,99528,191,98734,191,99553,191,98702,100,99804,200,98565,100,99914,100,98496,100,99944,31,,,99978,100,,,99990,100,,,100041,31,,
2019-06-28 09:58:30.000000000,98866,238,98807,238,99093,238,98773,238,99528,100,98734,100,99553,100,98702,100,99804,200,98565,100,99914,100,98496,100,99944,31,,,99978,100,,,99990,100,,,100041,31,,
2019-06-28 09:58:40.000000000,98866,376,98807,376,99093,100,98773,100,99528,100,98734,100,99553,100,98702,100,99804,200,98565,100,99914,100,98496,100,99944,31,,,99978,100,,,99990,100,,,100041,31,,
2019-06-28 09:58:50.000000000,98866,376,98807,376,99093,100,98773,100,99528,100,98734,100,99553,100,98702,100,99804,200,98565,100,99914,100,98496,100,99944,31,,,99978,100,,,99990,100,,,100041,31,,
2019-06-28 09:59:00.000000000,98866,169,98807,169,99093,169,98773,169,99528,169,98734,169,99553,169,98702,169,99804,200,98565,100,99914,100,98496,100,99944,31,,,99978,100,,,99990,100,,,100041,31,,
2019-06-28 09:59:10.000000000,98866,194,98807,194,99093,191,98773,191,99528,191,98734,191,99553,100,98702,100,99804,200,98565,100,99914,100,98496,100,99944,31,,,99978,100,,,99990,100,,,100041,31,,
2019-06-28 09:59:20.000000000,98866,155,98807,155,99093,155,98773,155,99528,155,98734,155,99553,155,98702,155,99804,255,98565,155,99914,100,98496,100,99944,31,,,99978,100,,,99990,100,,,100041,31,,
2019-06-28 09:59:30.000000000,98866,376,98807,376,99093,100,98773,100,99528,100,98734,100,99553,100,98702,100,99804,200,98565,100,99914,100,98496,100,99944,31,,,99978,100,,,99990,100,,,100041,31,,
2019-06-28 09:59:40.000000000,98866,238,98807,238,99093,238,98773,238,99528,100,98734,100,99553,100,98702,100,99804,200,98565,100,99914,100,98496,100,99944,31,,,99978,100,,,99990,100,,,100041,31,,
2019-06-28 09:59:50.000000000,98866,238,98807,238,99093,238,98773,238,99528,100,98734,100,99553,100,98702,100,99804,200,98565,100,99914,100,98496,100,99944,31,,,99978,100,,,99990,100,,,100041,31,,
2019-06-28 09:59:53.087360153,98866,238,98807,238,98942,100,98773,238,99093,238,98734,100,99528,100,98702,100,99553,100,98565,100,99804,200,98496,100,99914,100,,,99944,31,,,99978,100,,,99990,100,,
2019-06-28 09:59:53.448693233,98866,138,98807,238,98942,100,98773,238,99093,238,98734,100,99528,100,98702,100,99553,100,98577,100,99804,200,98565,100,99914,100,98496,100,99944,31,,,99978,100,,,99990,100,,
2019-06-28 09:59:56.879777121,98866,138,98807,138,98942,100,98773,238,99093,238,98734,100,99528,100,98702,100,99553,100,98577,100,99804,200,98565,100,99914,100,98496,100,99944,31,,,99978,100,,,99990,100,,
2019-06-28 10:00:00.000000000,98942,376,98773,376,99093,100,98734,100,99528,100,98702,100,99553,100,98577,100,99804,200,98565,100,99914,100,98496,100,99944,31,,,99978,100,,,99990,100,,,100041,31,,
2019-06-28 10:00:00.003200102,98865,100,98773,376,98942,376,98734,100,99093,100,98702,100,99528,100,98577,100,99553,100,98565,100,99804,200,98496,100,99914,100,,,99944,31,,,99978,100,,,99990,100,,
2019-06-28 10:00:00.195949986,98865,100,98773,276,98942,376,98702,100,99093,100,98577,100,99528,100,98565,100,99553,100,98496,100,99804,200,,,99914,100,,,99944,31,,,99978,100,,,99990,100,,
2019-06-28 10:00:01.299952125,98865,100,98773,276,98942,376,98702,100,99093,100,98644,100,99528,100,98577,100,99553,100,98565,100,99804,200,98496,100,99914,100,,,99944,31,,,99978,100,,,99990,100,,
2019-06-28 10:00:04.242217190,98786,100,98773,276,98865,100,98702,100,98942,376,98644,100,99093,100,98565,100,99528,100,98496,100,99553,100,,,99804,200,,,99914,100,,,99944,31,,,99978,100,,
2019-06-28 10:00:10.000000000,98786,155,98702,155,98865,155,98644,155,98942,155,98565,155,99093,155,98496,155,99528,155,98495,55,99553,100,,,99804,200,,,99914,100,,,99944,31,,,99978,100,,
2019-06-28 10:00:20.000000000,98786,194,98702,194,98865,191,98644,191,98942,191,98565,191,99093,100,98496,100,99528,100,,,99553,100,,,99804,200,,,99914,100,,,99944,31,,,99978,100,,
2019-06-28 10:00:30.000000000,98786,376,98702,376,98865,100,98644,100,98942,100,98565,100,99093,100,98496,100,99528,100,,,99553,100,,,99804,200,,,99914,100,,,99944,31,,,99978,100,,
2019-06-28 10:00:40.000000000,98786,238,98702,238,98865,238,98644,238,98942,100,98565,100,99093,100,98496,100,99528,100,,,99553,100,,,99804,200,,,99914,100,,,99944,31,,,99978,100,,
2019-06-28 10:00:50.000000000,98786,194,98702,194,98865,191,98644,191,98942,191,98565,191,99093,100,98496,100,99528,100,,,99553,100,,,99804,200,,,99914,100,,,99944,31,,,99978,100,,
2019-06-28 10:01:00.000000000,98786,194,98702,194,98865,191,98644,191,98942,191,98565,191,99093,100,98496,100,99528,100,,,99553,100,,,99804,200,,,99914,100,,,99944,31,,,99978,100,,
2019-06-28 10:01:02.798264205,98786,194,98702,194,98865,191,98644,191,98942,191,98565,191,99093,100,98554,100,99528,100,98496,100,99553,100,,,99804,200,,,99914,100,,,99944,31,,,99978,100,,
2019-06-28 10:01:07.533333597,98786,194,98702,194,98865,191,98644,191,98942,191,98565,191,99093,100,98554,100,99528,100,98496,100,99553,100,98485,100,99804,200,,,99914,100,,,99944,31,,,99978,100,,
2019-06-28 10:01:10.000000000,98786,238,98702,238,98865,238,98644,238,98942,100,98565,100,99093,100,98554,100,99528,100,98496,100,99553,100,98485,100,99804,200,,,99914,100,,,99944,31,,,99978,100,,
2019-06-28 10:01:20.000000000,98786,376,98702,376,98865,100,98644,100,98942,100,98565,100,99093,100,98554,100,99528,100,98496,100,99553,100,98485,100,99804,200,,,99914,100,,,99944,31,,,99978,100,,
2019-06-28 10:01:22.561676502,98786,276,98702,376,98865,100,98644,100,98942,100,98565,100,99093,100,98554,100,99528,100,98496,100,99553,100,98485,100,99804,200,,,99914,100,,,99944,31,,,99978,100,,
2019-06-28 10:01:27.500666748,98785,100,98702,376,98786,276,98644,100,98865,100,98565,100,99093,100,98554,100,99528,100,98496,100,99553,100,98485,100,99804,200,,,99914,100,,,99944,31,,,99978,100,,
2019-06-28 10:01:30.000000000,98785,376,98702,376,98865,100,98644,100,99093,100,98565,100,99528,100,98554,100,99553,100,98496,100,99804,200,98485,100,99914,100,,,99944,31,,,99978,100,,,99990,100,,
2019-06-28 10:01:30.122436845,98785,476,98702,376,98865,100,98644,100,99093,100,98565,100,99528,100,98554,100,99553,100,98496,100,99804,200,98485,100,99944,31,,,99978,100,,,99990,100,,,100041,31,,
2019-06-28 10:01:40.000000000,98785,294,98702,194,98865,191,98644,191,99093,191,98565,191,99528,100,98554,100,99553,100,98496,100,99804,200,98485,100,99944,31,,,99978,100,,,99990,100,,,100041,31,,
2019-06-28 10:01:50.000000000,98785,476,98702,376,98865,100,98644,100,99093,100,98565,100,99528,100,98554,100,99553,100,98496,100,99804,200,98485,100,99944,31,,,99978,100,,,99990,100,,,100041,31,,
2019-06-28 10:02:00.000000000,98785,255,98702,155,98865,155,98644,155,99093,155,98565,155,99528,155,98554,155,99553,155,98496,155,99804,200,98485,100,99944,31,,,99978,100,,,99990,100,,,100041,31,,
2019-06-28 10:02:01.400333085,98785,355,98702,155,98865,155,98644,155,99093,155,98565,155,99528,155,98554,155,99553,155,98496,155,99804,200,98485,100,99944,31,,,99978,100,,,99990,100,,,100041,31,,
2019-06-28 10:02:10.000000000,98785,576,98702,376,98865,100,98644,100,99093,100,98565,100,99528,100,98554,100,99553,100,98496,100,99804,200,98485,100,99944,31,,,99978,100,,,99990,100,,,100041,31,,
2019-06-28 10:02:20.000000000,98785,576,98702,376,98865,100,98644,100,99093,100,98565,100,99528,100,98554,100,99553,100,98496,100,99804,200,98485,100,99944,31,,,99978,100,,,99990,100,,,100041,31,,
2019-06-28 10:02:24.450758338,98785,576,98702,376,98865,100,98644,100,99093,100,98575,100,99528,100,98565,100,99553,100,98554,100,99804,200,98496,100,99944,31,98485,100,99978,100,,,99990,100,,,100041,31,,
2019-06-28 10:02:30.000000000,98785,369,98702,169,98865,169,98644,169,99093,169,98575,169,99528,169,98565,169,99553,100,98554,100,99804,200,98496,100,99944,31,98485,100,99978,100,,,99990,100,,,100041,31,,
2019-06-28 10:02:35.086983407,98785,369,98702,169,98865,69,98644,169,99093,169,98575,169,99528,169,98565,169,99553,100,98554,100,99804,200,98496,100,99944,31,98485,100,99978,100,,,99990,100,,,100041,31,,
2019-06-28 10:02:40.000000000,98785,355,98702,155,99093,155,98644,155,99528,155,98575,155,99553,155,98565,155,99804,255,98554,155,99944,31,98496,100,99978,100,98485,100,99990,100,,,100041,31,,,100111,100,,
2019-06-28 10:02:46.830283809,98785,355,98774,100,99093,155,98702,155,99528,155,98644,155,99553,155,98575,155,99804,255,98565,155,99944,31,98554,155,99978,100,98496,100,99990,100,98485,100,100041,31,,,100111,100,,
2019-06-28 10:02:50.000000000,98785,369,98774,169,99093,169,98702,169,99528,169,98644,169,99553,169,98575,169,99804,200,98565,100,99944,31,98554,100,99978,100,98496,100,99990,100,98485,100,100041,31,,,100111,100,,
2019-06-28 10:03:00.000000000,98785,355,98774,155,99093,155,98702,155,99528,155,98644,155,99553,155,98575,155,99804,255,98565,155,99944,31,98554,100,99978,100,98496,100,99990,100,98485,100,100041,31,,,100111,100,,
2019-06-28 10:03:10.000000000,98785,438,98774,238,99093,238,98702,238,99528,100,98644,100,99553,100,98575,100,99804,200,98565,100,99944,31,98554,100,99978,100,98496,100,99990,100,98485,100,100041,31,,,100111,100,,
2019-06-28 10:03:20.000000000,98785,438,98774,238,99093,238,98702,238,99528,100,98644,100,99553,100,98575,100,99804,200,98565,100,99944,31,98554,100,99978,100,98496,100,99990,100,98485,100,100041,31,,,100111,100,,
2019-06-28 10:03:26.132952679,98785,438,98774,238,99093,238,98702,238,99528,100,98644,100,99553,100,98575,100,99804,200,98565,100,99944,31,98554,100,99978,100,98496,100,99990,100,98485,100,100041,31,,,100118,100,,
2019-06-28 10:03:30.000000000,98785,438,98774,238,99093,238,98702,238,99528,100,98644,100,99553,100,98575,100,99804,200,98565,100,99944,31,98554,100,99978,100,98496,100,99990,100,98485,100,100041,31,,,100118,100,,
2019-06-28 10:03:40.000000000,98785,576,98774,376,99093,100,98702,100,99528,100,98644,100,99553,100,98575,100,99804,200,98565,100,99944,31,98554,100,99978,100,98496,100,99990,100,98485,100,100041,31,,,100118,100,,
2019-06-28 10:03:40.237323710,98785,576,98774,376,99093,100,98702,100,99205,100,98644,100,99528,100,98575,100,99553,100,98565,100,99804,200,98554,100,99944,31,98496,100,99978,100,98485,100,99990,100,,,100041,31,,
2019-06-28 10:03:50.000000000,98785,438,98774,238,99093,238,98702,238,99205,100,98644,100,99528,100,98575,100,99553,100,98565,100,99804,200,98554,100,99944,31,98496,100,99978,100,98485,100,99990,100,,,100041,31,,
2019-06-28 10:04:00.000000000,98785,394,98774,194,99093,191,98702,191,99205,191,98644,191,99528,100,98575,100,99553,100,98565,100,99804,200,98554,100,99944,31,98496,100,99978,100,98485,100,99990,100,,,100041,31,,
2019-06-28 10:04:01.761963860,98785,394,98774,94,99093,191,98702,191,99205,191,98644,191,99528,100,98575,100,99553,100,98565,100,99804,200,98554,100,99944,31,98496,100,99978,100,98485,100,99990,100,,,100041,31,,
2019-06-28 10:04:03.061017554,98774,6,98702,191,98785,394,98644,191,99093,191,98575,100,99205,191,98565,100,99528,100,98554,100,99553,100,98485,100,99804,200,,,99944,31,,,99978,100,,,99990,100,,
2019-06-28 10:04:10.000000000,98774,282,98702,376,98785,300,98644,100,99093,100,98575,100,99205,100,98565,100,99528,100,98554,100,99553,100,98485,100,99804,200,,,99944,31,,,99978,100,,,99990,100,,
2019-06-28 10:04:20.000000000,98774,100,98702,194,98785,391,98644,191,99093,191,98575,191,99205,100,98565,100,99528,100,98554,100,99553,100,98485,100,99804,200,,,99944,31,,,99978,100,,,99990,100,,
2019-06-28 10:04:21.491206092,98774,100,98702,194,98785,391,98644,191,98924,100,98575,191,99093,191,98565,100,99205,100,98554,100,99528,100,98485,100,99553,100,,,99804,200,,,99944,31,,,99978,100,,
2019-06-28 10:04:30.000000000,98774,282,98702,376,98785,300,98644,100,98924,100,98575,100,99093,100,98565,100,99205,100,98554,100,99528,100,98485,100,99553,100,,,99804,200,,,99944,31,,,99978,100,,
2019-06-28 10:04:36.322665510,98774,282,98702,376,98785,300,98644,100,98924,100,98575,100,99093,100,98565,100,99110,100,98554,100,99205,100,98485,100,99528,100,,,99553,100,,,99804,200,,,99944,31,,
2019-06-28 10:04:40.000000000,98774,75,98702,169,98785,369,98644,169,98924,169,98575,169,99093,169,98565,169,99110,100,98554,100,99205,100,98485,100,99528,100,,,99553,100,,,99804,200,,,99944,31,,
2019-06-28 10:04:40.417658905,98774,75,98702,169,98785,369,98644,169,98898,100,98575,169,98924,169,98565,169,99093,169,98554,100,99110,100,98485,100,99205,100,,,99528,100,,,99553,100,,,99804,200,,
2019-06-28 10:04:43.560018900,98774,75,98702,169,98785,369,98644,169,98876,100,98575,169,98898,100,98565,169,98924,169,98554,100,99093,169,98485,100,99110,100,,,99205,100,,,99528,100,,,99553,100,,
2019-06-28 10:04:50.000000000,98774,100,98702,194,98785,391,98644,191,98876,191,98575,191,98898,100,98565,100,98924,100,98554,100,99093,100,98485,100,99110,100,,,99205,100,,,99528,100,,,99553,100,,
2019-06-28 10:05:00.000000000,98774,61,98702,155,98785,355,98644,155,98876,155,98575,155,98898,155,98565,155,98924,155,98554,155,99093,100,98485,100,99110,100,,,99205,100,,,99528,100,,,99553,100,,
2019-06-28 10:05:10.000000000,98774,282,98702,376,98785,300,98644,100,98876,100,98575,100,98898,100,98565,100,98924,100,98554,100,99093,100,98485,100,99110,100,,,99205,100,,,99528,100,,,99553,100,,
2019-06-28 10:05:15.485715607,98774,282,98702,376,98785,300,98644,100,98876,100,98575,100,98887,100,98565,100,98898,100,98554,100,98924,100,98485,100,99093,100,,,99110,100,,,99205,100,,,99528,100,,
2019-06-28 10:05:19.429804674,98774,282,98702,376,98785,300,98644,100,98876,100,98575,100,98887,100,98565,100,98898,100,98554,100,98924,100,98485,100,99093,100,,,99110,100,,,99117,100,,,99205,100,,
2019-06-28 10:05:20.000000000,98774,75,98702,169,98785,369,98644,169,98876,169,98575,169,98887,169,98565,169,98898,100,98554,100,98924,100,98485,100,99093,100,,,99110,100,,,99117,100,,,99205,100,,
2019-06-28 10:05:30.000000000,98774,61,98702,155,98785,355,98644,155,98876,155,98575,155,98887,155,98565,155,98898,155,98554,155,98924,100,98485,100,99093,100,,,99110,100,,,99117,100,,,99205,100,,
2019-06-28 10:05:40.000000000,98774,100,98702,194,98785,391,98644,191,98876,191,98575,191,98887,100,98565,100,98898,100,98554,100,98924,100,98485,100,99093,100,,,99110,100,,,99117,100,,,99205,100,,
2019-06-28 10:05:50.000000000,98774,100,98702,194,98785,391,98644,191,98876,191,98575,191,98887,100,98565,100,98898,100,98554,100,98924,100,98485,100,99093,100,,,99110,100,,,99117,100,,,99205,100,,
2019-06-28 10:05:57.669816573,98785,391,98702,194,98876,191,98644,191,98887,100,98575,191,98898,100,98565,100,98924,100,98554,100,99093,100,,,99110,100,,,99117,100,,,99205,100,,,99528,100,,
2019-06-28 10:06:00.000000000,98785,438,98702,238,98876,238,98644,238,98887,100,98575,100,98898,100,98565,100,98924,100,98554,100,99093,100,,,99110,100,,,99117,100,,,99205,100,,,99528,100,,
2019-06-28 10:06:00.773187919,98785,338,98702,238,98876,238,98644,238,98887,100,98575,100,98898,100,98565,100,98924,100,98554,100,99093,100,,,99110,100,,,99205,100,,,99528,100,,,99553,100,,
2019-06-28 10:06:07.898075156,98785,238,98702,238,98876,238,98644,238,98887,100,98575,100,98898,100,98565,100,98924,100,98554,100,99093,100,,,99110,100,,,99205,100,,,99528,100,,,99553,100,,
2019-06-28 10:06:10.000000000,98785,194,98702,194,98876,191,98644,191,98887,191,98575,191,98898,100,98565,100,98924,100,98554,100,99093,100,,,99110,100,,,99205,100,,,99528,100,,,99553,100,,
2019-06-28 10:06:20.000000000,98785,376,98702,376,98876,100,98644,100,98887,100,98575,100,98898,100,98565,100,98924,100,98554,100,99093,100,,,99110,100,,,99205,100,,,99528,100,,,99553,100,,
2019-06-28 10:06:30.000000000,98785,194,98702,194,98876,191,98644,191,98887,191,98575,191,98898,100,98565,100,98924,100,98554,100,99093,100,,,99110,100,,,99205,100,,,99528,100,,,99553,100,,
2019-06-28 10:06:32.644063364,98785,94,98702,194,98876,191,98644,191,98887,191,98575,191,98898,100,98565,100,98924,100,98554,100,99093,100,,,99110,100,,,99205,100,,,99528,100,,,99553,100,,
2019-06-28 10:06:40.000000000,98876,169,98702,169,98887,169,98644,169,98898,169,98575,169,98924,169,98565,169,99093,100,98554,100,99110,100,,,99205,100,,,99528,100,,,99553,100,,,99804,200,,
2019-06-28 10:06:50.000000000,98876,238,98702,238,98887,238,98644,238,98898,100,98575,100,98924,100,98565,100,99093,100,98554,100,99110,100,,,99205,100,,,99528,100,,,99553,100,,,99804,200,,
2019-06-28 10:06:52.636238384,98876,238,98785,100,98887,238,98702,238,98898,100,98644,238,98924,100,98575,100,99093,100,98565,100,99110,100,98554,100,99205,100,,,99528,100,,,99553,100,,,99804,200,,
2019-06-28 10:06:58.342764250,98876,238,98785,200,98887,238,98702,238,98898,100,98644,238,98924,100,98575,100,99093,100,98565,100,99110,100,98554,100,99205,100,,,99528,100,,,99553,100,,,99804,200,,
2019-06-28 10:07:00.000000000,98876,194,98785,294,98887,191,98702,191,98898,191,98644,191,98924,100,98575,100,99093,100,98565,100,99110,100,98554,100,99205,100,,,99528,100,,,99553,100,,,99804,200,,
2019-06-28 10:07:05.624502277,98876,194,98785,294,98887,191,98702,191,98898,191,98644,191,98924,100,98575,100,99093,100,98565,100,99110,100,98554,100,99205,100,,,99528,100,,,99553,100,,,99610,100,,
2019-06-28 10:07:10.000000000,98876,194,98785,294,98887,191,98702,191,98898,191,98644,191,98924,100,98575,100,99093,100,98565,100,99110,100,98554,100,99205,100,,,99528,100,,,99553,100,,,99610,100,,
2019-06-28 10:07:19.027220894,98876,194,98785,294,98887,191,98702,191,98898,191,98644,191,98924,100,98575,100,99093,100,98565,100,99110,100,98554,100,99205,100,,,99417,100,,,99528,100,,,99553,100,,
2019-06-28 10:07:20.000000000,98876,194,98785,294,98887,191,98702,191,98898,191,98644,191,98924,100,98575,100,99093,100,98565,100,99110,100,98554,100,99205,100,,,99417,100,,,99528,100,,,99553,100,,
2019-06-28 10:07:30.000000000,98876,194,98785,294,98887,191,98702,191,98898,191,98644,191,98924,100,98575,100,99093,100,98565,100,99110,100,98554,100,99205,100,,,99417,100,,,99528,100,,,99553,100,,
2019-06-28 10:07:40.000000000,98876,194,98785,294,98887,191,98702,191,98898,191,98644,191,98924,100,98575,100,99093,100,98565,100,99110,100,98554,100,99205,100,,,99417,100,,,99528,100,,,99553,100,,
2019-06-28 10:07:50.000000000,98876,169,98785,269,98887,169,98702,169,98898,169,98644,169,98924,169,98575,169,99093,100,98565,100,99110,100,98554,100,99205,100,,,99417,100,,,99528,100,,,99553,100,,
2019-06-28 10:08:00.000000000,98876,194,98785,294,98887,191,98702,191,98898,191,98644,191,98924,100,98575,100,99093,100,98565,100,99110,100,98554,100,99205,100,,,99417,100,,,99528,100,,,99553,100,,
2019-06-28 10:08:02.704157924,98876,194,98785,394,98887,191,98702,191,98898,191,98644,191,98924,100,98575,100,99093,100,98565,100,99110,100,98554,100,99205,100,,,99417,100,,,99528,100,,,99553,100,,
2019-06-28 10:08:10.000000000,98876,169,98785,369,98887,169,98702,169,98898,169,98644,169,98924,169,98575,169,99093,100,98565,100,99110,100,98554,100,99205,100,,,99417,100,,,99528,100,,,99553,100,,
2019-06-28 10:08:20.000000000,98876,376,98785,576,98887,100,98702,100,98898,100,98644,100,98924,100,98575,100,99093,100,98565,100,99110,100,98554,100,99205,100,,,99417,100,,,99528,100,,,99553,100,,
2019-06-28 10:08:24.747497441,98876,376,98785,576,98887,100,98702,100,98898,100,98644,100,98924,100,98575,100,99093,100,98565,100,99110,100,98554,100,99205,100,,,99417,100,,,99528,100,,,99553,100,,
2019-06-28 10:08:30.000000000,98876,155,98785,355,98887,155,98702,155,98898,155,98644,155,98924,155,98575,155,99093,155,98565,155,99110,100,98554,100,99205,100,,,99417,100,,,99528,100,,,99553,100,,
2019-06-28 10:08:40.000000000,98876,238,98785,438,98887,238,98702,238,98898,100,98644,100,98924,100,98575,100,99093,100,98565,100,99110,100,98554,100,99205,100,,,99417,100,,,99528,100,,,99553,100,,
2019-06-28 10:08:50.000000000,98876,169,98785,369,98887,169,98702,169,98898,169,98644,169,98924,169,98575,169,99093,100,98565,100,99110,100,98554,100,99205,100,,,99417,100,,,99528,100,,,99553,100,,
2019-06-28 10:09:00.000000000,98876,376,98785,576,98887,100,98702,100,98898,100,98644,100,98924,100,98575,100,99093,100,98565,100,99110,100,98554,100,99205,100,,,99417,100,,,99528,100,,,99553,100,,
2019-06-28 10:09:06.566404152,98876,376,98785,676,98887,100,98702,100,98898,100,98644,100,98924,100,98575,100,99093,100,98565,100,99110,100,98554,100,99205,100,,,99417,100,,,99528,100,,,99553,100,,
2019-06-28 10:09:10.000000000,98876,155,98785,455,98887,155,98702,155,98898,155,98644,155,98924,155,98575,155,99093,155,98565,155,99110,100,98554,100,99205,100,,,99417,100,,,99528,100,,,99553,100,,
2019-06-28 10:09:20.000000000,98876,238,98785,538,98887,238,98702,238,98898,100,98644,100,98924,100,98575,100,99093,100,98565,100,99110,100,98554,100,99205,100,,,99417,100,,,99528,100,,,99553,100,,
2019-06-28 10:09:30.000000000,98876,238,98785,538,98887,238,98702,238,98898,100,98644,100,98924,100,98575,100,99093,100,98565,100,99110,100,98554,100,99205,100,,,99417,100,,,99528,100,,,99553,100,,
2019-06-28 10:09:40.000000000,98876,238,98785,538,98887,238,98702,238,98898,100,98644,100,98924,100,98575,100,99093,100,98565,100,99110,100,98554,100,99205,100,,,99417,100,,,99528,100,,,99553,100,,
2019-06-28 10:09:46.846179873,98876,138,98785,538,98887,138,98702,238,98898,100,98644,100,98924,100,98575,100,99093,100,98565,100,99110,100,98554,100,99205,100,,,99417,100,,,99528,100,,,99553,100,,
2019-06-28 10:09:50.000000000,98898,169,98785,469,98924,169,98702,169,99093,169,98644,169,99110,169,98575,169,99205,100,98565,100,99417,100,98554,100,99528,100,,,99553,100,,,99610,100,,,99804,100,,
2019-06-28 10:10:00.000000000,98898,376,98785,676,98924,100,98702,100,99093,100,98644,100,99110,100,98575,100,99205,100,98565,100,99417,100,98554,100,99528,100,,,99553,100,,,99610,100,,,99804,100,,
2019-06-28 10:10:04.205644745,98898,276,98785,676,98924,100,98702,100,99093,100,98644,100,99110,100,98575,100,99205,100,98565,100,99417,100,98554,100,99528,100,,,99553,100,,,99610,100,,,99804,100,,
2019-06-28 10:10:10.000000000,98924,194,98785,494,99093,191,98702,191,99110,191,98644,191,99205,100,98575,100,99417,100,98565,100,99528,100,98554,100,99553,100,,,99610,100,,,99804,100,,,99944,31,,
2019-06-28 10:10:20.000000000,98924,169,98785,469,99093,169,98702,169,99110,169,98644,169,99205,169,98575,169,99417,100,98565,100,99528,100,98554,100,99553,100,,,99610,100,,,99804,100,,,99944,31,,
2019-06-28 10:10:24.274654262,98924,169,98876,100,99093,169,98785,369,99110,169,98702,169,99205,169,98644,169,99417,100,98575,169,99528,100,98565,100,99553,100,98554,100,99610,100,,,99804,100,,,99944,31,,
2019-06-28 10:10:30.000000000,98924,155,98876,155,99093,155,98785,355,99110,155,98702,155,99205,155,98644,155,99417,155,98575,155,99528,100,98565,100,99553,100,98554,100,99610,100,,,99804,100,,,99944,31,,
2019-06-28 10:10:37.249073383,98924,55,98876,155,99093,155,98785,355,99110,155,98702,155,99205,155,98644,155,99417,155,98575,155,99528,100,98565,100,99553,100,98554,100,99610,100,,,99804,100,,,99978,100,,
2019-06-28 10:10:40.000000000,99093,376,98876,376,99110,100,98785,300,99205,100,98702,100,99417,100,98644,100,99528,100,98575,100,99553,100,98565,100,99610,100,98554,100,99804,100,,,99978,100,,,99990,100,,
2019-06-28 10:10:50.000000000,99093,194,98876,194,99110,191,98785,391,99205,191,98702,191,99417,100,98644,100,99528,100,98575,100,99553,100,98565,100,99610,100,98554,100,99804,100,,,99978,100,,,99990,100,,
2019-06-28 10:10:56.002932494,99093,194,98876,194,99110,191,98785,391,99205,191,98702,191,99417,100,98644,100,99553,100,98575,100,99610,100,98565,100,99804,100,98554,100,99978,100,,,99990,100,,,100408,100,,
2019-06-28 10:10:56.117087244,99093,94,98876,194,99110,191,98785,391,99205,191,98702,191,99417,100,98644,100,99553,100,98575,100,99610,100,98565,100,99804,100,98554,100,99978,100,,,99990,100,,,100408,100,,
2019-06-28 10:11:00.000000000,99110,169,98876,169,99205,169,98785,369,99417,169,98702,169,99553,169,98644,169,99610,100,98575,100,99804,100,98565,100,99978,100,98554,100,99990,100,,,100408,100,,,100724,100,,
2019-06-28 10:11:04.189700760,99110,169,98876,169,99205,169,98785,369,99417,169,98702,169,99553,169,98644,169,99610,100,98575,100,99804,100,98565,100,99978,100,98554,100,99990,100,,,100408,100,,,100724,100,,
2019-06-28 10:11:10.000000000,99110,376,98876,376,99205,100,98785,300,99417,100,98702,100,99553,100,98644,100,99610,100,98575,100,99804,100,98565,100,99978,100,98554,100,99990,100,,,100408,100,,,100724,100,,
2019-06-28 10:11:17.008894612,99110,376,98876,376,99205,100,98785,300,99417,100,98702,100,99553,100,98644,100,99610,100,98575,100,99804,100,98565,100,99978,100,98554,100,99990,100,,,100724,100,,,100915,100,,
2019-06-28 10:11:20.000000000,99110,238,98876,238,99205,238,98785,438,99417,100,98702,100,99553,100,98644,100,99610,100,98575,100,99804,100,98565,100,99978,100,98554,100,99990,100,,,100724,100,,,100915,100,,
2019-06-28 10:11:30.000000000,99110,169,98876,169,99205,169,98785,369,99417,169,98702,169,99553,169,98644,169,99610,100,98575,100,99804,100,98565,100,99978,100,98554,100,99990,100,,,100724,100,,,100915,100,,
2019-06-28 10:11:40.000000000,99110,155,98876,155,99205,155,98785,355,99417,155,98702,155,99553,155,98644,155,99610,155,98575,155,99804,100,98565,100,99978,100,98554,100,99990,100,,,100724,100,,,100915,100,,
2019-06-28 10:11:40.796659363,99110,55,98876,155,99205,155,98785,355,99417,155,98702,155,99553,155,98644,155,99610,155,98575,155,99804,100,98565,100,99978,100,98554,100,99990,100,,,100724,100,,,100915,100,,
2019-06-28 10:11:50.000000000,99205,169,98876,169,99417,169,98785,369,99553,169,98702,169,99610,169,98644,169,99804,100,98575,100,99978,100,98565,100,99990,100,98554,100,100724,100,,,100915,100,,,101050,100,,
2019-06-28 10:11:53.501584343,99205,69,98876,169,99417,169,98785,369,99553,169,98702,169,99610,169,98644,169,99804,100,98575,100,99978,100,98565,100,99990,100,98554,100,100724,100,,,100915,100,,,101050,100,,
2019-06-28 10:11:56.230005390,99205,69,99110,100,99417,169,98876,169,99553,169,98785,369,99610,169,98702,169,99804,100,98644,169,99978,100,98575,100,99990,100,98565,100,100724,100,98554,100,100915,100,,,101050,100,,
2019-06-28 10:12:00.000000000,99417,169,99110,169,99553,169,98876,169,99610,169,98785,369,99804,169,98702,169,99978,100,98644,100,99990,100,98575,100,100724,100,98565,100,100915,100,98554,100,101050,100,,,101135,100,,
2019-06-28 10:12:09.691410056,99417,169,99110,169,99553,169,98876,169,99610,169,98785,369,99804,169,98702,169,99978,100,98644,100,99990,100,98575,100,100742,100,98565,100,100915,100,98554,100,101050,100,,,101135,100,,
2019-06-28 10:12:10.000000000,99417,194,99110,194,99553,191,98876,191,99610,191,98785,391,99804,100,98702,100,99978,100,98644,100,99990,100,98575,100,100742,100,98565,100,100915,100,98554,100,101050,100,,,101135,100,,
2019-06-28 10:12:20.000000000,99417,155,99110,155,99553,155,98876,155,99610,155,98785,355,99804,155,98702,155,99978,155,98644,155,99990,100,98575,100,100742,100,98565,100,100915,100,98554,100,101050,100,,,101135,100,,
2019-06-28 10:12:20.087014520,99417,155,99110,255,99553,155,98876,155,99610,155,98785,355,99804,155,98702,155,99978,155,98644,155,99990,100,98575,100,100742,100,98565,100,100915,100,98554,100,101050,100,,,101135,100,,
2019-06-28 10:12:30.000000000,99417,155,99110,255,99553,155,98876,155,99610,155,98785,355,99804,155,98702,155,99978,155,98644,155,99990,100,98575,100,100742,100,98565,100,100915,100,98554,100,101050,100,,,101135,100,,
2019-06-28 10:12:34.321037167,99417,155,99110,255,99553,155,98876,155,99610,155,98785,355,99804,155,98702,155,99978,155,98644,155,99990,100,98575,100,100562,100,98565,100,100742,100,98554,100,100915,100,,,101050,100,,
2019-06-28 10:12:35.521783048,99417,55,99110,255,99553,155,98876,155,99610,155,98785,355,99804,155,98702,155,99978,155,98644,155,99990,100,98575,100,100562,100,98565,100,100742,100,98554,100,100915,100,,,101050,100,,
2019-06-28 10:12:40.000000000,99553,376,99110,476,99610,100,98876,100,99804,100,98785,300,99978,100,98702,100,99990,100,98644,100,100562,100,98575,100,100742,100,98565,100,100915,100,98554,100,101050,100,,,101135,100,,
2019-06-28 10:12:50.000000000,99553,194,99110,294,99610,191,98876,191,99804,191,98785,391,99978,100,98702,100,99990,100,98644,100,100562,100,98575,100,100742,100,98565,100,100915,100,98554,100,101050,100,,,101135,100,,
