,ask_price_1,ask_size_1,bid_price_1,bid_size_1,ask_price_2,ask_size_2,bid_price_2,bid_size_2,ask_price_3,ask_size_3,bid_price_3,bid_size_3,ask_price_4,ask_size_4,bid_price_4,bid_size_4,ask_price_5,ask_size_5,bid_price_5,bid_size_5,ask_price_6,ask_size_6,bid_price_6,bid_size_6,ask_price_7,ask_size_7,bid_price_7,bid_size_7,ask_price_8,ask_size_8,bid_price_8,bid_size_8,ask_price_9,ask_size_9,bid_price_9,bid_size_9,ask_price_10,ask_size_10,bid_price_10,bid_size_10
2019-06-28 09:30:00.000000003,,,99936,100,,,,,,,,,,,,,,,,,,,,,,,,,,,,,,,,,,,,
2019-06-28 09:30:00.000000005,,,100082,100,,,99936,100,,,,,,,,,,,,,,,,,,,,,,,,,,,,,,,,
2019-06-28 09:30:00.000000006,,,100082,100,,,100016,100,,,99936,100,,,99877,100,,,,,,,,,,,,,,,,,,,,,,,,
2019-06-28 09:30:00.000000007,,,100082,100,,,100016,100,,,99947,100,,,99936,100,,,99877,100,,,,,,,,,,,,,,,,,,,,
2019-06-28 09:30:00.000000008,,,100082,100,,,100016,100,,,99947,100,,,99936,100,,,99928,100,,,99877,100,,,,,,,,,,,,,,,,
2019-06-28 09:30:00.000000009,,,100082,100,,,100016,100,,,99947,100,,,99936,100,,,99928,100,,,99892,100,,,99877,100,,,,,,,,,,,,
2019-06-28 09:30:00.000000011,,,100016,100,,,99947,100,,,99936,100,,,99928,100,,,99892,100,,,99877,100,,,,,,,,,,,,,,,,
2019-06-28 09:30:00.000000012,100123,100,100016,100,,,99947,100,,,99936,100,,,99928,100,,,99923,100,,,99892,100,,,99877,100,,,,,,,,,,,,
2019-06-28 09:30:00.000000013,100123,100,99947,100,,,99936,100,,,99928,100,,,99923,100,,,99892,100,,,99877,100,,,99818,100,,,,,,,,,,,,
2019-06-28 09:30:00.000000015,100104,100,99947,100,100123,100,99936,100,,,99935,100,,,99928,100,,,99923,100,,,99912,100,,,99892,100,,,99877,100,,,99818,100,,,,
2019-06-28 09:30:00.000000016,100082,100,99947,100,100104,100,99936,100,100123,100,99935,100,,,99928,100,,,99923,100,,,99912,100,,,99892,100,,,99877,100,,,99818,100,,,,
2019-06-28 09:30:00.000000017,100082,100,99947,100,100087,100,99936,100,100104,100,99935,100,100123,100,99928,100,,,99923,100,,,99912,100,,,99892,100,,,99877,100,,,99818,100,,,,
2019-06-28 09:30:00.000000019,100082,100,99947,100,100087,100,99936,100,100104,100,99935,100,100123,100,99928,100,,,99923,100,,,99912,100,,,99892,100,,,99880,100,,,99877,100,,,99818,100
2019-06-28 09:30:00.000000021,99977,100,99947,100,100029,100,99936,100,100082,100,99935,100,100087,100,99928,100,100104,100,99923,100,100123,100,99912,100,,,99892,100,,,99880,100,,,99877,100,,,99818,100
2019-06-28 09:30:00.000000023,99977,100,99947,100,100025,100,99936,100,100029,100,99935,100,100082,100,99928,100,100087,100,99923,100,100104,100,99917,100,100123,100,99912,100,,,99892,100,,,99880,100,,,99877,100
2019-06-28 09:30:00.000000025,99977,100,99947,100,100025,100,99936,100,100029,100,99935,100,100067,100,99928,100,100073,100,99923,100,100082,100,99917,100,100087,100,99912,100,100104,100,99892,100,100123,100,99880,100,,,99877,100
2019-06-28 09:30:00.000000026,99977,100,99947,100,100025,100,99936,100,100029,100,99935,100,100067,100,99928,100,100073,100,99923,100,100082,200,99917,100,100087,100,99912,100,100104,100,99892,100,100123,100,99880,100,,,99877,100
2019-06-28 09:30:00.000000027,99977,100,99955,100,100025,100,99947,100,100029,100,99936,100,100067,100,99935,100,100073,100,99928,100,100082,200,99923,100,100087,100,99917,100,100104,100,99912,100,100123,100,99906,100,,,99892,100
2019-06-28 09:30:00.000000028,99977,100,99955,100,100025,100,99947,100,100029,100,99936,100,100066,100,99935,100,100067,100,99928,100,100073,100,99923,100,100082,200,99917,100,100087,100,99912,100,100104,100,99906,100,100123,100,99892,100
2019-06-28 09:30:00.000000029,99977,100,99955,100,99999,100,99947,100,100025,100,99936,100,100029,100,99935,100,100066,100,99928,100,100067,100,99923,100,100071,100,99917,100,100073,100,99912,100,100082,200,99906,100,100087,100,99892,100
2019-06-28 09:30:00.000000031,99977,100,99955,100,99999,100,99947,100,100025,100,99936,100,100029,100,99935,100,100066,100,99928,100,100067,100,99923,100,100071,100,99917,100,100073,100,99912,100,100082,200,99906,100,100083,100,99892,100
2019-06-28 09:30:00.000000034,99977,100,99955,100,99999,100,99947,100,100025,100,99936,100,100029,100,99935,100,100066,100,99928,100,100067,100,99923,100,100071,100,99917,100,100073,100,99912,100,100082,300,99906,100,100083,100,99892,100
2019-06-28 09:30:00.000000039,99977,100,99955,100,99999,100,99947,100,100025,100,99936,100,100029,100,99935,100,100030,100,99928,100,100066,100,99923,100,100067,100,99917,100,100071,100,99912,100,100073,100,99906,100,100082,300,99892,100
2019-06-28 09:30:00.000000041,99977,100,99955,100,99999,100,99947,100,100025,100,99936,100,100029,100,99935,100,100030,100,99928,100,100066,100,99923,100,100067,100,99917,100,100071,100,99914,100,100073,100,99912,100,100082,300,99906,100
2019-06-28 09:30:00.000000042,99999,100,99955,100,100025,100,99947,100,100029,100,99936,100,100030,100,99935,100,100063,100,99928,100,100066,100,99923,100,100067,100,99917,100,100071,100,99914,100,100073,100,99912,100,100082,300,99906,100
2019-06-28 09:30:00.000000045,99999,100,99955,100,100005,100,99947,100,100025,100,99936,100,100029,100,99935,100,100030,100,99928,100,100063,100,99923,100,100066,100,99917,100,100067,100,99914,100,100071,100,99912,100,100073,100,99906,100
2019-06-28 09:30:00.000000048,99999,100,99955,100,100005,100,99947,100,100025,100,99936,100,100029,100,99935,100,100030,100,99928,100,100054,100,99923,100,100063,100,99917,100,100066,100,99914,100,100067,100,99912,100,100071,100,99906,100
2019-06-28 09:30:00.000000052,99998,100,99955,100,99999,100,99947,100,100005,100,99936,100,100025,100,99935,100,100029,100,99928,100,100030,100,99923,100,100054,100,99917,100,100063,100,99914,100,100066,100,99912,100,100067,100,99906,100
2019-06-28 09:30:00.000000055,99998,100,99955,100,99999,100,99947,100,100005,100,99936,100,100025,100,99935,100,100029,100,99928,100,100030,100,99923,100,100036,100,99917,100,100054,100,99914,100,100063,100,99912,100,100066,100,99906,100
2019-06-28 09:30:00.000000057,99999,100,99955,100,100005,100,99947,100,100025,100,99936,100,100029,100,99935,100,100030,100,99928,100,100036,100,99923,100,100054,100,99917,100,100063,100,99914,100,100066,100,99912,100,100067,100,99906,100
2019-06-28 09:30:00.000000061,99999,100,99955,100,100005,100,99947,100,100025,100,99936,100,100029,100,99935,100,100030,100,99928,100,100036,100,99923,100,100054,100,99917,100,100063,100,99914,100,100066,100,99912,100,100067,100,99906,100
2019-06-28 09:30:00.000000063,99999,100,99977,100,100005,100,99955,100,100025,100,99947,100,100029,100,99936,100,100030,100,99935,100,100036,100,99928,100,100054,100,99923,100,100063,100,99917,100,100066,100,99914,100,100067,100,99912,100
2019-06-28 09:30:00.000000065,99999,100,99977,100,100005,100,99955,100,100025,100,99947,100,100029,100,99936,100,100030,100,99935,100,100036,100,99931,100,100054,100,99928,100,100063,100,99923,100,100066,100,99917,100,100067,100,99914,100
2019-06-28 09:30:00.000000066,99999,100,99977,100,100005,100,99955,100,100025,100,99947,100,100029,100,99942,100,100030,100,99936,100,100036,100,99935,100,100054,100,99931,100,100063,100,99928,100,100066,100,99923,100,100067,100,99917,100
2019-06-28 09:30:00.000000067,100005,100,99977,100,100025,100,99955,100,100029,100,99947,100,100030,100,99942,100,100036,100,99936,100,100054,100,99935,100,100063,100,99931,100,100066,100,99928,100,100067,100,99923,100,100071,100,99917,100
2019-06-28 09:30:00.000000069,100025,100,99977,100,100029,100,99955,100,100030,100,99947,100,100036,100,99942,100,100054,100,99936,100,100063,100,99935,100,100066,100,99931,100,100067,100,99928,100,100071,100,99923,100,100073,200,99917,100
2019-06-28 09:30:00.000000070,100025,100,99977,100,100029,100,99955,100,100030,100,99947,100,100036,100,99942,100,100054,100,99936,100,100063,100,99935,100,100066,100,99931,200,100067,100,99928,100,100071,100,99923,100,100073,200,99917,100
2019-06-28 09:30:00.000000076,100025,100,99955,100,100029,100,99947,100,100030,100,99942,100,100036,100,99936,100,100054,100,99935,100,100063,100,99931,200,100066,100,99928,100,100067,100,99923,100,100071,100,99917,100,100073,200,99914,100
2019-06-28 09:30:00.000000077,100014,100,99955,100,100025,100,99947,100,100029,100,99942,100,100030,100,99936,100,100036,100,99935,100,100054,100,99931,200,100063,100,99928,100,100066,100,99923,100,100067,100,99917,100,100071,100,99914,100
2019-06-28 09:30:00.000000086,100025,100,100007,100,100029,100,99955,100,100030,100,99947,100,100036,100,99942,100,100054,100,99936,100,100063,100,99935,100,100065,100,99931,200,100066,100,99928,100,100067,100,99923,100,100071,100,99917,100
2019-06-28 09:30:00.000000087,100025,100,100007,100,100029,100,99955,100,100030,100,99947,100,100036,100,99945,100,100054,100,99942,100,100063,100,99936,100,100065,100,99935,100,100066,100,99931,200,100067,100,99928,100,100071,100,99923,100
2019-06-28 09:30:00.000000090,100014,100,100007,100,100025,100,99955,100,100029,100,99947,100,100030,100,99945,100,100036,100,99942,100,100054,100,99936,100,100063,100,99935,100,100065,100,99931,200,100066,100,99928,100,100067,100,99923,100
2019-06-28 09:30:00.000000091,100014,100,99955,100,100025,100,99947,100,100029,100,99945,100,100030,100,99942,100,100036,100,99936,100,100054,100,99935,100,100063,100,99931,200,100065,100,99928,100,100066,100,99923,100,100067,100,99917,100
2019-06-28 09:30:00.000000093,100014,100,99955,100,100025,100,99947,100,100029,100,99945,100,100030,100,99942,100,100036,100,99936,100,100054,100,99935,100,100063,100,99931,200,100065,100,99928,100,100066,100,99923,100,100067,100,99917,100
2019-06-28 09:30:00.000000096,100013,100,99955,100,100014,100,99947,100,100025,100,99945,100,100029,100,99942,100,100030,100,99936,100,100036,100,99935,100,100054,100,99931,200,100063,100,99928,100,100065,100,99923,100,100066,100,99917,100
2019-06-28 09:30:00.000000098,100013,100,99980,100,100014,100,99955,100,100025,100,99947,100,100029,100,99945,100,100030,100,99942,100,100036,100,99936,100,100054,100,99935,100,100063,100,99931,200,100065,100,99928,100,100066,100,99923,100
2019-06-28 09:30:00.000000099,100013,200,99980,100,100014,100,99955,100,100025,100,99947,100,100029,100,99945,100,100030,100,99942,100,100036,100,99936,100,100054,100,99935,100,100063,100,99931,200,100065,100,99928,100,100066,100,99923,100
2019-06-28 09:30:10.000000000,100013,658,99980,558,100014,100,99955,100,100025,100,99947,100,100029,100,99945,100,100030,100,99942,100,100036,100,99936,100,100054,100,99935,100,100063,100,99931,200,100065,100,99928,100,100066,100,99923,100
2019-06-28 09:30:20.000000000,100013,429,99980,329,100014,329,99955,329,100025,100,99947,100,100029,100,99945,100,100030,100,99942,100,100036,100,99936,100,100054,100,99935,100,100063,100,99931,200,100065,100,99928,100,100066,100,99923,100
2019-06-28 09:30:21.408017183,100013,429,99980,329,100014,329,99955,329,100025,100,99947,100,100029,100,99945,100,100030,100,99942,100,100036,100,99936,100,100054,100,99935,100,100063,100,99931,200,100065,100,99928,100,100066,100,99923,100
2019-06-28 09:30:30.000000000,100013,429,99980,329,100014,329,99955,329,100025,100,99947,100,100029,100,99945,100,100030,100,99942,100,100036,100,99936,100,100054,100,99935,100,100063,100,99931,200,100065,100,99928,100,100066,100,99923,100
2019-06-28 09:30:31.018376154,100013,429,99980,329,100014,329,99955,329,100025,100,99947,100,100029,100,99945,100,100030,100,99942,100,100036,100,99936,100,100054,100,99935,100,100063,100,99931,200,100065,100,99928,100,100066,100,99923,100
2019-06-28 09:30:40.000000000,100013,658,99980,558,100014,100,99955,100,100025,100,99947,100,100029,100,99945,100,100030,100,99942,100,100036,100,99936,100,100054,100,99935,100,100063,100,99931,200,100065,100,99928,100,100066,100,99923,100
2019-06-28 09:30:42.968820241,100013,658,99980,558,100014,100,99955,100,100025,100,99947,100,100029,100,99945,100,100030,100,99942,100,100036,100,99936,100,100054,100,99935,100,100063,100,99931,200,100065,100,99928,100,100066,100,99923,100
2019-06-28 09:30:45.088899499,100013,658,99980,558,100014,100,99955,100,100025,100,99947,100,100029,100,99945,100,100030,100,99942,100,100036,100,99936,100,100054,100,99935,100,100063,100,99931,200,100065,100,99928,100,100066,100,99923,100
2019-06-28 09:30:45.612218913,100013,658,99980,458,100014,100,99955,100,100025,100,99947,100,100029,100,99945,100,100030,100,99942,100,100036,100,99936,100,100054,100,99935,100,100063,100,99931,200,100065,100,99928,100,100066,100,99923,100
2019-06-28 09:30:49.509874285,100013,658,99980,358,100014,100,99955,100,100025,100,99947,100,100029,100,99945,100,100030,100,99942,100,100036,100,99936,100,100054,100,99935,100,100063,100,99931,200,100066,100,99928,100,100067,100,99923,100
2019-06-28 09:30:50.000000000,100013,356,99955,256,100014,251,99947,251,100025,251,99945,251,100029,100,99942,100,100030,100,99936,100,100036,100,99935,100,100054,100,99931,200,100063,100,99928,100,100066,100,99923,100,100067,100,99917,100
2019-06-28 09:31:00.000000000,100013,429,99955,329,100014,329,99947,329,100025,100,99945,100,100029,100,99942,100,100030,100,99936,100,100036,100,99935,100,100054,100,99931,200,100063,100,99928,100,100066,100,99923,100,100067,100,99917,100
2019-06-28 09:31:10.000000000,100013,314,99955,214,100014,214,99947,214,100025,214,99945,214,100029,214,99942,214,100030,100,99936,100,100036,100,99935,100,100054,100,99931,200,100063,100,99928,100,100066,100,99923,100,100067,100,99917,100
2019-06-28 09:31:20.000000000,100013,314,99955,214,100014,214,99947,214,100025,214,99945,214,100029,214,99942,214,100030,100,99936,100,100036,100,99935,100,100054,100,99931,200,100063,100,99928,100,100066,100,99923,100,100067,100,99917,100
2019-06-28 09:31:30.000000000,100013,429,99955,329,100014,329,99947,329,100025,100,99945,100,100029,100,99942,100,100030,100,99936,100,100036,100,99935,100,100054,100,99931,200,100063,100,99928,100,100066,100,99923,100,100067,100,99917,100
2019-06-28 09:31:39.245282625,100013,429,99955,229,100014,329,99947,329,100025,100,99945,100,100029,100,99942,100,100030,100,99936,100,100036,100,99935,100,100054,100,99931,200,100063,100,99928,100,100066,100,99923,100,100067,100,99917,100
2019-06-28 09:31:40.000000000,100013,292,99947,192,100014,192,99945,192,100025,192,99942,192,100029,192,99936,192,100030,192,99935,192,100036,100,99931,200,100054,100,99928,100,100063,100,99923,100,100066,100,99917,100,100067,100,99914,100
2019-06-28 09:31:50.000000000,100013,356,99947,256,100014,251,99945,251,100025,251,99942,251,100029,100,99936,100,100030,100,99935,100,100036,100,99931,200,100054,100,99928,100,100063,100,99923,100,100066,100,99917,100,100067,100,99914,100
2019-06-28 09:31:58.834154750,100013,356,99947,156,100014,251,99945,251,100025,251,99942,251,100029,100,99936,100,100030,100,99935,100,100036,100,99931,200,100054,100,99923,100,100063,100,99917,100,100066,100,99914,100,100067,100,99912,100
2019-06-28 09:32:00.000000000,100013,314,99945,214,100014,214,99942,214,100025,214,99936,214,100029,214,99935,214,100030,100,99931,200,100036,100,99923,100,100054,100,99917,100,100063,100,99914,100,100066,100,99912,100,100067,100,99906,100
2019-06-28 09:32:10.000000000,100013,658,99945,558,100014,100,99942,100,100025,100,99936,100,100029,100,99935,100,100030,100,99931,200,100036,100,99923,100,100054,100,99917,100,100063,100,99914,100,100066,100,99912,100,100067,100,99906,100
2019-06-28 09:32:14.793143557,99955,100,99945,558,100013,658,99942,100,100014,100,99936,100,100025,100,99935,100,100029,100,99931,200,100030,100,99923,100,100036,100,99917,100,100054,100,99914,100,100063,100,99912,100,100066,100,99906,100
2019-06-28 09:32:20.000000000,99955,256,99945,256,100013,351,99942,251,100014,251,99936,251,100025,100,99935,100,100029,100,99931,200,100030,100,99923,100,100036,100,99917,100,100054,100,99914,100,100063,100,99912,100,100066,100,99906,100
2019-06-28 09:32:30.000000000,99955,256,99945,256,100013,351,99942,251,100014,251,99936,251,100025,100,99935,100,100029,100,99931,200,100030,100,99923,100,100036,100,99917,100,100054,100,99914,100,100063,100,99912,100,100066,100,99906,100
2019-06-28 09:32:40.000000000,99955,558,99945,558,100013,200,99942,100,100014,100,99936,100,100025,100,99935,100,100029,100,99931,200,100030,100,99923,100,100036,100,99917,100,100054,100,99914,100,100063,100,99912,100,100066,100,99906,100
2019-06-28 09:32:50.000000000,99955,329,99945,329,100013,429,99942,329,100014,100,99936,100,100025,100,99935,100,100029,100,99931,200,100030,100,99923,100,100036,100,99917,100,100054,100,99914,100,100063,100,99912,100,100066,100,99906,100
2019-06-28 09:33:00.000000000,99955,256,99945,256,100013,351,99942,251,100014,251,99936,251,100025,100,99935,100,100029,100,99931,200,100030,100,99923,100,100036,100,99917,100,100054,100,99914,100,100063,100,99912,100,100066,100,99906,100
2019-06-28 09:33:00.777295847,99955,256,99945,156,100013,351,99942,251,100014,251,99936,251,100025,100,99935,100,100029,100,99931,200,100030,100,99923,100,100036,100,99917,100,100054,100,99914,100,100063,100,99912,100,100066,100,99906,100
2019-06-28 09:33:10.000000000,99955,256,99942,256,100013,351,99936,251,100014,251,99935,251,100025,100,99931,200,100029,100,99923,100,100030,100,99917,100,100036,100,99914,100,100054,100,99912,100,100063,100,99906,100,100066,100,99892,100
2019-06-28 09:33:20.000000000,99955,192,99942,192,100013,292,99936,192,100014,192,99935,192,100025,192,99931,292,100029,192,99923,192,100030,100,99917,100,100036,100,99914,100,100054,100,99912,100,100063,100,99906,100,100066,100,99892,100
2019-06-28 09:33:30.000000000,99955,256,99942,256,100013,351,99936,251,100014,251,99935,251,100025,100,99931,200,100029,100,99923,100,100030,100,99917,100,100036,100,99914,100,100054,100,99912,100,100063,100,99906,100,100066,100,99892,100
2019-06-28 09:33:40.000000000,99955,192,99942,192,100013,292,99936,192,100014,192,99935,192,100025,192,99931,292,100029,192,99923,192,100030,100,99917,100,100036,100,99914,100,100054,100,99912,100,100063,100,99906,100,100066,100,99892,100
2019-06-28 09:33:50.000000000,99955,214,99942,214,100013,314,99936,214,100014,214,99935,214,100025,214,99931,314,100029,100,99923,100,100030,100,99917,100,100036,100,99914,100,100054,100,99912,100,100063,100,99906,100,100066,100,99892,100
2019-06-28 09:33:55.935664366,99955,214,99942,214,100013,314,99936,214,100014,214,99935,214,100025,214,99931,314,100029,100,99923,100,100030,100,99917,100,100036,100,99914,100,100054,100,99912,100,100063,100,99906,100,100066,100,99892,100
2019-06-28 09:33:59.609438437,99955,214,99948,100,100013,314,99942,214,100014,214,99936,214,100025,214,99935,214,100029,100,99931,314,100030,100,99923,100,100036,100,99917,100,100054,100,99914,100,100063,100,99912,100,100066,100,99906,100
2019-06-28 09:34:00.000000000,99955,192,99948,192,100013,292,99942,192,100014,192,99936,192,100025,192,99935,192,100029,192,99931,292,100030,100,99923,100,100036,100,99917,100,100054,100,99914,100,100063,100,99912,100,100066,100,99906,100
2019-06-28 09:34:01.785649744,99955,192,99948,192,100013,292,99944,100,100014,192,99942,192,100025,192,99936,192,100029,192,99935,192,100030,100,99931,292,100036,100,99923,100,100054,100,99917,100,100063,100,99914,100,100066,100,99912,100
2019-06-28 09:34:10.000000000,99955,256,99948,256,100013,351,99944,251,100014,251,99942,251,100025,100,99936,100,100029,100,99935,100,100030,100,99931,200,100036,100,99923,100,100054,100,99917,100,100063,100,99914,100,100066,100,99912,100
2019-06-28 09:34:12.426942412,99955,256,99948,256,100013,351,99944,251,100014,251,99942,251,100025,100,99936,100,100029,100,99935,100,100030,100,99931,200,100036,100,99923,100,100054,100,99917,100,100063,100,99914,100,100066,100,99912,100
2019-06-28 09:34:20.000000000,99955,214,99948,214,100013,314,99944,214,100014,214,99942,214,100025,214,99936,214,100029,100,99935,100,100030,100,99931,200,100036,100,99923,100,100054,100,99917,100,100063,100,99914,100,100066,100,99912,100
2019-06-28 09:34:22.722679173,99955,114,99948,214,100013,314,99944,214,100014,214,99942,214,100025,214,99936,214,100029,100,99935,100,100030,100,99931,200,100036,100,99923,100,100054,100,99917,100,100063,100,99914,100,100066,100,99912,100
2019-06-28 09:34:30.000000000,100013,356,99948,256,100014,251,99944,251,100025,251,99942,251,100029,100,99936,100,100030,100,99935,100,100036,100,99931,200,100054,100,99923,100,100063,100,99917,100,100066,100,99914,100,100067,100,99912,100
2019-06-28 09:34:40.000000000,100013,314,99948,214,100014,214,99944,214,100025,214,99942,214,100029,214,99936,214,100030,100,99935,100,100036,100,99931,200,100054,100,99923,100,100063,100,99917,100,100066,100,99914,100,100067,100,99912,100
2019-06-28 09:34:46.913671495,99990,100,99948,214,100013,314,99944,214,100014,214,99942,214,100025,214,99936,214,100029,214,99935,100,100030,100,99931,200,100036,100,99923,100,100054,100,99917,100,100063,100,99914,100,100066,100,99912,100
2019-06-28 09:34:50.000000000,99990,256,99948,256,100013,351,99944,251,100014,251,99942,251,100025,100,99936,100,100029,100,99935,100,100030,100,99931,200,100036,100,99923,100,100054,100,99917,100,100063,100,99914,100,100066,100,99912,100
2019-06-28 09:34:55.491948489,99990,256,99948,256,100013,351,99944,251,100014,251,99942,251,100025,100,99936,100,100029,100,99935,100,100030,100,99932,100,100036,100,99931,200,100054,100,99923,100,100063,100,99917,100,100066,100,99914,100
2019-06-28 09:35:00.000000000,99990,256,99948,256,100013,351,99944,251,100014,251,99942,251,100025,100,99936,100,100029,100,99935,100,100030,100,99932,100,100036,100,99931,200,100054,100,99923,100,100063,100,99917,100,100066,100,99914,100
2019-06-28 09:35:02.962997101,99990,256,99948,256,100013,351,99944,251,100014,251,99942,251,100025,100,99936,100,100029,100,99935,100,100030,100,99932,100,100036,100,99931,200,100054,100,99923,100,100063,100,99917,100,100066,100,99914,100
2019-06-28 09:35:06.173067781,99951,100,99948,256,99990,256,99944,251,100013,351,99942,251,100014,251,99936,100,100025,100,99935,100,100029,100,99932,100,100030,100,99931,200,100036,100,99923,100,100054,100,99917,100,100063,100,99914,100
2019-06-28 09:35:10.000000000,99951,256,99948,256,99990,251,99944,251,100013,351,99942,251,100014,100,99936,100,100025,100,99935,100,100029,100,99932,100,100030,100,99931,200,100036,100,99923,100,100054,100,99917,100,100063,100,99914,100
2019-06-28 09:35:20.000000000,99951,214,99948,214,99990,214,99944,214,100013,314,99942,214,100014,214,99936,214,100025,100,99935,100,100029,100,99932,100,100030,100,99931,200,100036,100,99923,100,100054,100,99917,100,100063,100,99914,100
2019-06-28 09:35:30.000000000,99951,256,99948,256,99990,251,99944,251,100013,351,99942,251,100014,100,99936,100,100025,100,99935,100,100029,100,99932,100,100030,100,99931,200,100036,100,99923,100,100054,100,99917,100,100063,100,99914,100
2019-06-28 09:35:40.000000000,99951,214,99948,214,99990,214,99944,214,100013,314,99942,214,100014,214,99936,214,100025,100,99935,100,100029,100,99932,100,100030,100,99931,200,100036,100,99923,100,100054,100,99917,100,100063,100,99914,100
2019-06-28 09:35:50.000000000,99951,329,99948,329,99990,329,99944,329,100013,200,99942,100,100014,100,99936,100,100025,100,99935,100,100029,100,99932,100,100030,100,99931,200,100036,100,99923,100,100054,100,99917,100,100063,100,99914,100
2019-06-28 09:35:59.667971805,99951,229,99948,329,99990,329,99944,329,100013,200,99942,100,100014,100,99936,100,100025,100,99935,100,100029,100,99932,100,100030,100,99931,200,100036,100,99923,100,100054,100,99917,100,100063,100,99914,100
2019-06-28 09:36:00.000000000,99990,558,99948,558,100013,200,99944,100,100014,100,99942,100,100025,100,99936,100,100029,100,99935,100,100030,100,99932,100,100036,100,99931,200,100054,100,99923,100,100063,100,99917,100,100066,100,99914,100
2019-06-28 09:36:01.157503012,99990,558,99971,100,100013,200,99948,558,100014,100,99944,100,100025,100,99942,100,100029,100,99936,100,100030,100,99935,100,100036,100,99932,100,100054,100,99931,100,100063,100,99923,100,100066,100,99917,100
2019-06-28 09:36:04.109868759,99990,558,99971,100,100013,200,99948,558,100014,100,99944,100,100025,100,99942,100,100029,100,99936,100,100030,100,99935,100,100036,100,99932,100,100054,100,99931,100,100063,100,99923,100,100066,100,99914,100
2019-06-28 09:36:10.000000000,99990,214,99971,214,100013,314,99948,214,100014,214,99944,214,100025,214,99942,214,100029,100,99936,100,100030,100,99935,100,100036,100,99932,100,100054,100,99931,100,100063,100,99923,100,100066,100,99914,100
2019-06-28 09:36:11.044114788,99990,214,99971,214,100013,314,99948,214,100014,214,99944,214,100025,214,99942,214,100029,100,99936,100,100030,100,99935,100,100036,100,99932,100,100054,100,99931,100,100063,100,99923,100,100066,100,99914,100
2019-06-28 09:36:11.260617590,99990,214,99971,214,100013,314,99951,100,100014,214,99948,214,100025,214,99944,214,100029,100,99942,214,100030,100,99936,100,100036,100,99935,100,100054,100,99932,100,100063,100,99931,100,100066,100,99923,100
2019-06-28 09:36:20.000000000,99990,558,99971,558,100013,200,99951,100,100014,100,99948,100,100025,100,99944,100,100029,100,99942,100,100030,100,99936,100,100036,100,99935,100,100054,100,99932,100,100063,100,99931,100,100066,100,99923,100
2019-06-28 09:36:21.334759778,99990,558,99971,558,100013,200,99951,200,100014,100,99948,100,100025,100,99944,100,100029,100,99942,100,100030,100,99936,100,100036,100,99935,100,100054,100,99932,100,100063,100,99931,100,100066,100,99923,100
2019-06-28 09:36:30.000000000,99990,329,99971,329,100013,429,99951,429,100014,100,99948,100,100025,100,99944,100,100029,100,99942,100,100030,100,99936,100,100036,100,99935,100,100054,100,99932,100,100063,100,99931,100,100066,100,99923,100
2019-06-28 09:36:30.568247203,99990,329,99971,329,100013,429,99970,100,100014,100,99951,429,100025,100,99948,100,100029,100,99944,100,100030,100,99942,100,100036,100,99936,100,100054,100,99935,100,100063,100,99932,100,100066,100,99931,100
2019-06-28 09:36:31.179611570,99990,329,99971,329,100013,429,99970,100,100014,100,99963,100,100025,100,99951,429,100029,100,99948,100,100030,100,99944,100,100036,100,99942,100,100054,100,99936,100,100063,100,99935,100,100066,100,99932,100
2019-06-28 09:36:40.000000000,99990,256,99971,256,100013,351,99970,251,100014,251,99963,251,100025,100,99951,200,100029,100,99948,100,100030,100,99944,100,100036,100,99942,100,100054,100,99936,100,100063,100,99935,100,100066,100,99932,100
2019-06-28 09:36:50.000000000,99990,214,99971,214,100013,314,99970,214,100014,214,99963,214,100025,214,99951,314,100029,100,99948,100,100030,100,99944,100,100036,100,99942,100,100054,100,99936,100,100063,100,99935,100,100066,100,99932,100
2019-06-28 09:37:00.000000000,99990,256,99971,256,100013,351,99970,251,100014,251,99963,251,100025,100,99951,200,100029,100,99948,100,100030,100,99944,100,100036,100,99942,100,100054,100,99936,100,100063,100,99935,100,100066,100,99932,100
2019-06-28 09:37:00.956727035,99990,256,99971,156,100013,351,99970,251,100014,251,99963,251,100025,100,99951,200,100029,100,99948,100,100030,100,99944,100,100036,100,99942,100,100054,100,99936,100,100063,100,99935,100,100066,100,99932,100
2019-06-28 09:37:02.812107242,99990,256,99971,56,100013,351,99970,251,100014,251,99963,251,100025,100,99951,200,100029,100,99948,100,100030,100,99944,100,100036,100,99942,100,100054,100,99936,100,100063,100,99935,100,100066,100,99932,100
2019-06-28 09:37:10.000000000,99990,558,99970,558,100013,200,99963,100,100014,100,99951,200,100025,100,99948,100,100029,100,99944,100,100030,100,99942,100,100036,100,99936,100,100054,100,99935,100,100063,100,99932,100,100066,100,99931,100
2019-06-28 09:37:20.000000000,99990,214,99970,214,100013,314,99963,214,100014,214,99951,314,100025,214,99948,214,100029,100,99944,100,100030,100,99942,100,100036,100,99936,100,100054,100,99935,100,100063,100,99932,100,100066,100,99931,100
2019-06-28 09:37:30.000000000,99990,214,99970,214,100013,314,99963,214,100014,214,99951,314,100025,214,99948,214,100029,100,99944,100,100030,100,99942,100,100036,100,99936,100,100054,100,99935,100,100063,100,99932,100,100066,100,99931,100
2019-06-28 09:37:40.000000000,99990,256,99970,256,100013,351,99963,251,100014,251,99951,351,100025,100,99948,100,100029,100,99944,100,100030,100,99942,100,100036,100,99936,100,100054,100,99935,100,100063,100,99932,100,100066,100,99931,100
2019-06-28 09:37:50.000000000,99990,214,99970,214,100013,314,99963,214,100014,214,99951,314,100025,214,99948,214,100029,100,99944,100,100030,100,99942,100,100036,100,99936,100,100054,100,99935,100,100063,100,99932,100,100066,100,99931,100
2019-06-28 09:37:53.082084228,99990,214,99970,214,100013,314,99963,214,100014,214,99951,314,100025,214,99948,214,100029,100,99944,100,100030,100,99942,100,100036,100,99936,100,100054,100,99935,100,100063,100,99932,100,100066,100,99931,100
2019-06-28 09:37:56.524288284,99990,214,99970,114,100013,314,99963,214,100014,214,99951,314,100025,214,99948,214,100029,100,99944,100,100030,100,99942,100,100036,100,99936,100,100054,100,99935,100,100063,100,99932,100,100066,100,99931,100
2019-06-28 09:38:00.000000000,99990,329,99963,329,100013,429,99951,429,100014,100,99948,100,100025,100,99944,100,100029,100,99942,100,100030,100,99936,100,100036,100,99935,100,100054,100,99932,100,100063,100,99931,100,100066,100,99923,100
2019-06-28 09:38:10.000000000,99990,192,99963,192,100013,292,99951,292,100014,192,99948,192,100025,192,99944,192,100029,192,99942,192,100030,100,99936,100,100036,100,99935,100,100054,100,99932,100,100063,100,99931,100,100066,100,99923,100
2019-06-28 09:38:20.000000000,99990,214,99963,214,100013,314,99951,314,100014,214,99948,214,100025,214,99944,214,100029,100,99942,100,100030,100,99936,100,100036,100,99935,100,100054,100,99932,100,100063,100,99931,100,100066,100,99923,100
2019-06-28 09:38:30.000000000,99990,256,99963,256,100013,351,99951,351,100014,251,99948,251,100025,100,99944,100,100029,100,99942,100,100030,100,99936,100,100036,100,99935,100,100054,100,99932,100,100063,100,99931,100,100066,100,99923,100
2019-06-28 09:38:40.000000000,99990,558,99963,558,100013,200,99951,200,100014,100,99948,100,100025,100,99944,100,100029,100,99942,100,100030,100,99936,100,100036,100,99935,100,100054,100,99932,100,100063,100,99931,100,100066,100,99923,100
2019-06-28 09:38:50.000000000,99990,192,99963,192,100013,292,99951,292,100014,192,99948,192,100025,192,99944,192,100029,192,99942,192,100030,100,99936,100,100036,100,99935,100,100054,100,99932,100,100063,100,99931,100,100066,100,99923,100
2019-06-28 09:38:51.562838228,99990,92,99963,92,100013,292,99951,292,100014,192,99948,192,100025,192,99944,192,100029,192,99942,192,100030,100,99936,100,100036,100,99935,100,100054,100,99932,100,100063,100,99931,100,100066,100,99923,100
2019-06-28 09:38:56.807278456,99963,8,99951,292,99990,92,99948,192,100013,292,99944,192,100014,192,99942,192,100025,192,99936,100,100029,192,99935,100,100030,100,99932,100,100036,100,99931,100,100054,100,99923,100,100063,100,99914,100
2019-06-28 09:39:00.000000000,99963,466,99951,658,100013,200,99948,100,100014,100,99944,100,100025,100,99942,100,100029,100,99936,100,100030,100,99935,100,100036,100,99932,100,100054,100,99931,100,100063,100,99923,100,100066,100,99914,100
2019-06-28 09:39:10.000000000,99963,164,99951,356,100013,351,99948,251,100014,251,99944,251,100025,100,99942,100,100029,100,99936,100,100030,100,99935,100,100036,100,99932,100,100054,100,99931,100,100063,100,99923,100,100066,100,99914,100
2019-06-28 09:39:10.546557691,99963,264,99951,356,100013,351,99948,251,100014,251,99944,251,100025,100,99942,100,100029,100,99936,100,100030,100,99935,100,100036,100,99932,100,100054,100,99931,100,100063,100,99923,100,100066,100,99914,100
2019-06-28 09:39:20.000000000,99963,222,99951,314,100013,314,99948,214,100014,214,99944,214,100025,214,99942,214,100029,100,99936,100,100030,100,99935,100,100036,100,99932,100,100054,100,99931,100,100063,100,99923,100,100066,100,99914,100
2019-06-28 09:39:30.000000000,99963,566,99951,658,100013,200,99948,100,100014,100,99944,100,100025,100,99942,100,100029,100,99936,100,100030,100,99935,100,100036,100,99932,100,100054,100,99931,100,100063,100,99923,100,100066,100,99914,100
2019-06-28 09:39:40.000000000,99963,222,99951,314,100013,314,99948,214,100014,214,99944,214,100025,214,99942,214,100029,100,99936,100,100030,100,99935,100,100036,100,99932,100,100054,100,99931,100,100063,100,99923,100,100066,100,99914,100
2019-06-28 09:39:50.000000000,99963,264,99951,356,100013,351,99948,251,100014,251,99944,251,100025,100,99942,100,100029,100,99936,100,100030,100,99935,100,100036,100,99932,100,100054,100,99931,100,100063,100,99923,100,100066,100,99914,100
2019-06-28 09:40:00.000000000,99963,222,99951,314,100013,314,99948,214,100014,214,99944,214,100025,214,99942,214,100029,100,99936,100,100030,100,99935,100,100036,100,99932,100,100054,100,99931,100,100063,100,99923,100,100066,100,99914,100
2019-06-28 09:40:09.111984360,99963,222,99951,314,100013,314,99948,214,100014,214,99944,214,100025,214,99942,214,100029,100,99936,100,100030,100,99935,100,100036,100,99932,100,100054,100,99931,100,100063,100,99923,100,100066,100,99914,100
2019-06-28 09:40:10.000000000,99963,222,99951,314,100013,314,99948,214,100014,214,99944,214,100025,214,99942,214,100029,100,99936,100,100030,100,99935,100,100036,100,99932,100,100054,100,99931,100,100063,100,99923,100,100066,100,99914,100
2019-06-28 09:40:12.056551869,99963,222,99951,214,100013,314,99948,214,100014,214,99944,214,100025,214,99942,214,100029,100,99936,100,100030,100,99935,100,100036,100,99932,100,100054,100,99931,100,100063,100,99923,100,100066,100,99914,100
2019-06-28 09:40:19.674969847,99963,222,99951,114,100013,314,99948,214,100014,214,99944,214,100025,214,99942,214,100029,100,99936,100,100030,100,99935,100,100036,100,99932,100,100054,100,99931,100,100063,100,99923,100,100066,100,99914,100
2019-06-28 09:40:20.000000000,99963,222,99948,214,100013,314,99944,214,100014,214,99942,214,100025,214,99936,214,100029,100,99935,100,100030,100,99932,100,100036,100,99931,100,100054,100,99923,100,100063,100,99914,100,100066,100,99912,100
2019-06-28 09:40:30.000000000,99963,566,99948,558,100013,200,99944,100,100014,100,99942,100,100025,100,99936,100,100029,100,99935,100,100030,100,99932,100,100036,100,99931,100,100054,100,99923,100,100063,100,99914,100,100066,100,99912,100
2019-06-28 09:40:35.614147480,99963,566,99948,558,100013,200,99944,100,100014,100,99942,100,100025,100,99936,100,100029,100,99935,100,100030,100,99932,100,100036,100,99931,100,100054,100,99923,100,100063,100,99914,100,100066,100,99912,100
2019-06-28 09:40:40.000000000,99963,264,99948,256,100013,351,99944,251,100014,251,99942,251,100025,100,99936,100,100029,100,99935,100,100030,100,99932,100,100036,100,99931,100,100054,100,99923,100,100063,100,99914,100,100066,100,99912,100
2019-06-28 09:40:46.186267777,99951,100,99948,256,99963,264,99944,251,100013,351,99942,251,100014,251,99936,100,100025,100,99935,100,100029,100,99932,100,100030,100,99931,100,100036,100,99923,100,100054,100,99914,100,100063,100,99912,100
2019-06-28 09:40:50.000000000,99951,558,99948,558,99963,108,99944,100,100013,200,99942,100,100014,100,99936,100,100025,100,99935,100,100029,100,99932,100,100030,100,99931,100,100036,100,99923,100,100054,100,99914,100,100063,100,99912,100
2019-06-28 09:40:51.595271938,99951,558,99948,458,99963,108,99944,100,100013,200,99942,100,100014,100,99936,100,100025,100,99935,100,100029,100,99932,100,100030,100,99931,100,100036,100,99923,100,100054,100,99914,100,100063,100,99912,100
2019-06-28 09:40:56.043035046,99951,558,99948,458,99963,108,99944,100,100013,200,99942,100,100014,100,99936,100,100025,100,99935,100,100029,100,99932,100,100030,100,99931,100,100036,100,99923,100,100054,100,99914,100,100063,100,99912,100
2019-06-28 09:41:00.000000000,99951,256,99944,256,99963,259,99942,251,100013,351,99936,251,100014,100,99935,100,100025,100,99932,100,100029,100,99931,100,100030,100,99923,100,100036,100,99914,100,100054,100,99912,100,100063,100,99892,100
2019-06-28 09:41:10.000000000,99951,558,99944,558,99963,108,99942,100,100013,200,99936,100,100014,100,99935,100,100025,100,99932,100,100029,100,99931,100,100030,100,99923,100,100036,100,99914,100,100054,100,99912,100,100063,100,99892,100
2019-06-28 09:41:13.058779366,99950,100,99944,558,99951,558,99942,100,99963,108,99936,100,100013,200,99935,100,100014,100,99932,100,100025,100,99931,100,100029,100,99923,100,100030,100,99914,100,100036,100,99912,100,100054,100,99892,100
2019-06-28 09:41:15.520208011,99950,100,99944,458,99951,558,99942,100,99963,108,99936,100,100013,200,99935,100,100014,100,99932,100,100025,100,99931,100,100029,100,99923,100,100030,100,99914,100,100036,100,99912,100,100063,100,99892,100
2019-06-28 09:41:19.012829475,99950,100,99944,458,99951,558,99942,100,99963,108,99936,100,100013,200,99935,100,100014,100,99932,100,100025,100,99931,100,100029,100,99923,100,100030,100,99914,100,100036,100,99912,100,100066,100,99892,100
2019-06-28 09:41:20.000000000,99950,558,99942,558,99951,100,99936,100,99963,108,99935,100,100013,200,99932,100,100014,100,99931,100,100025,100,99923,100,100029,100,99914,100,100030,100,99912,100,100036,100,99892,100,100066,100,99880,100
2019-06-28 09:41:20.026945140,99950,558,99942,558,99951,100,99936,100,99963,108,99935,100,100013,200,99932,100,100014,100,99931,100,100025,100,99923,100,100029,100,99914,100,100030,100,99912,100,100036,100,99892,100,100066,100,99880,100
2019-06-28 09:41:23.859570578,99948,100,99942,558,99950,558,99936,100,99951,100,99935,100,99963,108,99932,100,100013,200,99931,100,100014,100,99923,100,100025,100,99914,100,100029,100,99912,100,100030,100,99892,100,100036,100,99880,100
2019-06-28 09:41:30.000000000,99948,558,99942,558,99950,100,99936,100,99951,100,99935,100,99963,108,99932,100,100013,200,99931,100,100014,100,99923,100,100025,100,99914,100,100029,100,99912,100,100030,100,99892,100,100036,100,99880,100
2019-06-28 09:41:40.000000000,99948,256,99942,256,99950,251,99936,251,99951,251,99935,251,99963,108,99932,100,100013,200,99931,100,100014,100,99923,100,100025,100,99914,100,100029,100,99912,100,100030,100,99892,100,100036,100,99880,100
2019-06-28 09:41:49.693284263,99948,256,99942,156,99950,251,99936,251,99951,251,99935,251,99963,108,99932,100,100013,200,99931,100,100014,100,99923,100,100025,100,99914,100,100029,100,99912,100,100030,100,99892,100,100036,100,99880,100
2019-06-28 09:41:50.000000000,99948,256,99936,256,99950,251,99935,251,99951,251,99932,251,99963,108,99931,100,100013,200,99923,100,100014,100,99914,100,100025,100,99912,100,100029,100,99892,100,100030,100,99880,100,100036,100,99818,100
2019-06-28 09:42:00.000000000,99948,256,99936,256,99950,251,99935,251,99951,251,99932,251,99963,108,99931,100,100013,200,99923,100,100014,100,99914,100,100025,100,99912,100,100029,100,99892,100,100030,100,99880,100,100036,100,99818,100
2019-06-28 09:42:10.000000000,99948,192,99936,192,99950,192,99935,192,99951,192,99932,192,99963,200,99931,192,100013,292,99923,192,100014,100,99914,100,100025,100,99912,100,100029,100,99892,100,100030,100,99880,100,100036,100,99818,100
2019-06-28 09:42:11.051992546,99948,192,99936,192,99950,192,99935,192,99951,192,99932,192,99963,200,99931,192,100013,292,99923,192,100014,100,99914,100,100029,100,99912,100,100030,100,99892,100,100036,100,99880,100,100066,100,99818,100
2019-06-28 09:42:20.000000000,99948,192,99936,192,99950,192,99935,192,99951,192,99932,192,99963,200,99931,192,100013,292,99923,192,100014,100,99914,100,100029,100,99912,100,100030,100,99892,100,100036,100,99880,100,100066,100,99818,100
2019-06-28 09:42:23.176713787,99944,100,99936,192,99948,192,99935,192,99950,192,99932,192,99951,192,99931,192,99963,200,99923,192,100013,292,99914,100,100014,100,99912,100,100029,100,99880,100,100030,100,99818,100,100036,100,99756,100
2019-06-28 09:42:29.212115074,99944,100,99936,192,99948,192,99935,192,99950,92,99932,192,99951,192,99931,192,99963,200,99923,192,100013,292,99914,100,100014,100,99912,100,100029,100,99880,100,100030,100,99818,100,100036,100,99756,100
2019-06-28 09:42:30.000000000,99944,256,99936,256,99948,251,99935,251,99951,251,99932,251,99963,108,99931,100,100013,200,99923,100,100014,100,99914,100,100029,100,99912,100,100030,100,99880,100,100036,100,99818,100,100066,100,99756,100
2019-06-28 09:42:40.000000000,99944,256,99936,256,99948,251,99935,251,99951,251,99932,251,99963,108,99931,100,100013,200,99923,100,100014,100,99914,100,100029,100,99912,100,100030,100,99880,100,100036,100,99818,100,100066,100,99756,100
2019-06-28 09:42:47.700027548,99944,256,99936,256,99948,251,99935,251,99951,251,99932,251,99963,108,99931,100,100013,200,99923,100,100014,100,99914,100,100029,100,99912,100,100030,100,99880,100,100036,100,99818,100,100066,100,99756,100
2019-06-28 09:42:50.000000000,99944,256,99936,256,99948,251,99935,251,99951,251,99932,251,99963,108,99931,100,100013,200,99923,100,100014,100,99914,100,100029,100,99912,100,100030,100,99880,100,100036,100,99818,100,100066,100,99756,100
2019-06-28 09:42:57.300018589,99944,256,99936,156,99948,251,99935,251,99951,251,99932,251,99963,108,99931,100,100013,200,99923,100,100014,100,99914,100,100029,100,99880,100,100030,100,99818,100,100036,100,99756,100,100066,100,99700,100
2019-06-28 09:43:00.000000000,99944,192,99935,192,99948,192,99932,192,99951,192,99931,192,99963,200,99923,192,100013,292,99914,192,100014,100,99880,100,100029,100,99818,100,100030,100,99756,100,100036,100,99700,100,100066,100,99568,100
2019-06-28 09:43:10.000000000,99944,256,99935,256,99948,251,99932,251,99951,251,99931,251,99963,108,99923,100,100013,200,99914,100,100014,100,99880,100,100029,100,99818,100,100030,100,99756,100,100036,100,99700,100,100066,100,99568,100
2019-06-28 09:43:20.000000000,99944,558,99935,558,99948,100,99932,100,99951,100,99931,100,99963,108,99923,100,100013,200,99914,100,100014,100,99880,100,100029,100,99818,100,100030,100,99756,100,100036,100,99700,100,100066,100,99568,100
2019-06-28 09:43:30.000000000,99944,329,99935,329,99948,329,99932,329,99951,100,99931,100,99963,108,99923,100,100013,200,99914,100,100014,100,99880,100,100029,100,99818,100,100030,100,99756,100,100036,100,99700,100,100066,100,99568,100
2019-06-28 09:43:40.000000000,99944,329,99935,329,99948,329,99932,329,99951,100,99931,100,99963,108,99923,100,100013,200,99914,100,100014,100,99880,100,100029,100,99818,100,100030,100,99756,100,100036,100,99700,100,100066,100,99568,100
2019-06-28 09:43:50.000000000,99944,558,99935,558,99948,100,99932,100,99951,100,99931,100,99963,108,99923,100,100013,200,99914,100,100014,100,99880,100,100029,100,99818,100,100030,100,99756,100,100036,100,99700,100,100066,100,99568,100
2019-06-28 09:43:54.628982176,99944,558,99935,558,99948,100,99932,100,99951,100,99931,100,99963,108,99923,100,100013,200,99914,100,100014,100,99880,100,100029,100,99818,100,100030,100,99756,100,100036,100,99700,100,100066,100,99568,100
2019-06-28 09:44:00.000000000,99944,256,99935,256,99948,251,99932,251,99951,251,99931,251,99963,108,99923,100,100013,200,99914,100,100014,100,99880,100,100029,100,99818,100,100030,100,99756,100,100036,100,99700,100,100066,100,99568,100
2019-06-28 09:44:10.000000000,99944,558,99935,558,99948,100,99932,100,99951,100,99931,100,99963,108,99923,100,100013,200,99914,100,100014,100,99880,100,100029,100,99818,100,100030,100,99756,100,100036,100,99700,100,100066,100,99568,100
2019-06-28 09:44:15.011216488,99944,558,99935,558,99948,100,99932,100,99951,100,99931,100,99963,108,99923,100,100013,200,99914,100,100014,100,99880,100,100029,100,99818,100,100030,100,99756,100,100036,100,99700,100,100066,100,99568,100
2019-06-28 09:44:20.000000000,99944,329,99935,329,99948,329,99932,329,99951,100,99931,100,99963,108,99923,100,100013,200,99914,100,100014,100,99880,100,100029,100,99818,100,100030,100,99756,100,100036,100,99700,100,100066,100,99568,100
2019-06-28 09:44:30.000000000,99944,256,99935,256,99948,251,99932,251,99951,251,99931,251,99963,108,99923,100,100013,200,99914,100,100014,100,99880,100,100029,100,99818,100,100030,100,99756,100,100036,100,99700,100,100066,100,99568,100
2019-06-28 09:44:40.000000000,99944,214,99935,214,99948,214,99932,214,99951,214,99931,214,99963,222,99923,214,100013,200,99914,100,100014,100,99880,100,100029,100,99818,100,100030,100,99756,100,100036,100,99700,100,100066,100,99568,100
2019-06-28 09:44:50.000000000,99944,192,99935,192,99948,192,99932,192,99951,192,99931,192,99963,200,99923,192,100013,292,99914,192,100014,100,99880,100,100029,100,99818,100,100030,100,99756,100,100036,100,99700,100,100066,100,99568,100
2019-06-28 09:44:52.971514629,99944,192,99935,192,99948,192,99932,192,99951,192,99931,192,99963,200,99923,192,100013,292,99914,192,100014,100,99880,100,100029,100,99818,100,100030,100,99756,100,100036,100,99700,100,100066,100,99568,100
2019-06-28 09:44:54.351402140,99944,192,99935,192,99948,192,99932,192,99951,192,99931,192,99963,200,99923,192,100013,292,99914,92,100014,100,99880,100,100029,100,99818,100,100030,100,99756,100,100036,100,99700,100,100066,100,99568,100
2019-06-28 09:44:54.469686192,99944,192,99935,92,99948,192,99932,192,99951,192,99931,192,99963,200,99923,192,100013,292,99914,92,100014,100,99880,100,100029,100,99818,100,100030,100,99756,100,100036,100,99700,100,100066,100,99568,100
2019-06-28 09:44:57.372649903,99944,192,99935,92,99948,192,99932,192,99951,192,99931,192,99963,200,99923,192,100013,292,99914,92,100014,100,99880,100,100029,100,99818,100,100030,100,99756,100,100036,100,99700,100,100066,100,99568,100
2019-06-28 09:45:00.000000000,99944,192,99932,192,99948,192,99931,192,99951,192,99923,192,99963,200,99880,192,100013,292,99818,192,100014,100,99756,100,100029,100,99700,100,100030,100,99568,100,100036,100,99556,100,100066,100,99484,100
2019-06-28 09:45:10.000000000,99944,192,99932,192,99948,192,99931,192,99951,192,99923,192,99963,200,99880,192,100013,292,99818,192,100014,100,99756,100,100029,100,99700,100,100030,100,99568,100,100036,100,99556,100,100066,100,99484,100
2019-06-28 09:45:20.000000000,99944,558,99932,558,99948,100,99931,100,99951,100,99923,100,99963,108,99880,100,100013,200,99818,100,100014,100,99756,100,100029,100,99700,100,100030,100,99568,100,100036,100,99556,100,100066,100,99484,100
2019-06-28 09:45:26.638671212,99944,558,99932,558,99948,100,99931,100,99951,100,99923,100,99963,108,99880,100,100013,200,99818,100,100014,100,99756,100,100029,100,99700,100,100030,100,99568,100,100036,100,99556,100,100066,100,99484,100
2019-06-28 09:45:30.000000000,99944,256,99932,256,99948,251,99931,251,99951,251,99923,251,99963,108,99880,100,100013,200,99818,100,100014,100,99756,100,100029,100,99700,100,100030,100,99568,100,100036,100,99556,100,100066,100,99484,100
2019-06-28 09:45:30.835971516,99944,256,99932,256,99948,251,99931,251,99951,251,99923,251,99963,108,99880,100,100013,200,99818,100,100014,100,99756,100,100029,100,99700,100,100036,100,99568,100,100066,100,99556,100,100067,100,99484,100
2019-06-28 09:45:40.000000000,99944,329,99932,329,99948,329,99931,329,99951,100,99923,100,99963,108,99880,100,100013,200,99818,100,100014,100,99756,100,100029,100,99700,100,100036,100,99568,100,100066,100,99556,100,100067,100,99484,100
2019-06-28 09:45:48.243403416,99944,329,99932,229,99948,329,99931,329,99951,100,99923,100,99963,108,99880,100,100013,200,99818,100,100014,100,99756,100,100029,100,99700,100,100036,100,99556,100,100066,100,99484,100,100067,100,99445,100
2019-06-28 09:45:50.000000000,99944,256,99931,256,99948,251,99923,251,99951,251,99880,251,99963,108,99818,100,100013,200,99756,100,100014,100,99700,100,100029,100,99556,100,100036,100,99484,100,100066,100,99445,100,100067,100,99375,100
2019-06-28 09:45:57.220117305,99935,100,99931,256,99944,256,99923,251,99948,151,99880,251,99951,251,99818,100,99963,108,99756,100,100013,200,99700,100,100014,100,99556,100,100029,100,99484,100,100036,100,99445,100,100066,100,99375,100
2019-06-28 09:46:00.000000000,99935,558,99931,558,99944,100,99923,100,99951,100,99880,100,99963,108,99818,100,100013,200,99756,100,100014,100,99700,100,100029,100,99556,100,100036,100,99484,100,100066,100,99445,100,100067,100,99375,100
2019-06-28 09:46:10.000000000,99935,192,99931,192,99944,192,99923,192,99951,192,99880,192,99963,200,99818,192,100013,292,99756,192,100014,100,99700,100,100029,100,99556,100,100036,100,99484,100,100066,100,99445,100,100067,100,99375,100
2019-06-28 09:46:20.000000000,99935,214,99931,214,99944,214,99923,214,99951,214,99880,214,99963,222,99818,214,100013,200,99756,100,100014,100,99700,100,100029,100,99556,100,100036,100,99484,100,100066,100,99445,100,100067,100,99375,100
2019-06-28 09:46:25.436680543,99935,214,99931,214,99944,214,99923,214,99951,214,99880,214,99963,222,99818,214,100013,200,99756,100,100014,100,99700,100,100029,100,99556,100,100036,100,99484,100,100066,100,99445,100,100067,100,99375,100
2019-06-28 09:46:29.145760533,99935,214,99931,214,99944,214,99923,214,99951,214,99880,214,99963,222,99818,214,100013,200,99756,100,100014,100,99700,100,100029,100,99556,100,100036,100,99484,100,100066,100,99445,100,100067,100,99375,100
2019-06-28 09:46:30.000000000,99935,256,99931,256,99944,251,99923,251,99951,251,99880,251,99963,108,99818,100,100013,200,99756,100,100014,100,99700,100,100029,100,99556,100,100036,100,99484,100,100066,100,99445,100,100067,100,99375,100
2019-06-28 09:46:37.902655130,99935,256,99931,156,99944,251,99923,251,99951,251,99880,251,99963,108,99818,100,100013,200,99756,100,100014,100,99700,100,100029,100,99556,100,100036,100,99484,100,100066,100,99375,100,100067,100,99312,100
2019-06-28 09:46:40.000000000,99935,192,99923,192,99944,192,99880,192,99951,192,99818,192,99963,200,99756,192,100013,292,99700,192,100014,100,99556,100,100029,100,99484,100,100036,100,99375,100,100066,100,99312,100,100067,100,99157,100
2019-06-28 09:46:46.716269104,99935,192,99923,192,99944,192,99880,192,99951,192,99818,192,99963,200,99756,192,100013,292,99700,192,100014,100,99556,100,100029,100,99484,100,100036,100,99375,100,100066,100,99312,100,100067,100,99157,100
2019-06-28 09:46:50.000000000,99935,214,99923,214,99944,214,99880,214,99951,214,99818,214,99963,222,99756,214,100013,200,99700,100,100014,100,99556,100,100029,100,99484,100,100036,100,99375,100,100066,100,99312,100,100067,100,99157,100
2019-06-28 09:47:00.000000000,99935,214,99923,214,99944,214,99880,214,99951,214,99818,214,99963,222,99756,214,100013,200,99700,100,100014,100,99556,100,100029,100,99484,100,100036,100,99375,100,100066,100,99312,100,100067,100,99157,100
2019-06-28 09:47:01.264017840,99932,100,99923,214,99935,214,99880,214,99944,214,99818,214,99951,214,99756,214,99963,222,99700,100,100013,200,99556,100,100014,100,99484,100,100029,100,99375,100,100036,100,99312,100,100066,100,99157,100
2019-06-28 09:47:05.360773714,99932,200,99923,214,99935,214,99880,214,99944,214,99818,214,99951,214,99756,214,99963,222,99700,100,100013,200,99556,100,100014,100,99484,100,100029,100,99375,100,100036,100,99312,100,100066,100,99157,100
2019-06-28 09:47:10.000000000,99932,314,99923,214,99935,214,99880,214,99944,214,99818,214,99951,214,99756,214,99963,108,99700,100,100013,200,99556,100,100014,100,99484,100,100029,100,99375,100,100036,100,99312,100,100066,100,99157,100
2019-06-28 09:47:10.428163831,99932,314,99923,214,99935,214,99880,214,99944,214,99818,214,99951,214,99756,214,99963,108,99700,100,100013,200,99556,100,100014,100,99484,100,100029,100,99375,100,100036,100,99312,100,100066,100,99157,100
2019-06-28 09:47:20.000000000,99932,314,99923,214,99935,214,99880,214,99944,214,99818,214,99951,214,99756,214,99963,108,99700,100,100013,200,99556,100,100014,100,99484,100,100029,100,99375,100,100036,100,99312,100,100066,100,99157,100
2019-06-28 09:47:30.000000000,99932,429,99923,329,99935,329,99880,329,99944,100,99818,100,99951,100,99756,100,99963,108,99700,100,100013,200,99556,100,100014,100,99484,100,100029,100,99375,100,100036,100,99312,100,100066,100,99157,100
2019-06-28 09:47:37.937901183,99932,429,99923,229,99935,329,99880,329,99944,100,99818,100,99951,100,99756,100,99963,108,99700,100,100013,200,99556,100,100014,100,99484,100,100029,100,99375,100,100036,100,99312,100,100066,100,99157,100
2019-06-28 09:47:40.000000000,99932,314,99880,214,99935,214,99818,214,99944,214,99756,214,99951,214,99700,214,99963,108,99556,100,100013,200,99484,100,100014,100,99375,100,100029,100,99312,100,100036,100,99157,100,100066,100,99126,100
2019-06-28 09:47:50.000000000,99932,429,99880,329,99935,329,99818,329,99944,100,99756,100,99951,100,99700,100,99963,108,99556,100,100013,200,99484,100,100014,100,99375,100,100029,100,99312,100,100036,100,99157,100,100066,100,99126,100
2019-06-28 09:48:00.000000000,99932,429,99880,329,99935,329,99818,329,99944,100,99756,100,99951,100,99700,100,99963,108,99556,100,100013,200,99484,100,100014,100,99375,100,100029,100,99312,100,100036,100,99157,100,100066,100,99126,100
2019-06-28 09:48:10.000000000,99932,429,99880,329,99935,329,99818,329,99944,100,99756,100,99951,100,99700,100,99963,108,99556,100,100013,200,99484,100,100014,100,99375,100,100029,100,99312,100,100036,100,99157,100,100066,100,99126,100
2019-06-28 09:48:13.858813636,99931,100,99880,329,99932,429,99818,329,99935,329,99756,100,99951,100,99700,100,99963,108,99556,100,100013,200,99484,100,100014,100,99375,100,100029,100,99312,100,100036,100,99157,100,100066,100,99126,100
2019-06-28 09:48:20.000000000,99931,192,99880,192,99932,292,99818,192,99935,192,99756,192,99951,192,99700,192,99963,200,99556,192,100013,200,99484,100,100014,100,99375,100,100029,100,99312,100,100036,100,99157,100,100066,100,99126,100
2019-06-28 09:48:30.000000000,99931,558,99880,558,99932,200,99818,100,99935,100,99756,100,99951,100,99700,100,99963,108,99556,100,100013,200,99484,100,100014,100,99375,100,100029,100,99312,100,100036,100,99157,100,100066,100,99126,100
2019-06-28 09:48:38.410046251,99931,558,99880,558,99932,200,99818,100,99935,100,99756,100,99951,100,99700,100,99963,108,99556,100,100013,200,99484,100,100014,100,99375,100,100029,100,99312,100,100036,100,99157,100,100066,100,99126,100
2019-06-28 09:48:40.000000000,99931,329,99880,329,99932,429,99818,329,99935,100,99756,100,99951,100,99700,100,99963,108,99556,100,100013,200,99484,100,100014,100,99375,100,100029,100,99312,100,100036,100,99157,100,100066,100,99126,100
2019-06-28 09:48:41.274150556,99931,329,99880,329,99932,429,99818,329,99935,100,99756,100,99951,100,99700,100,99963,108,99556,100,100013,200,99484,100,100014,100,99375,100,100029,100,99312,100,100066,100,99157,100,100082,100,99126,100
2019-06-28 09:48:45.145435593,99931,329,99880,329,99932,429,99818,329,99935,100,99756,100,99951,100,99556,100,99963,108,99484,100,100013,200,99375,100,100014,100,99312,100,100029,100,99157,100,100066,100,99126,100,100082,100,98817,100
2019-06-28 09:48:48.060914105,99931,429,99880,329,99932,429,99818,329,99935,100,99756,100,99951,100,99556,100,99963,108,99484,100,100013,200,99375,100,100014,100,99312,100,100029,100,99157,100,100066,100,99126,100,100082,100,98817,100
2019-06-28 09:48:50.000000000,99931,356,99880,256,99932,351,99818,251,99935,251,99756,251,99951,100,99556,100,99963,108,99484,100,100013,200,99375,100,100014,100,99312,100,100029,100,99157,100,100066,100,99126,100,100082,100,98817,100
2019-06-28 09:49:00.000000000,99931,292,99880,192,99932,292,99818,192,99935,192,99756,192,99951,192,99556,192,99963,200,99484,192,100013,200,99375,100,100014,100,99312,100,100029,100,99157,100,100066,100,99126,100,100082,100,98817,100
2019-06-28 09:49:10.000000000,99931,356,99880,256,99932,351,99818,251,99935,251,99756,251,99951,100,99556,100,99963,108,99484,100,100013,200,99375,100,100014,100,99312,100,100029,100,99157,100,100066,100,99126,100,100082,100,98817,100
2019-06-28 09:49:20.000000000,99931,356,99880,256,99932,351,99818,251,99935,251,99756,251,99951,100,99556,100,99963,108,99484,100,100013,200,99375,100,100014,100,99312,100,100029,100,99157,100,100066,100,99126,100,100082,100,98817,100
2019-06-28 09:49:30.000000000,99931,658,99880,558,99932,200,99818,100,99935,100,99756,100,99951,100,99556,100,99963,108,99484,100,100013,200,99375,100,100014,100,99312,100,100029,100,99157,100,100066,100,99126,100,100082,100,98817,100
2019-06-28 09:49:36.631424676,99931,658,99880,458,99932,200,99818,100,99935,100,99756,100,99951,100,99556,100,99963,108,99484,100,100013,200,99375,100,100014,100,99312,100,100029,100,99157,100,100066,100,99126,100,100082,100,98817,100
2019-06-28 09:49:40.000000000,99931,292,99818,192,99932,292,99756,192,99935,192,99556,192,99951,192,99484,192,99963,200,99375,192,100013,200,99312,100,100014,100,99157,100,100029,100,99126,100,100066,100,98817,100,100082,100,98797,100
2019-06-28 09:49:44.800282181,99923,100,99818,192,99931,292,99756,192,99932,292,99556,192,99935,192,99484,192,99951,192,99375,192,99963,200,99312,100,100013,100,99157,100,100014,100,99126,100,100029,100,98817,100,100066,100,98797,100
2019-06-28 09:49:50.000000000,99923,558,99818,558,99931,200,99756,100,99932,200,99556,100,99935,100,99484,100,99951,100,99375,100,99963,108,99312,100,100013,100,99157,100,100014,100,99126,100,100029,100,98817,100,100066,100,98797,100
2019-06-28 09:50:00.000000000,99923,558,99818,558,99931,200,99756,100,99932,200,99556,100,99935,100,99484,100,99951,100,99375,100,99963,108,99312,100,100013,100,99157,100,100014,100,99126,100,100029,100,98817,100,100066,100,98797,100
2019-06-28 09:50:04.439333222,99923,658,99818,558,99931,200,99756,100,99932,200,99556,100,99935,100,99484,100,99951,100,99375,100,99963,108,99312,100,100013,100,99157,100,100014,100,99126,100,100029,100,98817,100,100066,100,98797,100
2019-06-28 09:50:10.000000000,99923,658,99818,558,99931,200,99756,100,99932,200,99556,100,99935,100,99484,100,99951,100,99375,100,99963,108,99312,100,100013,100,99157,100,100014,100,99126,100,100029,100,98817,100,100066,100,98797,100
2019-06-28 09:50:11.551414176,99923,658,99818,558,99931,200,99756,100,99932,200,99556,100,99935,100,99484,100,99951,100,99375,100,99963,108,99312,100,100013,100,99157,100,100014,100,99126,100,100029,100,98817,100,100066,100,98797,100
2019-06-28 09:50:20.000000000,99923,314,99818,214,99931,314,99756,214,99932,314,99556,214,99935,214,99484,214,99951,100,99375,100,99963,108,99312,100,100013,100,99157,100,100014,100,99126,100,100029,100,98817,100,100066,100,98797,100
2019-06-28 09:50:21.719456992,99923,314,99818,114,99931,314,99756,214,99932,314,99556,114,99935,214,99484,214,99951,100,99375,100,99963,108,99312,100,100013,100,99157,100,100014,100,99126,100,100029,100,98817,100,100066,100,98797,100
2019-06-28 09:50:30.000000000,99923,314,99756,214,99931,314,99484,214,99932,314,99375,214,99935,214,99312,214,99951,100,99157,100,99963,108,99126,100,100013,100,98817,100,100014,100,98797,100,100029,100,98783,100,100066,100,98682,100
2019-06-28 09:50:40.000000000,99923,292,99756,192,99931,292,99484,192,99932,292,99375,192,99935,192,99312,192,99951,192,99157,192,99963,108,99126,100,100013,100,98817,100,100014,100,98797,100,100029,100,98783,100,100066,100,98682,100
2019-06-28 09:50:50.000000000,99923,314,99756,214,99931,314,99484,214,99932,314,99375,214,99935,214,99312,214,99951,100,99157,100,99963,108,99126,100,100013,100,98817,100,100014,100,98797,100,100029,100,98783,100,100066,100,98682,100
2019-06-28 09:51:00.000000000,99923,658,99756,558,99931,200,99484,100,99932,200,99375,100,99935,100,99312,100,99951,100,99157,100,99963,108,99126,100,100013,100,98817,100,100014,100,98797,100,100029,100,98783,100,100066,100,98682,100
2019-06-28 09:51:04.086658936,99880,100,99756,558,99923,658,99484,100,99931,200,99375,100,99932,200,99312,100,99935,100,99157,100,99963,108,99126,100,100013,100,98817,100,100014,100,98797,100,100029,100,98783,100,100066,100,98682,100
2019-06-28 09:51:10.000000000,99880,214,99756,214,99923,314,99484,214,99931,314,99375,214,99932,314,99312,214,99935,100,99157,100,99963,108,99126,100,100013,100,98817,100,100014,100,98797,100,100029,100,98783,100,100066,100,98682,100
2019-06-28 09:51:17.079727882,99880,214,99756,214,99923,314,99484,214,99931,314,99375,214,99932,314,99312,214,99935,100,99157,100,99963,108,99126,100,100013,100,98817,100,100014,100,98797,100,100029,100,98783,100,100066,100,98682,100
2019-06-28 09:51:20.000000000,99880,192,99756,192,99923,292,99484,192,99931,292,99375,192,99932,292,99312,192,99935,192,99157,192,99963,108,99126,100,100013,100,98817,100,100014,100,98797,100,100029,100,98783,100,100066,100,98682,100
2019-06-28 09:51:30.000000000,99880,192,99756,192,99923,292,99484,192,99931,292,99375,192,99932,292,99312,192,99935,192,99157,192,99963,108,99126,100,100013,100,98817,100,100014,100,98797,100,100029,100,98783,100,100066,100,98682,100
2019-06-28 09:51:30.475328366,99880,192,99756,192,99923,292,99484,192,99931,292,99375,192,99932,292,99312,192,99935,192,99157,192,99963,108,99126,100,100013,100,98817,100,100014,100,98797,100,100029,100,98682,100,100066,100,98678,100
2019-06-28 09:51:40.000000000,99880,214,99756,214,99923,314,99484,214,99931,314,99375,214,99932,314,99312,214,99935,100,99157,100,99963,108,99126,100,100013,100,98817,100,100014,100,98797,100,100029,100,98682,100,100066,100,98678,100
2019-06-28 09:51:50.000000000,99880,192,99756,192,99923,292,99484,192,99931,292,99375,192,99932,292,99312,192,99935,192,99157,192,99963,108,99126,100,100013,100,98817,100,100014,100,98797,100,100029,100,98682,100,100066,100,98678,100
2019-06-28 09:51:52.003760922,99880,292,99756,192,99923,192,99484,192,99931,292,99375,192,99932,292,99312,192,99935,192,99157,192,99963,108,99126,100,100013,100,98817,100,100014,100,98797,100,100029,100,98682,100,100066,100,98678,100
2019-06-28 09:51:58.820204368,99880,292,99756,192,99923,192,99484,192,99931,292,99375,192,99932,292,99312,192,99935,192,99157,192,99963,108,99126,100,100013,100,98817,100,100014,100,98682,100,100029,100,98678,100,100066,100,98641,100
2019-06-28 09:52:00.000000000,99880,314,99756,214,99923,214,99484,214,99931,314,99375,214,99932,314,99312,214,99935,100,99157,100,99963,108,99126,100,100013,100,98817,100,100014,100,98682,100,100029,100,98678,100,100066,100,98641,100
2019-06-28 09:52:03.940002737,99880,314,99756,214,99923,214,99484,214,99931,314,99375,114,99932,314,99312,214,99935,100,99157,100,99963,108,99126,100,100013,100,98817,100,100014,100,98682,100,100029,100,98678,100,100066,100,98641,100
2019-06-28 09:52:09.915907826,99880,314,99756,214,99923,214,99484,214,99931,314,99375,114,99932,214,99312,214,99935,100,99157,100,99963,108,99126,100,100013,100,98817,100,100014,100,98682,100,100029,100,98678,100,100066,100,98641,100
2019-06-28 09:52:10.000000000,99880,314,99756,214,99923,214,99484,214,99931,314,99312,214,99932,214,99157,214,99935,100,99126,100,99963,108,98817,100,100013,100,98682,100,100014,100,98678,100,100029,100,98641,100,100066,100,98543,100
2019-06-28 09:52:11.386809393,99880,314,99756,214,99923,214,99484,214,99931,314,99312,214,99932,214,99157,214,99935,100,99126,100,99963,108,98817,100,100013,100,98682,100,100014,100,98678,100,100029,100,98641,100,100066,100,98467,100
2019-06-28 09:52:20.000000000,99880,429,99756,329,99923,329,99484,329,99931,200,99312,100,99932,100,99157,100,99935,100,99126,100,99963,108,98817,100,100013,100,98682,100,100014,100,98678,100,100029,100,98641,100,100066,100,98467,100
2019-06-28 09:52:22.813060872,99880,429,99756,229,99923,329,99484,329,99931,200,99312,100,99932,100,99157,100,99935,100,99126,100,99963,108,98817,100,100013,100,98682,100,100014,100,98678,100,100029,100,98641,100,100066,100,98467,100
2019-06-28 09:52:30.000000000,99880,292,99484,192,99923,192,99312,192,99931,292,99157,192,99932,192,99126,192,99935,192,98817,192,99963,108,98682,100,100013,100,98678,100,100014,100,98641,100,100029,100,98467,100,100066,100,98442,100
2019-06-28 09:52:40.000000000,99880,658,99484,558,99923,100,99312,100,99931,200,99157,100,99932,100,99126,100,99935,100,98817,100,99963,108,98682,100,100013,100,98678,100,100014,100,98641,100,100029,100,98467,100,100066,100,98442,100
2019-06-28 09:52:41.315870561,99880,658,99484,458,99923,100,99312,100,99931,200,99157,100,99932,100,99126,100,99935,100,98817,100,99963,108,98682,100,100013,100,98678,100,100014,100,98641,100,100029,100,98467,100,100066,100,98442,100
2019-06-28 09:52:49.644842205,99880,658,99484,458,99923,100,99312,100,99931,200,99157,100,99932,100,99126,100,99935,100,98817,100,99963,108,98682,100,100013,100,98678,100,100014,100,98641,100,100029,100,98467,100,100066,100,98442,100
2019-06-28 09:52:50.000000000,99880,292,99312,192,99923,192,99157,192,99931,292,99126,192,99932,192,98817,192,99935,192,98682,192,99963,108,98678,100,100013,100,98641,100,100014,100,98467,100,100029,100,98442,100,100066,100,98412,100
2019-06-28 09:52:52.921455274,99880,292,99312,92,99923,192,99157,192,99931,292,99126,192,99932,192,98817,192,99935,192,98682,192,99963,108,98678,100,100013,100,98641,100,100014,100,98467,100,100029,100,98442,100,100066,100,98412,100
2019-06-28 09:53:00.000000000,99880,292,99157,192,99923,192,99126,192,99931,292,98817,192,99932,192,98682,192,99935,192,98678,192,99963,108,98641,100,100013,100,98467,100,100014,100,98442,100,100029,100,98412,100,100066,100,98369,200
2019-06-28 09:53:00.132643968,99880,292,99157,92,99923,192,99126,92,99931,292,98817,192,99932,192,98682,192,99935,192,98678,192,99963,108,98641,100,100013,100,98467,100,100014,100,98442,100,100029,100,98412,100,100066,100,98369,200
2019-06-28 09:53:10.000000000,99880,314,98817,214,99923,214,98682,214,99931,314,98678,214,99932,214,98641,214,99935,100,98467,100,99963,108,98442,100,100013,100,98412,100,100014,100,98369,200,100029,100,98299,100,100066,100,98164,100
2019-06-28 09:53:20.000000000,99880,314,98817,214,99923,214,98682,214,99931,314,98678,214,99932,214,98641,214,99935,100,98467,100,99963,108,98442,100,100013,100,98412,100,100014,100,98369,200,100029,100,98299,100,100066,100,98164,100
2019-06-28 09:53:30.000000000,99880,356,98817,256,99923,251,98682,251,99931,351,98678,251,99932,100,98641,100,99935,100,98467,100,99963,108,98442,100,100013,100,98412,100,100014,100,98369,200,100029,100,98299,100,100066,100,98164,100
2019-06-28 09:53:40.000000000,99880,292,98817,192,99923,192,98682,192,99931,292,98678,192,99932,192,98641,192,99935,192,98467,192,99963,108,98442,100,100013,100,98412,100,100014,100,98369,200,100029,100,98299,100,100066,100,98164,100
2019-06-28 09:53:50.000000000,99880,429,98817,329,99923,329,98682,329,99931,200,98678,100,99932,100,98641,100,99935,100,98467,100,99963,108,98442,100,100013,100,98412,100,100014,100,98369,200,100029,100,98299,100,100066,100,98164,100
2019-06-28 09:53:54.377464186,99880,429,98817,329,99923,329,98682,329,99931,200,98678,100,99932,100,98641,100,99935,100,98467,100,99963,8,98442,100,100013,100,98412,100,100014,100,98369,200,100029,100,98299,100,100066,100,98164,100
2019-06-28 09:53:58.669700497,99312,100,98817,329,99880,429,98682,329,99923,329,98678,100,99931,200,98641,100,99932,100,98467,100,99963,8,98442,100,100013,100,98412,100,100014,100,98369,200,100029,100,98299,100,100066,100,98164,100
2019-06-28 09:54:00.000000000,99312,214,98817,214,99880,314,98682,214,99923,214,98678,214,99931,314,98641,214,99932,100,98467,100,99963,8,98442,100,100013,100,98412,100,100014,100,98369,200,100029,100,98299,100,100066,100,98164,100
2019-06-28 09:54:07.907986952,99312,214,98817,214,99880,314,98682,214,99923,214,98678,214,99931,214,98641,214,99932,100,98467,100,99963,8,98442,100,100013,100,98412,100,100014,100,98369,200,100029,100,98299,100,100066,100,98164,100
2019-06-28 09:54:10.000000000,99312,329,98817,329,99880,429,98682,329,99923,100,98678,100,99931,100,98641,100,99932,100,98467,100,99963,8,98442,100,100013,100,98412,100,100014,100,98369,200,100029,100,98299,100,100066,100,98164,100
2019-06-28 09:54:13.158311643,99312,329,98817,329,99880,429,98682,329,99923,100,98678,100,99931,100,98641,100,99932,100,98467,100,99963,8,98442,100,100013,100,98412,100,100014,100,98369,200,100029,100,98299,100,100066,100,98164,100
2019-06-28 09:54:20.000000000,99312,192,98817,192,99880,292,98682,192,99923,192,98678,192,99931,192,98641,192,99932,192,98467,192,99963,8,98442,100,100013,100,98412,100,100014,100,98369,200,100029,100,98299,100,100066,100,98164,100
2019-06-28 09:54:29.803983051,99312,192,98817,192,99880,292,98682,192,99923,192,98678,192,99931,192,98641,192,99932,192,98467,192,99963,8,98442,100,100013,100,98412,100,100014,100,98369,200,100029,100,98299,100,100066,100,98164,100
2019-06-28 09:54:30.000000000,99312,192,98817,192,99880,292,98682,192,99923,192,98678,192,99931,192,98641,192,99932,192,98467,192,99963,8,98442,100,100013,100,98412,100,100014,100,98369,200,100029,100,98299,100,100066,100,98164,100
2019-06-28 09:54:40.000000000,99312,256,98817,256,99880,351,98682,251,99923,251,98678,251,99931,100,98641,100,99932,100,98467,100,99963,8,98442,100,100013,100,98412,100,100014,100,98369,200,100029,100,98299,100,100066,100,98164,100
2019-06-28 09:54:50.000000000,99312,192,98817,192,99880,292,98682,192,99923,192,98678,192,99931,192,98641,192,99932,192,98467,192,99963,8,98442,100,100013,100,98412,100,100014,100,98369,200,100029,100,98299,100,100066,100,98164,100
2019-06-28 09:55:00.000000000,99312,214,98817,214,99880,314,98682,214,99923,214,98678,214,99931,214,98641,214,99932,100,98467,100,99963,8,98442,100,100013,100,98412,100,100014,100,98369,200,100029,100,98299,100,100066,100,98164,100
2019-06-28 09:55:10.000000000,99312,192,98817,192,99880,292,98682,192,99923,192,98678,192,99931,192,98641,192,99932,192,98467,192,99963,8,98442,100,100013,100,98412,100,100014,100,98369,200,100029,100,98299,100,100066,100,98164,100
2019-06-28 09:55:14.544840662,99312,192,98817,92,99880,292,98682,192,99923,192,98678,192,99931,192,98641,192,99932,192,98467,192,99963,8,98442,100,100013,100,98412,100,100014,100,98369,200,100029,100,98299,100,100066,100,98164,100
2019-06-28 09:55:20.000000000,99312,214,98682,214,99880,314,98678,214,99923,214,98641,214,99931,214,98467,214,99932,100,98442,100,99963,8,98412,100,100013,100,98369,200,100014,100,98299,100,100029,100,98164,100,100066,100,97927,100
2019-06-28 09:55:20.835245872,99312,214,98682,214,99880,314,98678,214,99923,214,98641,214,99931,214,98467,214,99932,100,98442,100,99963,8,98412,100,100013,100,98369,200,100014,100,98299,100,100029,100,98164,100,100066,100,97927,100
2019-06-28 09:55:30.000000000,99312,329,98682,329,99880,429,98678,329,99923,100,98641,100,99931,100,98467,100,99932,100,98442,100,99963,8,98412,100,100013,100,98369,200,100014,100,98299,100,100029,100,98164,100,100066,100,97927,100
2019-06-28 09:55:40.000000000,99312,558,98682,558,99880,200,98678,100,99923,100,98641,100,99931,100,98467,100,99932,100,98442,100,99963,8,98412,100,100013,100,98369,200,100014,100,98299,100,100029,100,98164,100,100066,100,97927,100
2019-06-28 09:55:50.000000000,99312,192,98682,192,99880,292,98678,192,99923,192,98641,192,99931,192,98467,192,99932,192,98442,192,99963,8,98412,100,100013,100,98369,200,100014,100,98299,100,100029,100,98164,100,100066,100,97927,100
2019-06-28 09:56:00.000000000,99312,214,98682,214,99880,314,98678,214,99923,214,98641,214,99931,214,98467,214,99932,100,98442,100,99963,8,98412,100,100013,100,98369,200,100014,100,98299,100,100029,100,98164,100,100066,100,97927,100
2019-06-28 09:56:10.000000000,99312,214,98682,214,99880,314,98678,214,99923,214,98641,214,99931,214,98467,214,99932,100,98442,100,99963,8,98412,100,100013,100,98369,200,100014,100,98299,100,100029,100,98164,100,100066,100,97927,100
2019-06-28 09:56:20.000000000,99312,214,98682,214,99880,314,98678,214,99923,214,98641,214,99931,214,98467,214,99932,100,98442,100,99963,8,98412,100,100013,100,98369,200,100014,100,98299,100,100029,100,98164,100,100066,100,97927,100
2019-06-28 09:56:22.362416832,99312,214,98682,214,99880,214,98678,214,99923,214,98641,214,99931,214,98467,214,99932,100,98442,100,99963,8,98412,100,100013,100,98369,200,100014,100,98299,100,100029,100,98164,100,100066,100,97927,100
2019-06-28 09:56:26.375626140,99312,214,98682,214,99880,214,98678,214,99923,214,98641,214,99931,214,98467,214,99932,100,98442,100,99963,8,98412,100,100013,100,98369,200,100014,100,98299,100,100029,100,98164,100,100066,100,97927,100
2019-06-28 09:56:30.000000000,99312,558,98682,558,99880,100,98678,100,99923,100,98641,100,99931,100,98467,100,99932,100,98442,100,99963,8,98412,100,100013,100,98369,200,100014,100,98299,100,100029,100,98164,100,100066,100,97927,100
2019-06-28 09:56:35.693291360,99312,558,98682,458,99880,100,98678,100,99923,100,98641,100,99931,100,98467,100,99932,100,98442,100,99963,8,98412,100,100013,100,98369,200,100014,100,98299,100,100029,100,98164,100,100066,100,97927,100
2019-06-28 09:56:40.000000000,99312,329,98678,329,99880,329,98641,329,99923,100,98467,100,99931,100,98442,100,99932,100,98412,100,99963,8,98369,200,100013,100,98299,100,100014,100,98164,100,100029,100,97927,100,100066,100,97890,100
2019-06-28 09:56:50.000000000,99312,256,98678,256,99880,251,98641,251,99923,251,98467,251,99931,100,98442,100,99932,100,98412,100,99963,8,98369,200,100013,100,98299,100,100014,100,98164,100,100029,100,97927,100,100066,100,97890,100
2019-06-28 09:57:00.000000000,99312,329,98678,329,99880,329,98641,329,99923,100,98467,100,99931,100,98442,100,99932,100,98412,100,99963,8,98369,200,100013,100,98299,100,100014,100,98164,100,100029,100,97927,100,100066,100,97890,100
2019-06-28 09:57:10.000000000,99312,214,98678,214,99880,214,98641,214,99923,214,98467,214,99931,214,98442,214,99932,100,98412,100,99963,8,98369,200,100013,100,98299,100,100014,100,98164,100,100029,100,97927,100,100066,100,97890,100
2019-06-28 09:57:20.000000000,99312,558,98678,558,99880,100,98641,100,99923,100,98467,100,99931,100,98442,100,99932,100,98412,100,99963,8,98369,200,100013,100,98299,100,100014,100,98164,100,100029,100,97927,100,100066,100,97890,100
2019-06-28 09:57:30.000000000,99312,214,98678,214,99880,214,98641,214,99923,214,98467,214,99931,214,98442,214,99932,100,98412,100,99963,8,98369,200,100013,100,98299,100,100014,100,98164,100,100029,100,97927,100,100066,100,97890,100
2019-06-28 09:57:32.915881101,99312,214,98678,114,99880,214,98641,214,99923,214,98467,214,99931,214,98442,214,99932,100,98412,100,99963,8,98369,200,100013,100,98299,100,100014,100,98164,100,100029,100,97927,100,100066,100,97890,100
2019-06-28 09:57:37.658405068,99312,214,98678,114,99880,214,98641,214,99923,214,98467,214,99931,214,98442,214,99932,100,98412,100,99963,8,98369,200,100013,100,98299,100,100014,100,98164,100,100066,100,97927,100,100082,100,97890,100
2019-06-28 09:57:37.999142717,99312,214,98678,14,99880,214,98641,114,99923,214,98467,214,99931,214,98442,214,99932,100,98412,100,99963,8,98369,200,100013,100,98299,100,100014,100,98164,100,100066,100,97927,100,100082,100,97890,100
2019-06-28 09:57:40.000000000,99312,192,98467,192,99880,192,98442,192,99923,192,98412,192,99931,192,98369,292,99932,192,98299,192,99963,8,98164,100,100013,100,97927,100,100014,100,97890,100,100066,100,97889,100,100082,100,97865,100
2019-06-28 09:57:45.941150488,99312,192,98467,92,99880,192,98442,192,99923,192,98412,192,99931,192,98369,292,99932,192,98299,192,99963,8,98164,100,100013,100,97927,100,100014,100,97890,100,100066,100,97889,100,100082,100,97865,100
2019-06-28 09:57:48.814776243,98678,100,98467,92,99312,192,98442,192,99880,192,98412,192,99923,192,98369,292,99931,192,98299,192,99932,192,98164,100,99963,8,97927,100,100013,100,97890,100,100014,100,97889,100,100066,100,97865,100
2019-06-28 09:57:50.000000000,98678,329,98442,329,99312,329,98412,329,99880,100,98369,200,99923,100,98299,100,99931,100,98164,100,99932,100,97927,100,99963,8,97890,100,100013,100,97889,100,100014,100,97865,100,100066,100,97841,100
2019-06-28 09:57:56.330088474,98678,329,98442,229,99312,329,98412,329,99880,100,98369,200,99923,100,98299,100,99931,100,98164,100,99932,100,97927,100,99963,8,97890,100,100013,100,97865,100,100014,100,97841,100,100066,100,97571,100
2019-06-28 09:58:00.000000000,98678,256,98412,256,99312,251,98369,351,99880,251,98299,251,99923,100,98164,100,99931,100,97927,100,99932,100,97890,100,99963,8,97865,100,100013,100,97841,100,100014,100,97571,100,100066,100,97445,100
2019-06-28 09:58:10.000000000,98678,558,98412,558,99312,100,98369,200,99880,100,98299,100,99923,100,98164,100,99931,100,97927,100,99932,100,97890,100,99963,8,97865,100,100013,100,97841,100,100014,100,97571,100,100066,100,97445,100
2019-06-28 09:58:20.000000000,98678,329,98412,329,99312,329,98369,429,99880,100,98299,100,99923,100,98164,100,99931,100,97927,100,99932,100,97890,100,99963,8,97865,100,100013,100,97841,100,100014,100,97571,100,100066,100,97445,100
2019-06-28 09:58:22.056781427,98678,329,98412,329,99312,329,98369,429,99880,100,98299,100,99923,100,98164,100,99931,100,97927,100,99932,100,97890,100,99963,8,97865,100,100013,100,97841,100,100014,100,97571,100,100066,100,97445,100
2019-06-28 09:58:23.451625065,98467,100,98412,329,98678,329,98369,429,99312,329,98299,100,99880,100,98164,100,99923,100,97927,100,99931,100,97890,100,99932,100,97865,100,99963,8,97841,100,100013,100,97571,100,100014,100,97445,100
2019-06-28 09:58:28.243565829,98467,100,98412,329,98678,329,98369,429,99312,329,98299,100,99880,100,98164,100,99923,100,97927,100,99931,100,97890,100,99932,100,97865,100,99963,8,97841,100,100013,100,97571,100,100014,100,97445,100
2019-06-28 09:58:30.000000000,98467,256,98412,256,98678,251,98369,351,99312,251,98299,251,99880,100,98164,100,99923,100,97927,100,99931,100,97890,100,99932,100,97865,100,99963,8,97841,100,100013,100,97571,100,100014,100,97445,100
2019-06-28 09:58:32.451876650,98467,256,98412,156,98678,251,98369,251,99312,251,98299,251,99880,100,98164,100,99923,100,97927,100,99931,100,97890,100,99932,100,97865,100,99963,8,97841,100,100013,100,97571,100,100014,100,97445,100
2019-06-28 09:58:40.000000000,98467,214,98369,214,98678,214,98299,214,99312,214,98164,214,99880,214,97927,214,99923,100,97890,100,99931,100,97865,100,99932,100,97841,100,99963,8,97571,100,100013,100,97445,100,100014,100,96979,100
2019-06-28 09:58:50.000000000,98467,329,98369,329,98678,329,98299,329,99312,100,98164,100,99880,100,97927,100,99923,100,97890,100,99931,100,97865,100,99932,100,97841,100,99963,8,97571,100,100013,100,97445,100,100014,100,96979,100
2019-06-28 09:58:53.416837308,98467,329,98369,329,98678,329,98299,329,99312,100,98164,100,99880,100,97927,100,99923,100,97890,100,99931,100,97865,100,99932,100,97841,100,99963,8,97571,100,100013,100,97445,100,100014,100,96979,100
2019-06-28 09:59:00.000000000,98467,192,98369,192,98678,192,98299,192,99312,192,98164,192,99880,192,97927,192,99923,192,97890,192,99931,100,97865,100,99932,100,97841,100,99963,8,97571,100,100013,100,97445,100,100014,100,96979,100
2019-06-28 09:59:01.855618071,98467,192,98369,192,98678,192,98299,192,99312,192,98164,192,99880,192,97927,192,99923,192,97890,192,99931,100,97865,100,99932,100,97841,100,99963,8,97571,100,100013,100,97445,100,100014,100,97183,100
2019-06-28 09:59:10.000000000,98467,192,98369,192,98678,192,98299,192,99312,192,98164,192,99880,192,97927,192,99923,192,97890,192,99931,100,97865,100,99932,100,97841,100,99963,8,97571,100,100013,100,97445,100,100014,100,97183,100
2019-06-28 09:59:20.000000000,98467,558,98369,558,98678,100,98299,100,99312,100,98164,100,99880,100,97927,100,99923,100,97890,100,99931,100,97865,100,99932,100,97841,100,99963,8,97571,100,100013,100,97445,100,100014,100,97183,100
2019-06-28 09:59:28.414318882,98467,558,98369,458,98678,100,98299,100,99312,100,98164,100,99880,100,97927,100,99923,100,97890,100,99931,100,97865,100,99932,100,97841,100,99963,8,97571,100,100013,100,97445,100,100014,100,97183,100
2019-06-28 09:59:30.000000000,98467,214,98299,214,98678,214,98164,214,99312,214,97927,214,99880,214,97890,214,99923,100,97865,100,99931,100,97841,100,99932,100,97571,100,99963,8,97445,100,100013,100,97183,100,100014,100,96979,100
2019-06-28 09:59:38.697357854,98467,214,98299,114,98678,214,98164,214,99312,214,97927,214,99880,214,97890,214,99923,100,97865,100,99931,100,97841,100,99932,100,97571,100,99963,8,97499,100,100013,100,97445,100,100014,100,97183,100
2019-06-28 09:59:40.000000000,98467,329,98164,329,98678,329,97927,329,99312,100,97890,100,99880,100,97865,100,99923,100,97841,100,99931,100,97571,100,99932,100,97499,100,99963,8,97445,100,100013,100,97183,100,100014,100,96979,100
2019-06-28 09:59:50.000000000,98467,256,98164,256,98678,251,97927,251,99312,251,97890,251,99880,100,97865,100,99923,100,97841,100,99931,100,97571,100,99932,100,97499,100,99963,8,97445,100,100013,100,97183,100,100014,100,96979,100
2019-06-28 10:00:00.000000000,98467,256,98164,256,98678,251,97927,251,99312,251,97890,251,99880,100,97865,100,99923,100,97841,100,99931,100,97571,100,99932,100,97499,100,99963,8,97445,100,100013,100,97183,100,100014,100,96979,100
2019-06-28 10:00:10.000000000,98467,256,98164,256,98678,251,97927,251,99312,251,97890,251,99880,100,97865,100,99923,100,97841,100,99931,100,97571,100,99932,100,97499,100,99963,8,97445,100,100013,100,97183,100,100014,100,96979,100
2019-06-28 10:00:11.180761607,98205,100,98164,256,98467,256,97927,251,98678,251,97890,251,99312,251,97865,100,99880,100,97841,100,99923,100,97571,100,99931,100,97499,100,99932,100,97445,100,99963,8,97183,100,100013,100,96979,100
2019-06-28 10:00:20.000000000,98205,256,98164,256,98467,251,97927,251,98678,251,97890,251,99312,100,97865,100,99880,100,97841,100,99923,100,97571,100,99931,100,97499,100,99932,100,97445,100,99963,8,97183,100,100013,100,96979,100
2019-06-28 10:00:24.300208437,98205,256,98164,256,98412,100,97927,251,98467,251,97890,251,98678,251,97865,100,99312,100,97841,100,99880,100,97571,100,99923,100,97499,100,99931,100,97445,100,99932,100,97183,100,99963,8,96979,100
2019-06-28 10:00:30.000000000,98205,192,98164,192,98412,192,97927,192,98467,192,97890,192,98678,192,97865,192,99312,192,97841,192,99880,100,97571,100,99923,100,97499,100,99931,100,97445,100,99932,100,97183,100,99963,8,96979,100
2019-06-28 10:00:35.811702074,98205,192,98164,92,98412,192,97927,192,98467,192,97890,192,98678,192,97865,192,99312,192,97841,192,99880,100,97571,100,99923,100,97499,100,99931,100,97445,100,99932,100,97183,100,99963,8,96979,100
2019-06-28 10:00:39.112902878,98164,8,97927,192,98205,192,97890,92,98412,192,97865,192,98467,192,97841,192,98678,192,97571,100,99312,192,97499,100,99880,100,97445,100,99923,100,97183,100,99931,100,96979,100,99932,100,96960,100
2019-06-28 10:00:39.739052236,98138,100,97927,192,98164,8,97890,92,98205,192,97865,192,98412,192,97841,192,98467,192,97571,100,98678,192,97499,100,99312,192,97445,100,99880,100,97183,100,99923,100,96979,100,99931,100,96960,100
2019-06-28 10:00:40.000000000,98138,558,97927,558,98164,8,97865,100,98205,100,97841,100,98412,100,97571,100,98467,100,97499,100,98678,100,97445,100,99312,100,97183,100,99880,100,96979,100,99923,100,96960,100,99931,100,96879,100
2019-06-28 10:00:45.082642746,97968,100,97927,558,98138,558,97865,100,98164,8,97841,100,98205,100,97571,100,98412,100,97499,100,98467,100,97445,100,98678,100,97183,100,99312,100,96979,100,99880,100,96960,100,99923,100,96879,100
2019-06-28 10:00:48.882413668,97968,100,97927,558,98138,558,97865,100,98164,8,97841,100,98205,100,97742,100,98412,100,97571,100,98467,100,97499,100,98678,100,97445,100,99312,100,97183,100,99880,100,96979,100,99923,100,96960,100
2019-06-28 10:00:49.863990998,98138,558,97927,558,98164,8,97865,100,98205,100,97841,100,98412,100,97742,100,98467,100,97571,100,98678,100,97499,100,99312,100,97445,100,99880,100,97183,100,99923,100,96979,100,99931,100,96960,100
2019-06-28 10:00:50.000000000,98138,214,97927,214,98164,122,97865,214,98205,214,97841,214,98412,214,97742,214,98467,100,97571,100,98678,100,97499,100,99312,100,97445,100,99880,100,97183,100,99923,100,96979,100,99931,100,96960,100
2019-06-28 10:01:00.000000000,98138,256,97927,256,98164,159,97865,251,98205,251,97841,251,98412,100,97742,100,98467,100,97571,100,98678,100,97499,100,99312,100,97445,100,99880,100,97183,100,99923,100,96979,100,99931,100,96960,100
2019-06-28 10:01:10.000000000,98138,214,97927,214,98164,122,97865,214,98205,214,97841,214,98412,214,97742,214,98467,100,97571,100,98678,100,97499,100,99312,100,97445,100,99880,100,97183,100,99923,100,96979,100,99931,100,96960,100
2019-06-28 10:01:12.168272169,98138,214,97927,214,98164,122,97865,214,98205,214,97841,214,98412,214,97742,214,98467,100,97610,100,98678,100,97571,100,99312,100,97499,100,99880,100,97445,100,99923,100,97183,100,99931,100,96979,100
2019-06-28 10:01:20.000000000,98138,214,97927,214,98164,122,97865,214,98205,214,97841,214,98412,214,97742,214,98467,100,97610,100,98678,100,97571,100,99312,100,97499,100,99880,100,97445,100,99923,100,97183,100,99931,100,96979,100
2019-06-28 10:01:30.000000000,98138,558,97927,558,98164,8,97865,100,98205,100,97841,100,98412,100,97742,100,98467,100,97610,100,98678,100,97571,100,99312,100,97499,100,99880,100,97445,100,99923,100,97183,100,99931,100,96979,100
2019-06-28 10:01:31.401450317,98138,558,97927,458,98164,8,97865,100,98205,100,97841,100,98412,100,97742,100,98467,100,97610,100,98678,100,97571,100,99312,100,97499,100,99880,100,97445,100,99923,100,97183,100,99931,100,96979,100
2019-06-28 10:01:31.454069486,98138,558,97927,358,98164,8,97865,100,98205,100,97841,100,98412,100,97742,100,98467,100,97610,100,98678,100,97571,100,99312,100,97499,100,99880,100,97445,100,99923,100,97183,100,99931,100,96979,100
2019-06-28 10:01:40.000000000,98138,329,97865,329,98164,237,97841,329,98205,100,97742,100,98412,100,97610,100,98467,100,97571,100,98678,100,97499,100,99312,100,97445,100,99880,100,97183,100,99923,100,96979,100,99931,100,96879,100
2019-06-28 10:01:50.000000000,98138,329,97865,329,98164,237,97841,329,98205,100,97742,100,98412,100,97610,100,98467,100,97571,100,98678,100,97499,100,99312,100,97445,100,99880,100,97183,100,99923,100,96979,100,99931,100,96879,100
2019-06-28 10:01:56.583155285,98138,229,97865,329,98164,237,97841,329,98205,100,97742,100,98412,100,97724,100,98467,100,97610,100,98678,100,97571,100,99312,100,97499,100,99880,100,97445,100,99923,100,97183,100,99931,100,96979,100
2019-06-28 10:02:00.000000000,98164,100,97865,192,98205,192,97841,192,98412,192,97742,192,98467,192,97724,192,98678,192,97610,192,99312,100,97571,100,99880,100,97499,100,99923,100,97445,100,99931,100,97183,100,99932,100,96979,100
2019-06-28 10:02:07.013549108,98164,100,97865,92,98205,192,97841,192,98412,192,97742,192,98467,192,97724,192,98678,192,97610,192,99312,100,97571,100,99880,100,97499,100,99923,100,97445,100,99931,100,97183,100,99932,100,96979,100
2019-06-28 10:02:10.000000000,98164,122,97841,214,98205,214,97742,214,98412,214,97724,214,98467,214,97610,214,98678,100,97571,100,99312,100,97499,100,99880,100,97445,100,99923,100,97183,100,99931,100,96979,100,99932,100,96879,100
2019-06-28 10:02:12.712036184,98164,122,97841,214,98205,214,97742,214,98412,114,97724,214,98467,214,97610,214,98678,100,97571,100,99312,100,97499,100,99880,100,97445,100,99923,100,97183,100,99931,100,96979,100,99932,100,96879,100
2019-06-28 10:02:20.000000000,98164,122,97841,214,98205,214,97742,214,98467,214,97724,214,98678,214,97610,214,99312,100,97571,100,99880,100,97499,100,99923,100,97445,100,99931,100,97183,100,99932,100,96979,100,99963,8,96879,100
2019-06-28 10:02:24.046049779,98164,122,97856,100,98205,214,97841,214,98467,214,97742,214,98678,214,97724,214,99312,100,97610,214,99880,100,97571,100,99923,100,97499,100,99931,100,97445,100,99932,100,97183,100,99963,8,96979,100
2019-06-28 10:02:24.703894036,97940,100,97856,100,98164,122,97841,214,98205,214,97742,214,98467,214,97724,214,98678,214,97610,214,99312,100,97571,100,99880,100,97499,100,99923,100,97445,100,99931,100,97183,100,99932,100,96979,100
2019-06-28 10:02:30.000000000,97940,192,97856,192,98164,100,97841,192,98205,192,97742,192,98467,192,97724,192,98678,192,97610,192,99312,100,97571,100,99880,100,97499,100,99923,100,97445,100,99931,100,97183,100,99932,100,96979,100
2019-06-28 10:02:35.152785677,97922,100,97856,192,97940,192,97841,192,98164,100,97742,192,98205,192,97724,192,98467,192,97610,192,98678,192,97571,100,99312,100,97499,100,99880,100,97445,100,99923,100,97183,100,99931,100,96979,100
2019-06-28 10:02:40.000000000,97922,214,97856,214,97940,214,97841,214,98164,122,97742,214,98205,214,97724,214,98467,100,97610,100,98678,100,97571,100,99312,100,97499,100,99880,100,97445,100,99923,100,97183,100,99931,100,96979,100
2019-06-28 10:02:50.000000000,97922,192,97856,192,97940,192,97841,192,98164,100,97742,192,98205,192,97724,192,98467,192,97610,192,98678,100,97571,100,99312,100,97499,100,99880,100,97445,100,99923,100,97183,100,99931,100,96979,100
2019-06-28 10:02:50.608992456,97922,192,97856,192,97940,192,97841,192,98164,100,97742,192,98205,192,97724,192,98467,192,97610,192,98678,100,97571,100,99312,100,97499,100,99923,100,97445,100,99931,100,97183,100,99932,100,96979,100
2019-06-28 10:02:56.879521605,97922,192,97856,92,97940,192,97841,192,98164,100,97742,192,98205,192,97724,192,98467,192,97610,192,98678,100,97499,100,99312,100,97445,100,99923,100,97183,100,99931,100,96979,100,99932,100,96879,100
2019-06-28 10:03:00.000000000,97922,214,97841,214,97940,214,97742,214,98164,122,97724,214,98205,214,97610,214,98467,100,97499,100,98678,100,97445,100,99312,100,97183,100,99923,100,96979,100,99931,100,96879,100,99932,100,,
2019-06-28 10:03:10.000000000,97922,214,97841,214,97940,214,97742,214,98164,122,97724,214,98205,214,97610,214,98467,100,97499,100,98678,100,97445,100,99312,100,97183,100,99923,100,96979,100,99931,100,96879,100,99932,100,,
2019-06-28 10:03:20.000000000,97922,329,97841,329,97940,329,97742,329,98164,8,97724,100,98205,100,97610,100,98467,100,97499,100,98678,100,97445,100,99312,100,97183,100,99923,100,96979,100,99931,100,96879,100,99932,100,,
2019-06-28 10:03:30.000000000,97922,256,97841,256,97940,251,97742,251,98164,159,97724,251,98205,100,97610,100,98467,100,97499,100,98678,100,97445,100,99312,100,97183,100,99923,100,96979,100,99931,100,96879,100,99932,100,,
2019-06-28 10:03:35.766840887,97922,256,97866,100,97940,251,97841,256,98164,159,97742,251,98205,100,97724,251,98467,100,97610,100,98678,100,97499,100,99312,100,97445,100,99923,100,97183,100,99931,100,96979,100,99932,100,96879,100
2019-06-28 10:03:40.000000000,97922,558,97866,558,97940,100,97841,100,98164,8,97742,100,98205,100,97724,100,98467,100,97610,100,98678,100,97499,100,99312,100,97445,100,99923,100,97183,100,99931,100,96979,100,99932,100,96879,100
2019-06-28 10:03:47.907332223,97922,558,97866,558,97940,100,97849,100,98164,8,97841,100,98205,100,97742,100,98467,100,97724,100,98678,100,97610,100,99312,100,97499,100,99923,100,97445,100,99931,100,97183,100,99932,100,96979,100
2019-06-28 10:03:50.000000000,97922,192,97866,192,97940,192,97849,192,98164,100,97841,192,98205,192,97742,192,98467,192,97724,192,98678,100,97610,100,99312,100,97499,100,99923,100,97445,100,99931,100,97183,100,99932,100,96979,100
2019-06-28 10:04:00.000000000,97922,558,97866,558,97940,100,97849,100,98164,8,97841,100,98205,100,97742,100,98467,100,97724,100,98678,100,97610,100,99312,100,97499,100,99923,100,97445,100,99931,100,97183,100,99932,100,96979,100
2019-06-28 10:04:10.000000000,97922,256,97866,256,97940,251,97849,251,98164,159,97841,251,98205,100,97742,100,98467,100,97724,100,98678,100,97610,100,99312,100,97499,100,99923,100,97445,100,99931,100,97183,100,99932,100,96979,100
2019-06-28 10:04:20.000000000,97922,256,97866,256,97940,251,97849,251,98164,159,97841,251,98205,100,97742,100,98467,100,97724,100,98678,100,97610,100,99312,100,97499,100,99923,100,97445,100,99931,100,97183,100,99932,100,96979,100
2019-06-28 10:04:21.731406627,97922,156,97866,256,97940,251,97849,251,98164,151,97841,251,98205,100,97742,100,98467,100,97724,100,98678,100,97610,100,99312,100,97499,100,99923,100,97445,100,99931,100,97183,100,99932,100,96979,100
2019-06-28 10:04:24.254160026,97922,56,97866,256,97940,251,97849,251,98164,151,97841,251,98205,100,97742,100,98467,100,97724,100,98678,100,97610,100,99312,100,97445,100,99923,100,97183,100,99931,100,96979,100,99932,100,96879,100
2019-06-28 10:04:30.000000000,97940,256,97866,256,98205,251,97849,251,98467,251,97841,251,98678,100,97742,100,99312,100,97724,100,99923,100,97610,100,99931,100,97445,100,99932,100,97183,100,99963,8,96979,100,100013,100,96879,100
2019-06-28 10:04:40.000000000,97940,192,97866,192,98205,192,97849,192,98467,192,97841,192,98678,192,97742,192,99312,192,97724,192,99923,100,97610,100,99931,100,97445,100,99932,100,97183,100,99963,8,96979,100,100013,100,96879,100
2019-06-28 10:04:50.000000000,97940,192,97866,192,98205,192,97849,192,98467,192,97841,192,98678,192,97742,192,99312,192,97724,192,99923,100,97610,100,99931,100,97445,100,99932,100,97183,100,99963,8,96979,100,100013,100,96879,100
2019-06-28 10:04:54.825516455,97940,192,97869,100,98205,192,97866,192,98467,192,97849,192,98678,192,97841,192,99312,192,97742,192,99923,100,97724,192,99931,100,97610,100,99932,100,97445,100,99963,8,97183,100,100013,100,96979,100
2019-06-28 10:04:55.195780268,97940,192,97869,100,97966,100,97866,192,98205,192,97849,192,98467,192,97841,192,98678,192,97742,192,99312,192,97724,192,99923,100,97610,100,99931,100,97445,100,99932,100,97183,100,99963,8,96979,100
2019-06-28 10:05:00.000000000,97940,256,97869,256,97966,251,97866,251,98205,251,97849,251,98467,100,97841,100,98678,100,97742,100,99312,100,97724,100,99923,100,97610,100,99931,100,97445,100,99932,100,97183,100,99963,8,96979,100
2019-06-28 10:05:02.562894384,97921,100,97869,256,97940,256,97866,251,97966,251,97849,251,98205,251,97841,100,98467,100,97742,100,98678,100,97724,100,99312,100,97610,100,99923,100,97445,100,99931,100,97183,100,99932,100,96979,100
2019-06-28 10:05:06.137326976,97921,100,97869,256,97940,256,97866,251,97966,251,97849,251,98205,251,97841,100,98467,100,97742,100,98678,100,97731,100,99312,100,97724,100,99923,100,97445,100,99931,100,97183,100,99932,100,96979,100
2019-06-28 10:05:10.000000000,97921,214,97869,214,97940,214,97866,214,97966,214,97849,214,98205,214,97841,214,98467,100,97742,100,98678,100,97731,100,99312,100,97724,100,99923,100,97445,100,99931,100,97183,100,99932,100,96979,100
2019-06-28 10:05:20.000000000,97921,192,97869,192,97940,192,97866,192,97966,192,97849,192,98205,192,97841,192,98467,192,97742,192,98678,100,97731,100,99312,100,97724,100,99923,100,97445,100,99931,100,97183,100,99932,100,96979,100
2019-06-28 10:05:30.000000000,97921,329,97869,329,97940,329,97866,329,97966,100,97849,100,98205,100,97841,100,98467,100,97742,100,98678,100,97731,100,99312,100,97724,100,99923,100,97445,100,99931,100,97183,100,99932,100,96979,100
2019-06-28 10:05:40.000000000,97921,329,97869,329,97940,329,97866,329,97966,100,97849,100,98205,100,97841,100,98467,100,97742,100,98678,100,97731,100,99312,100,97724,100,99923,100,97445,100,99931,100,97183,100,99932,100,96979,100
2019-06-28 10:05:41.260684012,97921,329,97869,329,97940,329,97866,329,97985,100,97849,100,98205,100,97841,100,98467,100,97742,100,98678,100,97731,100,99312,100,97724,100,99923,100,97445,100,99931,100,97183,100,99932,100,96979,100
2019-06-28 10:05:50.000000000,97921,256,97869,256,97940,251,97866,251,97985,251,97849,251,98205,100,97841,100,98467,100,97742,100,98678,100,97731,100,99312,100,97724,100,99923,100,97445,100,99931,100,97183,100,99932,100,96979,100
2019-06-28 10:06:00.000000000,97921,558,97869,558,97940,100,97866,100,97985,100,97849,100,98205,100,97841,100,98467,100,97742,100,98678,100,97731,100,99312,100,97724,100,99923,100,97445,100,99931,100,97183,100,99932,100,96979,100
2019-06-28 10:06:10.000000000,97921,192,97869,192,97940,192,97866,192,97985,192,97849,192,98205,192,97841,192,98467,192,97742,192,98678,100,97731,100,99312,100,97724,100,99923,100,97445,100,99931,100,97183,100,99932,100,96979,100
2019-06-28 10:06:18.787572936,97921,292,97869,192,97940,192,97866,192,97985,192,97849,192,98205,192,97841,192,98467,192,97742,192,98678,100,97731,100,99312,100,97724,100,99923,100,97445,100,99931,100,97183,100,99932,100,96979,100
2019-06-28 10:06:20.000000000,97921,356,97869,256,97940,251,97866,251,97985,251,97849,251,98205,100,97841,100,98467,100,97742,100,98678,100,97731,100,99312,100,97724,100,99923,100,97445,100,99931,100,97183,100,99932,100,96979,100
2019-06-28 10:06:29.468723929,97921,356,97869,256,97940,251,97866,251,97985,251,97849,251,97999,100,97841,100,98205,100,97742,100,98467,100,97731,100,98678,100,97724,100,99312,100,97445,100,99923,100,97183,100,99931,100,96979,100
2019-06-28 10:06:30.000000000,97921,429,97869,329,97940,329,97866,329,97985,100,97849,100,97999,100,97841,100,98205,100,97742,100,98467,100,97731,100,98678,100,97724,100,99312,100,97445,100,99923,100,97183,100,99931,100,96979,100
2019-06-28 10:06:39.466599343,97921,429,97885,100,97940,329,97869,329,97985,100,97866,329,97999,100,97849,100,98205,100,97841,100,98467,100,97742,100,98678,100,97731,100,99312,100,97724,100,99923,100,97445,100,99931,100,97183,100
2019-06-28 10:06:40.000000000,97921,292,97885,192,97940,192,97869,192,97985,192,97866,192,97999,192,97849,192,98205,192,97841,192,98467,100,97742,100,98678,100,97731,100,99312,100,97724,100,99923,100,97445,100,99931,100,97183,100
2019-06-28 10:06:50.000000000,97921,356,97885,256,97940,251,97869,251,97985,251,97866,251,97999,100,97849,100,98205,100,97841,100,98467,100,97742,100,98678,100,97731,100,99312,100,97724,100,99923,100,97445,100,99931,100,97183,100
2019-06-28 10:07:00.000000000,97921,356,97885,256,97940,251,97869,251,97985,251,97866,251,97999,100,97849,100,98205,100,97841,100,98467,100,97742,100,98678,100,97731,100,99312,100,97724,100,99923,100,97445,100,99931,100,97183,100
2019-06-28 10:07:04.550638683,97921,356,97885,256,97940,251,97869,251,97985,251,97866,251,97999,100,97849,100,98205,100,97841,100,98328,100,97742,100,98467,100,97731,100,98678,100,97724,100,99312,100,97445,100,99923,100,97183,100
2019-06-28 10:07:10.000000000,97921,658,97885,558,97940,100,97869,100,97985,100,97866,100,97999,100,97849,100,98205,100,97841,100,98328,100,97742,100,98467,100,97731,100,98678,100,97724,100,99312,100,97445,100,99923,100,97183,100
2019-06-28 10:07:20.000000000,97921,356,97885,256,97940,251,97869,251,97985,251,97866,251,97999,100,97849,100,98205,100,97841,100,98328,100,97742,100,98467,100,97731,100,98678,100,97724,100,99312,100,97445,100,99923,100,97183,100
2019-06-28 10:07:30.000000000,97921,658,97885,558,97940,100,97869,100,97985,100,97866,100,97999,100,97849,100,98205,100,97841,100,98328,100,97742,100,98467,100,97731,100,98678,100,97724,100,99312,100,97445,100,99923,100,97183,100
2019-06-28 10:07:40.000000000,97921,314,97885,214,97940,214,97869,214,97985,214,97866,214,97999,214,97849,214,98205,100,97841,100,98328,100,97742,100,98467,100,97731,100,98678,100,97724,100,99312,100,97445,100,99923,100,97183,100
2019-06-28 10:07:50.000000000,97921,314,97885,214,97940,214,97869,214,97985,214,97866,214,97999,214,97849,214,98205,100,97841,100,98328,100,97742,100,98467,100,97731,100,98678,100,97724,100,99312,100,97445,100,99923,100,97183,100
2019-06-28 10:08:00.000000000,97921,314,97885,214,97940,214,97869,214,97985,214,97866,214,97999,214,97849,214,98205,100,97841,100,98328,100,97742,100,98467,100,97731,100,98678,100,97724,100,99312,100,97445,100,99923,100,97183,100
2019-06-28 10:08:10.000000000,97921,658,97885,558,97940,100,97869,100,97985,100,97866,100,97999,100,97849,100,98205,100,97841,100,98328,100,97742,100,98467,100,97731,100,98678,100,97724,100,99312,100,97445,100,99923,100,97183,100
2019-06-28 10:08:15.997115990,97921,758,97885,558,97940,100,97869,100,97985,100,97866,100,97999,100,97849,100,98205,100,97841,100,98328,100,97742,100,98467,100,97731,100,98678,100,97724,100,99312,100,97445,100,99923,100,97183,100
2019-06-28 10:08:20.000000000,97921,758,97885,558,97940,100,97869,100,97985,100,97866,100,97999,100,97849,100,98205,100,97841,100,98328,100,97742,100,98467,100,97731,100,98678,100,97724,100,99312,100,97445,100,99923,100,97183,100
2019-06-28 10:08:30.000000000,97921,392,97885,192,97940,192,97869,192,97985,192,97866,192,97999,192,97849,192,98205,192,97841,192,98328,100,97742,100,98467,100,97731,100,98678,100,97724,100,99312,100,97445,100,99923,100,97183,100
2019-06-28 10:08:36.271985491,97921,492,97885,192,97940,192,97869,192,97985,192,97866,192,97999,192,97849,192,98205,192,97841,192,98328,100,97742,100,98467,100,97731,100,98678,100,97724,100,99312,100,97445,100,99923,100,97183,100
2019-06-28 10:08:37.542211570,97921,492,97885,92,97940,192,97869,192,97985,192,97866,192,97999,192,97849,192,98205,192,97841,192,98328,100,97742,100,98467,100,97731,100,98678,100,97724,100,99312,100,97445,100,99923,100,97183,100
