,ask_price_1,ask_size_1,bid_price_1,bid_size_1,ask_price_2,ask_size_2,bid_price_2,bid_size_2,ask_price_3,ask_size_3,bid_price_3,bid_size_3,ask_price_4,ask_size_4,bid_price_4,bid_size_4,ask_price_5,ask_size_5,bid_price_5,bid_size_5,ask_price_6,ask_size_6,bid_price_6,bid_size_6,ask_price_7,ask_size_7,bid_price_7,bid_size_7,ask_price_8,ask_size_8,bid_price_8,bid_size_8,ask_price_9,ask_size_9,bid_price_9,bid_size_9,ask_price_10,ask_size_10,bid_price_10,bid_size_10
2019-06-28 09:30:00.000000001,100081,100,99990,100,,,99787,100,,,,,,,,,,,,,,,,,,,,,,,,,,,,,,,,
2019-06-28 09:30:00.000000002,100081,100,99990,100,100110,100,99787,100,,,,,,,,,,,,,,,,,,,,,,,,,,,,,,,,
2019-06-28 09:30:00.000000005,100081,100,99990,100,100110,100,99959,100,,,99787,100,,,,,,,,,,,,,,,,,,,,,,,,,,,,
2019-06-28 09:30:00.000000006,100081,100,99959,100,100110,100,99787,100,,,,,,,,,,,,,,,,,,,,,,,,,,,,,,,,
2019-06-28 09:30:00.000000007,100081,100,99959,100,100110,100,99838,100,,,99787,100,,,,,,,,,,,,,,,,,,,,,,,,,,,,
2019-06-28 09:30:00.000000010,100074,100,99959,100,100081,100,99951,100,100110,100,99901,100,,,99838,100,,,99787,100,,,,,,,,,,,,,,,,,,,,
2019-06-28 09:30:00.000000011,100074,100,99976,100,100081,100,99959,100,100110,100,99951,100,,,99901,100,,,99861,100,,,99838,100,,,99787,100,,,,,,,,,,,,
2019-06-28 09:30:00.000000013,100074,100,99976,100,100081,100,99959,100,100110,100,99951,100,100150,100,99901,100,,,99861,100,,,99838,100,,,99787,100,,,,,,,,,,,,
2019-06-28 09:30:00.000000014,100074,100,99976,100,100081,100,99959,100,100110,100,99951,100,100150,100,99901,100,100211,100,99861,100,,,99838,100,,,99787,100,,,,,,,,,,,,
2019-06-28 09:30:00.000000015,100074,100,99976,100,100081,100,99959,100,100110,100,99951,100,100150,100,99901,100,100175,100,99861,100,100211,100,99838,100,,,99787,100,,,,,,,,,,,,
2019-06-28 09:30:00.000000016,100012,100,99976,100,100074,100,99959,100,100081,100,99951,100,100110,100,99901,100,100150,100,99861,100,100175,100,99838,100,100211,100,99787,100,,,,,,,,,,,,
2019-06-28 09:30:00.000000017,100012,100,99976,100,100063,100,99959,100,100074,100,99951,100,100081,100,99901,100,100110,100,99861,100,100150,100,99838,100,100175,100,99787,100,100211,100,,,,,,,,,,
2019-06-28 09:30:00.000000018,100012,100,99976,100,100063,100,99959,100,100074,100,99951,100,100081,100,99935,100,100110,100,99901,100,100150,100,99861,100,100175,100,99838,100,100211,100,99787,100,,,,,,,,
2019-06-28 09:30:00.000000019,100012,100,99976,100,100063,100,99959,100,100074,100,99951,100,100081,100,99936,100,100110,100,99935,100,100150,100,99901,100,100175,100,99861,100,100211,100,99838,100,,,99787,100,,,,
2019-06-28 09:30:00.000000021,100012,100,99976,100,100051,100,99959,100,100063,100,99951,100,100074,100,99936,100,100081,100,99935,100,100110,100,99901,200,100150,100,99861,100,100175,100,99838,100,100211,100,99787,100,,,,
2019-06-28 09:30:00.000000022,100012,100,99976,100,100051,100,99959,100,100063,100,99951,100,100073,100,99936,100,100074,100,99935,100,100081,100,99901,200,100110,100,99861,100,100150,100,99838,100,100160,100,99787,100,100175,100,,
2019-06-28 09:30:00.000000023,100012,100,99976,100,100051,100,99959,100,100063,100,99951,100,100073,100,99936,100,100074,100,99935,100,100081,100,99903,100,100110,100,99901,200,100150,100,99861,100,100160,100,99838,100,100175,100,99787,100
2019-06-28 09:30:00.000000024,100012,100,99976,100,100051,100,99959,100,100063,100,99951,100,100073,100,99936,100,100074,100,99935,100,100081,100,99903,100,100098,100,99901,200,100110,100,99861,100,100150,100,99838,100,100160,100,99822,100
2019-06-28 09:30:00.000000025,100012,100,99976,100,100051,100,99959,100,100063,100,99951,100,100073,100,99936,100,100074,100,99935,100,100078,100,99903,100,100081,100,99901,200,100098,100,99861,100,100110,100,99838,100,100150,100,99822,100
2019-06-28 09:30:00.000000026,100012,100,99976,100,100051,100,99959,100,100063,100,99951,100,100073,100,99936,100,100074,100,99935,100,100078,100,99903,100,100081,100,99901,200,100098,100,99861,100,100110,100,99838,100,100150,100,99830,100
2019-06-28 09:30:00.000000027,100012,100,99976,100,100051,100,99959,100,100063,100,99951,100,100073,100,99936,100,100074,100,99935,100,100078,100,99903,100,100081,100,99901,200,100098,100,99882,100,100110,100,99861,100,100150,100,99838,100
2019-06-28 09:30:00.000000029,100012,100,99976,100,100051,100,99959,100,100063,100,99953,100,100073,100,99951,100,100074,100,99936,100,100078,100,99935,100,100081,100,99903,100,100098,100,99901,200,100110,100,99882,100,100150,100,99861,100
2019-06-28 09:30:00.000000033,100012,100,99976,100,100027,100,99959,100,100039,100,99953,100,100051,100,99951,100,100063,100,99936,100,100073,100,99935,100,100074,100,99903,100,100078,100,99901,200,100081,100,99882,100,100098,100,99861,100
2019-06-28 09:30:00.000000035,100012,100,99976,100,100027,100,99959,100,100039,100,99953,100,100051,100,99951,100,100063,100,99936,100,100073,100,99935,100,100074,100,99934,100,100078,100,99903,100,100081,100,99901,200,100098,100,99882,100
2019-06-28 09:30:00.000000037,100012,100,99976,100,100027,100,99959,100,100039,100,99953,100,100051,100,99951,100,100063,100,99939,100,100073,100,99936,100,100074,100,99935,100,100078,100,99934,100,100081,100,99903,100,100098,100,99901,200
2019-06-28 09:30:00.000000038,100012,100,99976,100,100027,100,99959,100,100039,100,99953,100,100051,100,99951,100,100063,100,99939,100,100073,100,99936,100,100074,100,99935,100,100078,100,99934,100,100081,100,99903,100,100098,100,99901,200
2019-06-28 09:30:00.000000039,100012,100,99976,100,100027,100,99959,100,100028,100,99953,100,100039,100,99951,100,100051,100,99939,100,100063,100,99936,100,100073,100,99935,100,100074,100,99934,100,100078,100,99903,100,100081,100,99901,200
2019-06-28 09:30:00.000000047,100012,100,99976,100,100027,100,99959,100,100028,100,99953,100,100039,100,99951,100,100051,100,99939,100,100063,100,99936,100,100073,100,99935,100,100074,100,99934,100,100078,100,99918,100,100081,100,99903,100
2019-06-28 09:30:00.000000048,100012,100,99976,100,100027,100,99959,100,100028,100,99953,100,100039,100,99951,100,100051,100,99939,100,100063,100,99936,100,100073,100,99935,100,100074,100,99934,100,100078,100,99918,100,100081,100,99903,100
2019-06-28 09:30:00.000000051,100027,100,99976,100,100028,100,99959,100,100039,100,99953,100,100051,100,99951,100,100063,100,99939,100,100073,100,99936,100,100074,100,99935,100,100078,100,99934,100,100081,100,99918,100,100098,100,99903,100
2019-06-28 09:30:00.000000057,100027,100,99976,100,100028,100,99959,100,100039,100,99953,100,100051,100,99951,100,100063,100,99939,100,100073,100,99936,100,100074,100,99935,100,100076,100,99934,100,100078,100,99918,100,100081,100,99903,100
2019-06-28 09:30:00.000000065,100027,100,99959,100,100028,100,99953,100,100039,100,99951,100,100051,100,99939,100,100063,100,99936,100,100073,100,99935,100,100074,100,99934,100,100076,100,99918,100,100078,100,99903,100,100081,100,99901,200
2019-06-28 09:30:00.000000067,100027,100,99959,100,100028,100,99953,100,100039,100,99951,100,100051,100,99939,100,100063,100,99936,100,100073,100,99935,100,100074,100,99934,100,100076,100,99918,100,100078,100,99903,100,100080,100,99901,200
2019-06-28 09:30:00.000000070,100011,100,99959,100,100027,100,99953,100,100028,100,99951,100,100039,100,99939,100,100051,100,99936,100,100063,100,99935,100,100073,100,99934,100,100074,100,99918,100,100076,100,99903,100,100078,100,99901,200
2019-06-28 09:30:00.000000073,100011,100,99959,100,100012,100,99953,100,100027,100,99951,100,100028,100,99944,100,100039,100,99939,100,100051,100,99936,100,100063,100,99935,100,100073,100,99934,100,100074,100,99918,100,100076,100,99903,100
2019-06-28 09:30:00.000000075,100011,100,99959,100,100012,100,99953,100,100027,100,99951,100,100028,100,99944,100,100039,100,99939,100,100051,100,99936,100,100063,100,99935,100,100073,100,99934,100,100074,100,99918,100,100076,100,99903,100
2019-06-28 09:30:00.000000076,100011,100,99959,100,100012,200,99953,100,100027,100,99951,100,100028,100,99944,100,100039,100,99939,100,100051,100,99936,100,100063,100,99935,100,100073,100,99934,100,100074,100,99918,100,100076,100,99903,100
2019-06-28 09:30:00.000000077,100011,100,99959,100,100012,200,99953,100,100027,100,99951,100,100028,100,99944,100,100039,100,99939,100,100051,100,99936,100,100063,100,99935,100,100073,100,99934,100,100074,100,99918,100,100076,100,99903,100
2019-06-28 09:30:00.000000078,100011,100,99959,100,100012,200,99953,100,100027,100,99951,100,100028,100,99944,100,100039,100,99939,100,100051,100,99936,100,100063,100,99935,100,100073,100,99934,100,100074,100,99918,100,100076,100,99913,100
2019-06-28 09:30:00.000000079,100011,100,99976,100,100012,200,99959,100,100027,100,99953,100,100028,100,99951,100,100039,100,99944,100,100051,100,99939,100,100063,100,99936,100,100073,100,99935,100,100074,100,99934,100,100076,100,99918,100
2019-06-28 09:30:00.000000080,100011,100,99959,100,100012,200,99953,100,100027,100,99951,100,100028,100,99944,100,100039,100,99939,100,100051,100,99936,100,100063,100,99935,100,100073,100,99934,100,100074,100,99918,100,100076,100,99913,100
2019-06-28 09:30:00.000000082,100011,100,99970,100,100012,200,99959,100,100027,100,99953,100,100028,100,99951,100,100036,100,99944,100,100039,100,99939,100,100051,100,99936,100,100062,100,99935,100,100063,100,99934,100,100073,100,99918,100
2019-06-28 09:30:00.000000083,99976,100,99970,100,100011,100,99959,100,100012,200,99955,100,100027,100,99953,100,100028,100,99951,100,100036,100,99944,100,100039,100,99939,100,100051,100,99936,100,100062,100,99935,100,100063,100,99934,100
2019-06-28 09:30:00.000000085,99976,100,99970,100,100011,100,99959,100,100012,200,99955,100,100027,100,99953,100,100028,100,99951,100,100036,100,99944,100,100039,100,99939,100,100051,100,99936,100,100062,100,99935,100,100063,100,99934,100
2019-06-28 09:30:00.000000090,99976,100,99975,100,100011,100,99970,100,100012,200,99959,100,100027,100,99955,100,100028,100,99953,100,100036,100,99951,100,100039,100,99944,100,100051,100,99939,100,100062,100,99936,100,100063,100,99935,100
2019-06-28 09:30:00.000000091,99976,100,99975,100,100011,100,99970,100,100012,200,99959,100,100015,100,99955,100,100027,100,99953,100,100028,100,99951,100,100036,100,99944,100,100039,100,99939,100,100051,100,99936,100,100062,100,99935,100
2019-06-28 09:30:00.000000092,99976,100,99975,100,100011,100,99970,100,100012,200,99959,100,100015,100,99955,100,100027,100,99953,100,100028,100,99951,100,100036,100,99944,100,100039,100,99939,100,100051,100,99936,100,100062,100,99935,100
2019-06-28 09:30:00.000000095,99976,100,99975,100,100011,100,99970,100,100012,200,99959,100,100015,100,99955,100,100027,100,99953,100,100028,100,99951,100,100036,100,99944,100,100039,100,99939,100,100051,100,99936,100,100062,100,99935,100
2019-06-28 09:30:00.000000096,100011,100,99975,100,100012,200,99970,100,100015,100,99959,100,100027,100,99955,100,100028,100,99953,100,100036,100,99951,100,100039,100,99944,100,100051,100,99939,100,100062,100,99936,100,100063,100,99935,100
2019-06-28 09:30:10.000000000,100011,280,99975,280,100012,380,99970,280,100015,100,99959,100,100027,100,99955,100,100028,100,99953,100,100036,100,99951,100,100039,100,99944,100,100051,100,99939,100,100062,100,99936,100,100063,100,99935,100
2019-06-28 09:30:20.000000000,100011,222,99975,222,100012,319,99970,219,100015,219,99959,219,100027,100,99955,100,100028,100,99953,100,100036,100,99951,100,100039,100,99944,100,100051,100,99939,100,100062,100,99936,100,100063,100,99935,100
2019-06-28 09:30:30.000000000,100011,190,99975,190,100012,290,99970,190,100015,190,99959,190,100027,190,99955,190,100028,100,99953,100,100036,100,99951,100,100039,100,99944,100,100051,100,99939,100,100062,100,99936,100,100063,100,99935,100
2019-06-28 09:30:36.104939529,100011,190,99975,190,100012,290,99970,190,100015,190,99959,190,100027,190,99955,190,100028,100,99953,100,100036,100,99951,100,100039,100,99944,100,100051,100,99939,100,100062,100,99936,100,100063,100,99935,100
2019-06-28 09:30:40.000000000,100011,460,99975,460,100012,200,99970,100,100015,100,99959,100,100027,100,99955,100,100028,100,99953,100,100036,100,99951,100,100039,100,99944,100,100051,100,99939,100,100062,100,99936,100,100063,100,99935,100
2019-06-28 09:30:46.622717939,100011,360,99975,460,100012,200,99970,100,100015,100,99959,100,100027,100,99955,100,100028,100,99953,100,100036,100,99951,100,100039,100,99944,100,100051,100,99939,100,100062,100,99936,100,100063,100,99935,100
2019-06-28 09:30:50.000000000,100012,272,99975,172,100015,172,99970,172,100027,172,99959,172,100028,172,99955,172,100036,172,99953,172,100039,100,99951,100,100051,100,99944,100,100062,100,99939,100,100063,100,99936,100,100073,100,99935,100
2019-06-28 09:31:00.000000000,100012,322,99975,222,100015,219,99970,219,100027,219,99959,219,100028,100,99955,100,100036,100,99953,100,100039,100,99951,100,100051,100,99944,100,100062,100,99939,100,100063,100,99936,100,100073,100,99935,100
2019-06-28 09:31:10.000000000,100012,322,99975,222,100015,219,99970,219,100027,219,99959,219,100028,100,99955,100,100036,100,99953,100,100039,100,99951,100,100051,100,99944,100,100062,100,99939,100,100063,100,99936,100,100073,100,99935,100
2019-06-28 09:31:20.000000000,100012,560,99975,460,100015,100,99970,100,100027,100,99959,100,100028,100,99955,100,100036,100,99953,100,100039,100,99951,100,100051,100,99944,100,100062,100,99939,100,100063,100,99936,100,100073,100,99935,100
2019-06-28 09:31:27.032544027,100012,560,99975,360,100015,100,99970,100,100027,100,99959,100,100028,100,99955,100,100039,100,99953,100,100051,100,99951,100,100062,100,99944,100,100063,100,99939,100,100073,100,99936,100,100074,100,99935,100
2019-06-28 09:31:30.000000000,100012,380,99970,280,100015,280,99959,280,100027,100,99955,100,100028,100,99953,100,100039,100,99951,100,100051,100,99944,100,100062,100,99939,100,100063,100,99936,100,100073,100,99935,100,100074,100,99934,100
2019-06-28 09:31:40.000000000,100012,272,99970,172,100015,172,99959,172,100027,172,99955,172,100028,172,99953,172,100039,172,99951,172,100051,100,99944,100,100062,100,99939,100,100063,100,99936,100,100073,100,99935,100,100074,100,99934,100
2019-06-28 09:31:50.000000000,100012,380,99970,280,100015,280,99959,280,100027,100,99955,100,100028,100,99953,100,100039,100,99951,100,100051,100,99944,100,100062,100,99939,100,100063,100,99936,100,100073,100,99935,100,100074,100,99934,100
2019-06-28 09:32:00.000000000,100012,380,99970,280,100015,280,99959,280,100027,100,99955,100,100028,100,99953,100,100039,100,99951,100,100051,100,99944,100,100062,100,99939,100,100063,100,99936,100,100073,100,99935,100,100074,100,99934,100
2019-06-28 09:32:10.000000000,100012,560,99970,460,100015,100,99959,100,100027,100,99955,100,100028,100,99953,100,100039,100,99951,100,100051,100,99944,100,100062,100,99939,100,100063,100,99936,100,100073,100,99935,100,100074,100,99934,100
2019-06-28 09:32:20.000000000,100012,272,99970,172,100015,172,99959,172,100027,172,99955,172,100028,172,99953,172,100039,172,99951,172,100051,100,99944,100,100062,100,99939,100,100063,100,99936,100,100073,100,99935,100,100074,100,99934,100
2019-06-28 09:32:30.000000000,100012,290,99970,190,100015,190,99959,190,100027,190,99955,190,100028,190,99953,190,100039,100,99951,100,100051,100,99944,100,100062,100,99939,100,100063,100,99936,100,100073,100,99935,100,100074,100,99934,100
2019-06-28 09:32:40.000000000,100012,380,99970,280,100015,280,99959,280,100027,100,99955,100,100028,100,99953,100,100039,100,99951,100,100051,100,99944,100,100062,100,99939,100,100063,100,99936,100,100073,100,99935,100,100074,100,99934,100
2019-06-28 09:32:50.000000000,100012,322,99970,222,100015,219,99959,219,100027,219,99955,219,100028,100,99953,100,100039,100,99951,100,100051,100,99944,100,100062,100,99939,100,100063,100,99936,100,100073,100,99935,100,100074,100,99934,100
2019-06-28 09:32:53.615435832,100012,322,99970,222,100015,219,99959,219,100027,219,99955,219,100028,100,99953,100,100039,100,99951,100,100051,100,99944,100,100062,100,99941,100,100063,100,99939,100,100073,100,99936,100,100074,100,99935,100
2019-06-28 09:33:00.000000000,100012,272,99970,172,100015,172,99959,172,100027,172,99955,172,100028,172,99953,172,100039,172,99951,172,100051,100,99944,100,100062,100,99941,100,100063,100,99939,100,100073,100,99936,100,100074,100,99935,100
2019-06-28 09:33:04.056778715,100012,272,99970,72,100015,172,99959,172,100027,172,99955,172,100028,172,99953,172,100039,172,99951,172,100051,100,99944,100,100062,100,99941,100,100063,100,99939,100,100073,100,99936,100,100074,100,99935,100
2019-06-28 09:33:05.748676530,100012,272,99970,72,100015,172,99959,172,100027,172,99955,172,100028,172,99953,172,100039,172,99951,172,100051,100,99941,100,100062,100,99939,100,100063,100,99936,100,100073,100,99935,100,100074,100,99934,100
2019-06-28 09:33:10.000000000,100012,290,99959,190,100015,190,99955,190,100027,190,99953,190,100028,190,99951,190,100039,100,99941,100,100051,100,99939,100,100062,100,99936,100,100063,100,99935,100,100073,100,99934,100,100074,100,99918,100
2019-06-28 09:33:20.000000000,100012,272,99959,172,100015,172,99955,172,100027,172,99953,172,100028,172,99951,172,100039,172,99941,172,100051,100,99939,100,100062,100,99936,100,100063,100,99935,100,100073,100,99934,100,100074,100,99918,100
2019-06-28 09:33:22.705267274,100012,272,99959,172,100015,172,99955,172,100027,172,99953,172,100028,172,99951,172,100039,172,99941,172,100051,100,99939,100,100062,100,99936,100,100063,100,99935,100,100073,100,99934,100,100074,100,99918,100
2019-06-28 09:33:30.000000000,100012,272,99959,172,100015,172,99955,172,100027,172,99953,172,100028,172,99951,172,100039,172,99941,172,100051,100,99939,100,100062,100,99936,100,100063,100,99935,100,100073,100,99934,100,100074,100,99918,100
2019-06-28 09:33:39.437097655,100012,272,99959,172,100015,172,99955,172,100027,172,99953,172,100028,172,99951,172,100039,172,99941,172,100051,100,99939,100,100062,100,99936,100,100063,100,99935,100,100073,100,99934,100,100074,100,99918,100
2019-06-28 09:33:40.000000000,100012,290,99959,190,100015,190,99955,190,100027,190,99953,190,100028,190,99951,190,100039,100,99941,100,100051,100,99939,100,100062,100,99936,100,100063,100,99935,100,100073,100,99934,100,100074,100,99918,100
2019-06-28 09:33:50.000000000,100012,272,99959,172,100015,172,99955,172,100027,172,99953,172,100028,172,99951,172,100039,172,99941,172,100051,100,99939,100,100062,100,99936,100,100063,100,99935,100,100073,100,99934,100,100074,100,99918,100
2019-06-28 09:34:00.000000000,100012,290,99959,190,100015,190,99955,190,100027,190,99953,190,100028,190,99951,190,100039,100,99941,100,100051,100,99939,100,100062,100,99936,100,100063,100,99935,100,100073,100,99934,100,100074,100,99918,100
2019-06-28 09:34:02.494141512,100012,290,99959,190,100015,190,99955,190,100027,190,99953,190,100028,190,99951,190,100039,100,99941,100,100051,100,99939,100,100062,100,99936,100,100063,100,99935,100,100073,100,99934,100,100074,100,99918,100
2019-06-28 09:34:10.000000000,100012,272,99959,172,100015,172,99955,172,100027,172,99953,172,100028,172,99951,172,100039,172,99941,172,100051,100,99939,100,100062,100,99936,100,100063,100,99935,100,100073,100,99934,100,100074,100,99918,100
2019-06-28 09:34:14.692652727,100012,272,99959,72,100015,172,99955,172,100027,172,99953,172,100028,172,99951,172,100039,172,99941,172,100051,100,99939,100,100062,100,99936,100,100063,100,99935,100,100073,100,99934,100,100074,100,99918,100
2019-06-28 09:34:20.000000000,100012,560,99955,460,100015,100,99953,100,100027,100,99951,100,100028,100,99941,100,100039,100,99939,100,100051,100,99936,100,100062,100,99935,100,100063,100,99934,100,100073,100,99918,100,100074,100,99913,100
2019-06-28 09:34:23.152548148,100012,560,99955,360,100015,100,99953,100,100027,100,99951,100,100028,100,99941,100,100039,100,99939,100,100051,100,99936,100,100062,100,99935,100,100063,100,99934,100,100073,100,99918,100,100074,100,99913,100
2019-06-28 09:34:25.523346290,100012,560,99955,260,100015,100,99953,100,100027,100,99951,100,100028,100,99941,100,100039,100,99939,100,100051,100,99936,100,100062,100,99935,100,100063,100,99934,100,100073,100,99918,100,100074,100,99913,100
2019-06-28 09:34:30.000000000,100012,272,99953,172,100015,172,99951,172,100027,172,99941,172,100028,172,99939,172,100039,172,99936,172,100051,100,99935,100,100062,100,99934,100,100063,100,99918,100,100073,100,99913,100,100074,100,99903,100
2019-06-28 09:34:40.000000000,100012,560,99953,460,100015,100,99951,100,100027,100,99941,100,100028,100,99939,100,100039,100,99936,100,100051,100,99935,100,100062,100,99934,100,100063,100,99918,100,100073,100,99913,100,100074,100,99903,100
2019-06-28 09:34:50.000000000,100012,322,99953,222,100015,219,99951,219,100027,219,99941,219,100028,100,99939,100,100039,100,99936,100,100051,100,99935,100,100062,100,99934,100,100063,100,99918,100,100073,100,99913,100,100074,100,99903,100
2019-06-28 09:35:00.000000000,100012,290,99953,190,100015,190,99951,190,100027,190,99941,190,100028,190,99939,190,100039,100,99936,100,100051,100,99935,100,100062,100,99934,100,100063,100,99918,100,100073,100,99913,100,100074,100,99903,100
2019-06-28 09:35:10.000000000,100012,290,99953,190,100015,190,99951,190,100027,190,99941,190,100028,190,99939,190,100039,100,99936,100,100051,100,99935,100,100062,100,99934,100,100063,100,99918,100,100073,100,99913,100,100074,100,99903,100
2019-06-28 09:35:20.000000000,100012,272,99953,172,100015,172,99951,172,100027,172,99941,172,100028,172,99939,172,100039,172,99936,172,100051,100,99935,100,100062,100,99934,100,100063,100,99918,100,100073,100,99913,100,100074,100,99903,100
2019-06-28 09:35:30.000000000,100012,290,99953,190,100015,190,99951,190,100027,190,99941,190,100028,190,99939,190,100039,100,99936,100,100051,100,99935,100,100062,100,99934,100,100063,100,99918,100,100073,100,99913,100,100074,100,99903,100
2019-06-28 09:35:40.000000000,100012,560,99953,460,100015,100,99951,100,100027,100,99941,100,100028,100,99939,100,100039,100,99936,100,100051,100,99935,100,100062,100,99934,100,100063,100,99918,100,100073,100,99913,100,100074,100,99903,100
2019-06-28 09:35:45.177316846,100012,560,99953,460,100015,100,99951,100,100027,100,99941,100,100028,100,99939,100,100039,100,99936,100,100051,100,99935,100,100062,100,99934,100,100063,100,99918,100,100073,100,99913,100,100074,100,99903,100
2019-06-28 09:35:50.000000000,100012,322,99953,222,100015,219,99951,219,100027,219,99941,219,100028,100,99939,100,100039,100,99936,100,100051,100,99935,100,100062,100,99934,100,100063,100,99918,100,100073,100,99913,100,100074,100,99903,100
2019-06-28 09:36:00.000000000,100012,380,99953,280,100015,280,99951,280,100027,100,99941,100,100028,100,99939,100,100039,100,99936,100,100051,100,99935,100,100062,100,99934,100,100063,100,99918,100,100073,100,99913,100,100074,100,99903,100
2019-06-28 09:36:01.066462122,100012,280,99953,280,100015,280,99951,280,100027,100,99941,100,100028,100,99939,100,100039,100,99936,100,100051,100,99935,100,100062,100,99934,100,100063,100,99918,100,100073,100,99913,100,100074,100,99903,100
2019-06-28 09:36:10.000000000,100012,460,99953,460,100015,100,99951,100,100027,100,99941,100,100028,100,99939,100,100039,100,99936,100,100051,100,99935,100,100062,100,99934,100,100063,100,99918,100,100073,100,99913,100,100074,100,99903,100
2019-06-28 09:36:20.000000000,100012,460,99953,460,100015,100,99951,100,100027,100,99941,100,100028,100,99939,100,100039,100,99936,100,100051,100,99935,100,100062,100,99934,100,100063,100,99918,100,100073,100,99913,100,100074,100,99903,100
2019-06-28 09:36:30.000000000,100012,280,99953,280,100015,280,99951,280,100027,100,99941,100,100028,100,99939,100,100039,100,99936,100,100051,100,99935,100,100062,100,99934,100,100063,100,99918,100,100073,100,99913,100,100074,100,99903,100
2019-06-28 09:36:34.351918632,100012,280,99953,280,100015,180,99951,280,100027,100,99941,100,100028,100,99939,100,100039,100,99936,100,100051,100,99935,100,100062,100,99934,100,100063,100,99918,100,100073,100,99913,100,100074,100,99903,100
2019-06-28 09:36:34.910184573,100012,280,99953,280,100015,180,99951,280,100027,100,99941,100,100028,100,99939,100,100039,100,99936,100,100051,100,99935,100,100062,100,99934,100,100073,100,99918,100,100074,100,99913,100,100076,100,99903,100
2019-06-28 09:36:40.000000000,100012,172,99953,172,100027,172,99951,172,100028,172,99941,172,100039,172,99939,172,100051,172,99936,172,100062,100,99935,100,100073,100,99934,100,100074,100,99918,100,100076,100,99913,100,100078,100,99903,100
2019-06-28 09:36:41.193834162,100012,72,99953,172,100027,172,99951,172,100028,172,99941,172,100039,172,99939,172,100051,172,99936,172,100062,100,99935,100,100073,100,99934,100,100074,100,99918,100,100076,100,99913,100,100078,100,99903,100
2019-06-28 09:36:50.000000000,100027,280,99953,280,100028,280,99951,280,100039,100,99941,100,100051,100,99939,100,100062,100,99936,100,100073,100,99935,100,100074,100,99934,100,100076,100,99918,100,100078,100,99913,100,100080,100,99903,100
2019-06-28 09:37:00.000000000,100027,172,99953,172,100028,172,99951,172,100039,172,99941,172,100051,172,99939,172,100062,172,99936,172,100073,100,99935,100,100074,100,99934,100,100076,100,99918,100,100078,100,99913,100,100080,100,99903,100
2019-06-28 09:37:10.000000000,100027,280,99953,280,100028,280,99951,280,100039,100,99941,100,100051,100,99939,100,100062,100,99936,100,100073,100,99935,100,100074,100,99934,100,100076,100,99918,100,100078,100,99913,100,100080,100,99903,100
2019-06-28 09:37:20.000000000,100027,190,99953,190,100028,190,99951,190,100039,190,99941,190,100051,190,99939,190,100062,100,99936,100,100073,100,99935,100,100074,100,99934,100,100076,100,99918,100,100078,100,99913,100,100080,100,99903,100
2019-06-28 09:37:30.000000000,100027,460,99953,460,100028,100,99951,100,100039,100,99941,100,100051,100,99939,100,100062,100,99936,100,100073,100,99935,100,100074,100,99934,100,100076,100,99918,100,100078,100,99913,100,100080,100,99903,100
2019-06-28 09:37:40.000000000,100027,190,99953,190,100028,190,99951,190,100039,190,99941,190,100051,190,99939,190,100062,100,99936,100,100073,100,99935,100,100074,100,99934,100,100076,100,99918,100,100078,100,99913,100,100080,100,99903,100
2019-06-28 09:37:43.303585263,100027,190,100012,100,100028,90,99953,190,100039,190,99951,190,100051,190,99941,190,100062,100,99939,190,100073,100,99936,100,100074,100,99935,100,100076,100,99934,100,100078,100,99918,100,100080,100,99913,100
2019-06-28 09:37:50.000000000,100027,172,100012,172,100039,172,99953,172,100051,172,99951,172,100062,172,99941,172,100073,172,99939,172,100074,100,99936,100,100076,100,99935,100,100078,100,99934,100,100080,100,99918,100,100081,100,99913,100
2019-06-28 09:37:52.940144359,100027,72,100012,172,100039,172,99953,172,100051,172,99951,172,100062,172,99941,172,100073,172,99939,172,100074,100,99936,100,100076,100,99935,100,100078,100,99934,100,100080,100,99918,100,100081,100,99913,100
2019-06-28 09:38:00.000000000,100039,172,100012,172,100051,172,99953,172,100062,172,99951,172,100073,172,99941,172,100074,172,99939,172,100076,100,99936,100,100078,100,99935,100,100080,100,99934,100,100081,100,99918,100,100089,100,99913,100
2019-06-28 09:38:10.000000000,100039,190,100012,190,100051,190,99953,190,100062,190,99951,190,100073,190,99941,190,100074,100,99939,100,100076,100,99936,100,100078,100,99935,100,100080,100,99934,100,100081,100,99918,100,100089,100,99913,100
2019-06-28 09:38:19.486874277,100039,190,100012,190,100051,190,99953,190,100062,190,99951,190,100073,190,99941,190,100074,100,99939,100,100076,100,99936,100,100078,100,99935,100,100080,100,99934,100,100081,100,99918,100,100089,100,99903,100
2019-06-28 09:38:20.000000000,100039,222,100012,222,100051,219,99953,219,100062,219,99951,219,100073,100,99941,100,100074,100,99939,100,100076,100,99936,100,100078,100,99935,100,100080,100,99934,100,100081,100,99918,100,100089,100,99903,100
2019-06-28 09:38:30.000000000,100039,222,100012,222,100051,219,99953,219,100062,219,99951,219,100073,100,99941,100,100074,100,99939,100,100076,100,99936,100,100078,100,99935,100,100080,100,99934,100,100081,100,99918,100,100089,100,99903,100
2019-06-28 09:38:40.000000000,100039,460,100012,460,100051,100,99953,100,100062,100,99951,100,100073,100,99941,100,100074,100,99939,100,100076,100,99936,100,100078,100,99935,100,100080,100,99934,100,100081,100,99918,100,100089,100,99903,100
2019-06-28 09:38:50.000000000,100039,222,100012,222,100051,219,99953,219,100062,219,99951,219,100073,100,99941,100,100074,100,99939,100,100076,100,99936,100,100078,100,99935,100,100080,100,99934,100,100081,100,99918,100,100089,100,99903,100
2019-06-28 09:38:55.479340361,100039,222,100012,222,100051,219,99953,219,100062,219,99951,219,100073,100,99941,100,100074,100,99939,100,100076,100,99936,100,100078,100,99935,100,100080,100,99934,100,100081,100,99918,100,100089,100,99903,100
2019-06-28 09:39:00.000000000,100039,280,100012,280,100051,280,99953,280,100062,100,99951,100,100073,100,99941,100,100074,100,99939,100,100076,100,99936,100,100078,100,99935,100,100080,100,99934,100,100081,100,99918,100,100089,100,99903,100
2019-06-28 09:39:10.000000000,100039,460,100012,460,100051,100,99953,100,100062,100,99951,100,100073,100,99941,100,100074,100,99939,100,100076,100,99936,100,100078,100,99935,100,100080,100,99934,100,100081,100,99918,100,100089,100,99903,100
2019-06-28 09:39:12.817229822,100039,460,100012,460,100051,100,99953,100,100062,100,99951,100,100073,100,99941,100,100074,100,99939,100,100076,100,99936,100,100078,100,99935,100,100080,100,99934,100,100081,100,99918,100,100089,100,99903,100
2019-06-28 09:39:19.214830256,100039,360,100012,460,100051,100,99953,100,100062,100,99951,100,100073,100,99941,100,100074,100,99939,100,100078,100,99936,100,100080,100,99935,100,100081,100,99934,100,100089,100,99918,100,100097,100,99903,100
2019-06-28 09:39:20.000000000,100051,222,100012,222,100062,219,99953,219,100073,219,99951,219,100074,100,99941,100,100078,100,99939,100,100080,100,99936,100,100081,100,99935,100,100089,100,99934,100,100097,100,99918,100,100098,100,99903,100
2019-06-28 09:39:30.000000000,100051,280,100012,280,100062,280,99953,280,100073,100,99951,100,100074,100,99941,100,100078,100,99939,100,100080,100,99936,100,100081,100,99935,100,100089,100,99934,100,100097,100,99918,100,100098,100,99903,100
2019-06-28 09:39:39.722840531,100051,180,100012,280,100062,280,99953,280,100073,100,99951,100,100074,100,99941,100,100078,100,99939,100,100080,100,99936,100,100081,100,99935,100,100089,100,99934,100,100097,100,99918,100,100098,100,99903,100
2019-06-28 09:39:40.000000000,100062,172,100012,172,100073,172,99953,172,100074,172,99951,172,100078,172,99941,172,100080,172,99939,172,100081,100,99936,100,100089,100,99935,100,100097,100,99934,100,100098,100,99918,100,100109,100,99903,100
2019-06-28 09:39:50.000000000,100062,190,100012,190,100073,190,99953,190,100074,190,99951,190,100078,190,99941,190,100080,100,99939,100,100081,100,99936,100,100089,100,99935,100,100097,100,99934,100,100098,100,99918,100,100109,100,99903,100
2019-06-28 09:39:51.252772531,100062,190,100012,190,100073,190,99953,190,100074,190,99951,190,100078,190,99941,190,100080,100,99939,100,100089,100,99936,100,100097,100,99935,100,100098,100,99934,100,100109,100,99918,100,100110,100,99903,100
2019-06-28 09:40:00.000000000,100062,172,100012,172,100073,172,99953,172,100074,172,99951,172,100078,172,99941,172,100080,172,99939,172,100089,100,99936,100,100097,100,99935,100,100098,100,99934,100,100109,100,99918,100,100110,100,99903,100
2019-06-28 09:40:00.616251294,100062,172,100027,100,100073,172,100012,172,100074,172,99953,172,100078,172,99951,172,100080,172,99941,172,100089,100,99939,172,100097,100,99936,100,100098,100,99935,100,100109,100,99934,100,100110,100,99918,100
2019-06-28 09:40:05.374402390,100062,172,100027,100,100073,172,100012,172,100074,172,99953,172,100078,172,99951,172,100080,172,99941,172,100089,100,99939,172,100097,100,99936,100,100098,100,99935,100,100109,100,99934,100,100110,100,99918,100
2019-06-28 09:40:08.303934797,100062,72,100027,100,100073,172,100012,172,100074,172,99953,172,100078,172,99951,172,100080,172,99941,172,100089,100,99939,172,100097,100,99936,100,100098,100,99935,100,100109,100,99934,100,100110,100,99918,100
2019-06-28 09:40:10.000000000,100073,280,100027,280,100074,280,100012,280,100078,100,99953,100,100080,100,99951,100,100089,100,99941,100,100097,100,99939,100,100098,100,99936,100,100109,100,99935,100,100110,100,99934,100,100116,100,99918,100
2019-06-28 09:40:18.658601437,100073,280,100027,280,100074,280,100012,280,100078,100,99953,100,100080,100,99951,100,100089,100,99941,100,100097,100,99939,100,100098,100,99936,100,100109,100,99935,100,100110,100,99934,100,100116,100,99918,100
2019-06-28 09:40:20.000000000,100073,190,100027,190,100074,190,100012,190,100078,190,99953,190,100080,190,99951,190,100089,100,99941,100,100097,100,99939,100,100098,100,99936,100,100109,100,99935,100,100110,100,99934,100,100116,100,99918,100
2019-06-28 09:40:30.000000000,100073,460,100027,460,100074,100,100012,100,100078,100,99953,100,100080,100,99951,100,100089,100,99941,100,100097,100,99939,100,100098,100,99936,100,100109,100,99935,100,100110,100,99934,100,100116,100,99918,100
2019-06-28 09:40:40.000000000,100073,460,100027,460,100074,100,100012,100,100078,100,99953,100,100080,100,99951,100,100089,100,99941,100,100097,100,99939,100,100098,100,99936,100,100109,100,99935,100,100110,100,99934,100,100116,100,99918,100
2019-06-28 09:40:50.000000000,100073,190,100027,190,100074,190,100012,190,100078,190,99953,190,100080,190,99951,190,100089,100,99941,100,100097,100,99939,100,100098,100,99936,100,100109,100,99935,100,100110,100,99934,100,100116,100,99918,100
2019-06-28 09:40:58.522117310,100073,190,100027,190,100074,190,100012,190,100078,190,99953,190,100080,190,99951,190,100089,100,99941,100,100097,100,99939,100,100098,100,99936,100,100109,100,99935,100,100110,100,99934,100,100116,100,99918,100
2019-06-28 09:41:00.000000000,100073,280,100027,280,100074,280,100012,280,100078,100,99953,100,100080,100,99951,100,100089,100,99941,100,100097,100,99939,100,100098,100,99936,100,100109,100,99935,100,100110,100,99934,100,100116,100,99918,100
2019-06-28 09:41:10.000000000,100073,222,100027,222,100074,219,100012,219,100078,219,99953,219,100080,100,99951,100,100089,100,99941,100,100097,100,99939,100,100098,100,99936,100,100109,100,99935,100,100110,100,99934,100,100116,100,99918,100
2019-06-28 09:41:20.000000000,100073,190,100027,190,100074,190,100012,190,100078,190,99953,190,100080,190,99951,190,100089,100,99941,100,100097,100,99939,100,100098,100,99936,100,100109,100,99935,100,100110,100,99934,100,100116,100,99918,100
2019-06-28 09:41:27.549320268,100073,190,100027,190,100074,190,100012,190,100078,190,99953,190,100080,190,99951,190,100089,100,99941,100,100097,100,99939,100,100098,100,99936,100,100109,100,99935,100,100110,100,99934,100,100116,100,99918,100
2019-06-28 09:41:30.000000000,100073,172,100027,172,100074,172,100012,172,100078,172,99953,172,100080,172,99951,172,100089,172,99941,172,100097,100,99939,100,100098,100,99936,100,100109,100,99935,100,100110,100,99934,100,100116,100,99918,100
2019-06-28 09:41:40.000000000,100073,280,100027,280,100074,280,100012,280,100078,100,99953,100,100080,100,99951,100,100089,100,99941,100,100097,100,99939,100,100098,100,99936,100,100109,100,99935,100,100110,100,99934,100,100116,100,99918,100
2019-06-28 09:41:50.000000000,100073,172,100027,172,100074,172,100012,172,100078,172,99953,172,100080,172,99951,172,100089,172,99941,172,100097,100,99939,100,100098,100,99936,100,100109,100,99935,100,100110,100,99934,100,100116,100,99918,100
2019-06-28 09:41:52.810474979,100073,72,100027,172,100074,172,100012,172,100078,172,99953,172,100080,172,99951,172,100089,172,99941,172,100097,100,99939,100,100098,100,99936,100,100109,100,99935,100,100110,100,99934,100,100116,100,99918,100
2019-06-28 09:41:54.068134596,100073,72,100027,172,100074,172,100012,172,100078,172,99953,172,100080,172,99951,172,100089,172,99941,172,100097,100,99939,100,100098,100,99936,100,100109,100,99934,100,100110,100,99918,100,100116,100,99903,100
2019-06-28 09:41:55.686964057,100073,72,100027,172,100074,172,100012,172,100078,172,99953,172,100080,172,99951,172,100089,172,99941,172,100097,100,99939,100,100098,100,99936,100,100109,100,99934,100,100110,100,99918,100,100116,100,99903,100
2019-06-28 09:41:59.380857029,100073,72,100027,172,100074,172,100012,172,100078,172,99953,172,100080,172,99951,172,100089,172,99941,172,100097,100,99939,100,100098,100,99936,100,100109,100,99934,100,100110,100,99918,100,100129,100,99903,100
2019-06-28 09:42:00.000000000,100074,190,100027,190,100078,190,100012,190,100080,190,99953,190,100089,190,99951,190,100097,100,99941,100,100098,100,99939,100,100109,100,99936,100,100110,100,99934,100,100129,100,99918,100,100150,100,99903,100
2019-06-28 09:42:10.000000000,100074,280,100027,280,100078,280,100012,280,100080,100,99953,100,100089,100,99951,100,100097,100,99941,100,100098,100,99939,100,100109,100,99936,100,100110,100,99934,100,100129,100,99918,100,100150,100,99903,100
2019-06-28 09:42:20.000000000,100074,222,100027,222,100078,219,100012,219,100080,219,99953,219,100089,100,99951,100,100097,100,99941,100,100098,100,99939,100,100109,100,99936,100,100110,100,99934,100,100129,100,99918,100,100150,100,99903,100
2019-06-28 09:42:30.000000000,100074,222,100027,222,100078,219,100012,219,100080,219,99953,219,100089,100,99951,100,100097,100,99941,100,100098,100,99939,100,100109,100,99936,100,100110,100,99934,100,100129,100,99918,100,100150,100,99903,100
2019-06-28 09:42:34.241228449,100074,222,100027,222,100078,219,100012,219,100080,219,99953,219,100089,100,99951,100,100097,100,99941,100,100098,100,99939,100,100109,100,99936,100,100110,100,99934,100,100129,100,99918,100,100150,100,99903,100
2019-06-28 09:42:40.000000000,100074,460,100027,460,100078,100,100012,100,100080,100,99953,100,100089,100,99951,100,100097,100,99941,100,100098,100,99939,100,100109,100,99936,100,100110,100,99934,100,100129,100,99918,100,100150,100,99903,100
2019-06-28 09:42:50.000000000,100074,172,100027,172,100078,172,100012,172,100080,172,99953,172,100089,172,99951,172,100097,172,99941,172,100098,100,99939,100,100109,100,99936,100,100110,100,99934,100,100129,100,99918,100,100150,100,99903,100
2019-06-28 09:42:57.640911618,100074,172,100027,172,100078,172,100012,172,100080,172,99953,172,100089,172,99951,172,100097,172,99941,172,100098,100,99939,100,100109,100,99936,100,100110,100,99934,100,100129,100,99918,100,100150,100,99903,100
2019-06-28 09:43:00.000000000,100074,280,100027,280,100078,280,100012,280,100080,100,99953,100,100089,100,99951,100,100097,100,99941,100,100098,100,99939,100,100109,100,99936,100,100110,100,99934,100,100129,100,99918,100,100150,100,99903,100
2019-06-28 09:43:07.948304098,100074,180,100027,280,100078,280,100012,280,100080,100,99953,100,100089,100,99951,100,100097,100,99941,100,100098,100,99939,100,100109,100,99936,100,100110,100,99934,100,100129,100,99918,100,100150,100,99903,100
2019-06-28 09:43:10.000000000,100078,460,100027,460,100080,100,100012,100,100089,100,99953,100,100097,100,99951,100,100098,100,99941,100,100109,100,99939,100,100110,100,99936,100,100129,100,99934,100,100150,100,99918,100,100160,100,99903,100
2019-06-28 09:43:20.000000000,100078,222,100027,222,100080,219,100012,219,100089,219,99953,219,100097,100,99951,100,100098,100,99941,100,100109,100,99939,100,100110,100,99936,100,100129,100,99934,100,100150,100,99918,100,100160,100,99903,100
2019-06-28 09:43:30.000000000,100078,172,100027,172,100080,172,100012,172,100089,172,99953,172,100097,172,99951,172,100098,172,99941,172,100109,100,99939,100,100110,100,99936,100,100129,100,99934,100,100150,100,99918,100,100160,100,99903,100
2019-06-28 09:43:40.000000000,100078,222,100027,222,100080,219,100012,219,100089,219,99953,219,100097,100,99951,100,100098,100,99941,100,100109,100,99939,100,100110,100,99936,100,100129,100,99934,100,100150,100,99918,100,100160,100,99903,100
2019-06-28 09:43:47.768847491,100078,122,100027,222,100080,219,100012,219,100089,219,99953,219,100097,100,99951,100,100098,100,99941,100,100109,100,99939,100,100110,100,99936,100,100129,100,99918,100,100150,100,99903,100,100160,100,99901,200
2019-06-28 09:43:50.000000000,100080,460,100027,460,100089,100,100012,100,100097,100,99953,100,100098,100,99951,100,100109,100,99941,100,100110,100,99939,100,100129,100,99936,100,100150,100,99918,100,100160,100,99903,100,101361,100,99901,200
2019-06-28 09:44:00.000000000,100080,222,100027,222,100089,219,100012,219,100097,219,99953,219,100098,100,99951,100,100109,100,99941,100,100110,100,99939,100,100129,100,99936,100,100150,100,99918,100,100160,100,99903,100,101361,100,99901,200
2019-06-28 09:44:10.000000000,100080,172,100027,172,100089,172,100012,172,100097,172,99953,172,100098,172,99951,172,100109,172,99941,172,100110,100,99939,100,100129,100,99936,100,100150,100,99918,100,100160,100,99903,100,101361,100,99901,200
2019-06-28 09:44:14.742036443,100080,172,100073,100,100089,172,100027,172,100097,172,100012,172,100098,172,99953,172,100109,172,99951,172,100110,100,99941,172,100129,100,99939,100,100150,100,99936,100,100160,100,99918,100,101361,100,99903,100
2019-06-28 09:44:20.000000000,100080,172,100073,172,100089,172,100027,172,100097,172,100012,172,100098,172,99953,172,100109,172,99951,172,100110,100,99941,100,100129,100,99939,100,100150,100,99936,100,100160,100,99918,100,101361,100,99903,100
2019-06-28 09:44:22.059290902,100080,72,100073,172,100089,172,100027,172,100097,172,100012,172,100098,172,99953,172,100109,172,99951,72,100110,100,99941,100,100129,100,99939,100,100150,100,99936,100,100160,100,99918,100,101361,100,99903,100
2019-06-28 09:44:30.000000000,100089,222,100073,222,100097,219,100027,219,100098,219,100012,219,100109,100,99953,100,100110,100,99941,100,100129,100,99939,100,100150,100,99936,100,100160,100,99918,100,101361,100,99903,100,101390,100,99901,200
2019-06-28 09:44:31.528548125,100089,222,100073,222,100097,219,100027,219,100098,219,100012,219,100109,100,99953,100,100110,100,99941,100,100129,100,99939,100,100150,100,99936,100,100160,100,99918,100,100823,100,99903,100,101361,100,99901,200
2019-06-28 09:44:40.000000000,100089,460,100073,460,100097,100,100027,100,100098,100,100012,100,100109,100,99953,100,100110,100,99941,100,100129,100,99939,100,100150,100,99936,100,100160,100,99918,100,100823,100,99903,100,101361,100,99901,200
2019-06-28 09:44:41.132941176,100089,460,100074,100,100097,100,100073,460,100098,100,100027,100,100109,100,100012,100,100110,100,99953,100,100129,100,99941,100,100150,100,99939,100,100160,100,99936,100,100823,100,99918,100,101361,100,99903,100
2019-06-28 09:44:50.000000000,100089,280,100074,280,100097,280,100073,280,100098,100,100027,100,100109,100,100012,100,100110,100,99953,100,100129,100,99941,100,100150,100,99939,100,100160,100,99936,100,100823,100,99918,100,101361,100,99903,100
2019-06-28 09:45:00.000000000,100089,460,100074,460,100097,100,100073,100,100098,100,100027,100,100109,100,100012,100,100110,100,99953,100,100129,100,99941,100,100150,100,99939,100,100160,100,99936,100,100823,100,99918,100,101361,100,99903,100
2019-06-28 09:45:03.087677510,100089,460,100074,560,100097,100,100073,100,100098,100,100027,100,100109,100,100012,100,100110,100,99953,100,100129,100,99941,100,100150,100,99939,100,100160,100,99936,100,100823,100,99918,100,101361,100,99903,100
2019-06-28 09:45:10.000000000,100089,460,100074,560,100097,100,100073,100,100098,100,100027,100,100109,100,100012,100,100110,100,99953,100,100129,100,99941,100,100150,100,99939,100,100160,100,99936,100,100823,100,99918,100,101361,100,99903,100
2019-06-28 09:45:20.000000000,100089,222,100074,322,100097,219,100073,219,100098,219,100027,219,100109,100,100012,100,100110,100,99953,100,100129,100,99941,100,100150,100,99939,100,100160,100,99936,100,100823,100,99918,100,101361,100,99903,100
2019-06-28 09:45:29.611595705,100089,222,100074,322,100097,219,100073,219,100098,219,100027,219,100109,100,100012,100,100110,100,99953,100,100129,100,99941,100,100150,100,99939,100,100160,100,99936,100,100823,200,99918,100,101361,100,99903,100
2019-06-28 09:45:30.000000000,100089,460,100074,560,100097,100,100073,100,100098,100,100027,100,100109,100,100012,100,100110,100,99953,100,100129,100,99941,100,100150,100,99939,100,100160,100,99936,100,100823,200,99918,100,101361,100,99903,100
2019-06-28 09:45:30.286032294,100089,360,100074,560,100097,100,100073,100,100098,100,100027,100,100109,100,100012,100,100110,100,99953,100,100129,100,99941,100,100150,100,99939,100,100823,200,99936,100,101361,100,99918,100,101390,100,99903,100
2019-06-28 09:45:32.895170841,100089,360,100074,560,100097,100,100073,100,100098,100,100027,100,100109,100,100012,100,100110,100,99953,100,100129,100,99941,100,100150,100,99939,100,100733,100,99936,100,100823,200,99918,100,101361,100,99903,100
2019-06-28 09:45:40.000000000,100097,190,100074,290,100098,190,100073,190,100109,190,100027,190,100110,190,100012,190,100129,100,99953,100,100150,100,99941,100,100733,100,99939,100,100823,200,99936,100,101361,100,99918,100,101390,100,99903,100
2019-06-28 09:45:41.882374945,100097,90,100074,290,100098,190,100073,190,100109,190,100027,190,100110,190,100012,190,100129,100,99953,100,100150,100,99941,100,100733,100,99939,100,100823,200,99936,100,101361,100,99918,100,101390,100,99903,100
2019-06-28 09:45:50.000000000,100098,190,100074,290,100109,190,100073,190,100110,190,100027,190,100129,190,100012,190,100150,100,99953,100,100733,100,99941,100,100823,200,99939,100,101361,100,99936,100,101390,100,99918,100,101483,100,99903,100
2019-06-28 09:46:00.000000000,100098,172,100074,272,100109,172,100073,172,100110,172,100027,172,100129,172,100012,172,100150,172,99953,172,100733,100,99941,100,100823,200,99939,100,101361,100,99936,100,101390,100,99918,100,101483,100,99903,100
2019-06-28 09:46:09.445470975,100098,72,100074,272,100109,172,100073,172,100110,172,100027,172,100129,172,100012,172,100150,172,99953,172,100733,100,99941,100,100823,200,99939,100,101361,100,99936,100,101483,100,99918,100,101558,100,99903,100
2019-06-28 09:46:10.000000000,100109,222,100074,322,100110,219,100073,219,100129,219,100027,219,100150,100,100012,100,100733,100,99953,100,100823,200,99941,100,101361,100,99939,100,101483,100,99936,100,101558,100,99918,100,101575,100,99903,100
2019-06-28 09:46:20.000000000,100109,280,100074,380,100110,280,100073,280,100129,100,100027,100,100150,100,100012,100,100733,100,99953,100,100823,200,99941,100,101361,100,99939,100,101483,100,99936,100,101558,100,99918,100,101575,100,99903,100
2019-06-28 09:46:30.000000000,100109,222,100074,322,100110,219,100073,219,100129,219,100027,219,100150,100,100012,100,100733,100,99953,100,100823,200,99941,100,101361,100,99939,100,101483,100,99936,100,101558,100,99918,100,101575,100,99903,100
2019-06-28 09:46:40.000000000,100109,280,100074,380,100110,280,100073,280,100129,100,100027,100,100150,100,100012,100,100733,100,99953,100,100823,200,99941,100,101361,100,99939,100,101483,100,99936,100,101558,100,99918,100,101575,100,99903,100
2019-06-28 09:46:47.110604464,100109,180,100074,380,100110,280,100073,280,100129,100,100027,100,100150,100,100012,100,100733,100,99953,100,100823,200,99941,100,101361,100,99939,100,101483,100,99936,100,101558,100,99918,100,101575,100,99903,100
2019-06-28 09:46:50.000000000,100110,222,100074,322,100129,219,100073,219,100150,219,100027,219,100733,100,100012,100,100823,200,99953,100,101361,100,99941,100,101483,100,99939,100,101558,100,99936,100,101575,100,99918,100,101652,100,99903,100
2019-06-28 09:46:50.438398209,100110,122,100074,322,100129,219,100073,219,100150,219,100027,219,100733,100,100012,100,100823,200,99953,100,101361,100,99941,100,101483,100,99939,100,101558,100,99936,100,101575,100,99918,100,101652,100,99903,100
2019-06-28 09:47:00.000000000,100129,280,100074,380,100150,280,100073,280,100733,100,100027,100,100823,200,100012,100,101361,100,99953,100,101483,100,99941,100,101558,100,99939,100,101575,100,99936,100,101652,100,99918,100,101689,100,99903,100
2019-06-28 09:47:09.276912241,100129,280,100074,380,100150,280,100073,280,100733,100,100027,100,100823,200,100012,100,101361,100,100009,100,101483,100,99953,100,101558,100,99941,100,101575,100,99936,100,101652,100,99918,100,101689,100,99903,100
2019-06-28 09:47:10.000000000,100129,222,100074,322,100150,219,100073,219,100733,219,100027,219,100823,200,100012,100,101361,100,100009,100,101483,100,99953,100,101558,100,99941,100,101575,100,99936,100,101652,100,99918,100,101689,100,99903,100
2019-06-28 09:47:11.289324093,100129,222,100109,100,100150,219,100074,322,100733,219,100073,219,100823,200,100027,219,101361,100,100012,100,101483,100,100009,100,101558,100,99953,100,101575,100,99941,100,101652,100,99936,100,101689,100,99918,100
2019-06-28 09:47:20.000000000,100129,222,100109,222,100150,219,100074,319,100733,219,100073,219,100823,200,100027,100,101361,100,100012,100,101483,100,100009,100,101558,100,99953,100,101575,100,99941,100,101652,100,99936,100,101689,100,99918,100
2019-06-28 09:47:22.302040017,100129,122,100109,222,100150,219,100074,319,100733,219,100073,219,100823,200,100027,100,101361,100,100012,100,101483,100,100009,100,101558,100,99953,100,101575,100,99936,100,101652,100,99918,100,101689,100,99903,100
2019-06-28 09:47:30.000000000,100150,222,100109,222,100733,219,100074,319,100823,319,100073,219,101361,100,100027,100,101483,100,100012,100,101558,100,100009,100,101575,100,99953,100,101652,100,99936,100,101689,100,99918,100,101813,100,99903,100
2019-06-28 09:47:32.858486150,100150,222,100109,222,100733,219,100074,319,100823,319,100073,219,101361,100,100027,100,101483,100,100012,100,101558,100,100009,100,101575,100,99953,100,101652,100,99936,100,101689,100,99929,100,101813,100,99918,100
2019-06-28 09:47:40.000000000,100150,280,100109,280,100733,280,100074,380,100823,200,100073,100,101361,100,100027,100,101483,100,100012,100,101558,100,100009,100,101575,100,99953,100,101652,100,99936,100,101689,100,99929,100,101813,100,99918,100
2019-06-28 09:47:50.000000000,100150,190,100109,190,100733,190,100074,290,100823,290,100073,190,101361,190,100027,190,101483,100,100012,100,101558,100,100009,100,101575,100,99953,100,101652,100,99936,100,101689,100,99929,100,101813,100,99918,100
2019-06-28 09:48:00.000000000,100150,190,100109,190,100733,190,100074,290,100823,290,100073,190,101361,190,100027,190,101483,100,100012,100,101558,100,100009,100,101575,100,99953,100,101652,100,99936,100,101689,100,99929,100,101813,100,99918,100
2019-06-28 09:48:10.000000000,100150,460,100109,460,100733,100,100074,200,100823,200,100073,100,101361,100,100027,100,101483,100,100012,100,101558,100,100009,100,101575,100,99953,100,101652,100,99936,100,101689,100,99929,100,101813,100,99918,100
2019-06-28 09:48:20.000000000,100150,190,100109,190,100733,190,100074,290,100823,290,100073,190,101361,190,100027,190,101483,100,100012,100,101558,100,100009,100,101575,100,99953,100,101652,100,99936,100,101689,100,99929,100,101813,100,99918,100
2019-06-28 09:48:30.000000000,100150,460,100109,460,100733,100,100074,200,100823,200,100073,100,101361,100,100027,100,101483,100,100012,100,101558,100,100009,100,101575,100,99953,100,101652,100,99936,100,101689,100,99929,100,101813,100,99918,100
2019-06-28 09:48:40.000000000,100150,460,100109,460,100733,100,100074,200,100823,200,100073,100,101361,100,100027,100,101483,100,100012,100,101558,100,100009,100,101575,100,99953,100,101652,100,99936,100,101689,100,99929,100,101813,100,99918,100
2019-06-28 09:48:45.302457400,100150,460,100109,460,100697,100,100074,200,100733,100,100073,100,100823,200,100027,100,101361,100,100012,100,101483,100,100009,100,101558,100,99953,100,101575,100,99936,100,101652,100,99929,100,101689,100,99918,100
2019-06-28 09:48:50.000000000,100150,172,100109,172,100697,172,100074,272,100733,172,100073,172,100823,272,100027,172,101361,172,100012,172,101483,100,100009,100,101558,100,99953,100,101575,100,99936,100,101652,100,99929,100,101689,100,99918,100
2019-06-28 09:49:00.000000000,100150,280,100109,280,100697,280,100074,380,100733,100,100073,100,100823,200,100027,100,101361,100,100012,100,101483,100,100009,100,101558,100,99953,100,101575,100,99936,100,101652,100,99929,100,101689,100,99918,100
2019-06-28 09:49:10.000000000,100150,172,100109,172,100697,172,100074,272,100733,172,100073,172,100823,272,100027,172,101361,172,100012,172,101483,100,100009,100,101558,100,99953,100,101575,100,99936,100,101652,100,99929,100,101689,100,99918,100
2019-06-28 09:49:20.000000000,100150,172,100109,172,100697,172,100074,272,100733,172,100073,172,100823,272,100027,172,101361,172,100012,172,101483,100,100009,100,101558,100,99953,100,101575,100,99936,100,101652,100,99929,100,101689,100,99918,100
2019-06-28 09:49:26.865200543,100150,172,100109,172,100697,172,100093,100,100733,172,100074,272,100823,272,100073,172,101361,172,100027,172,101483,100,100012,172,101558,100,100009,100,101575,100,99953,100,101652,100,99936,100,101689,100,99929,100
2019-06-28 09:49:30.000000000,100150,190,100109,190,100697,190,100093,190,100733,190,100074,290,100823,290,100073,190,101361,100,100027,100,101483,100,100012,100,101558,100,100009,100,101575,100,99953,100,101652,100,99936,100,101689,100,99929,100
2019-06-28 09:49:33.638786162,100150,190,100110,100,100697,190,100109,190,100733,190,100093,190,100823,290,100074,290,101361,100,100073,190,101483,100,100027,100,101558,100,100012,100,101575,100,100009,100,101652,100,99953,100,101689,100,99936,100
2019-06-28 09:49:40.000000000,100150,222,100110,222,100697,219,100109,219,100733,219,100093,219,100823,200,100074,200,101361,100,100073,100,101483,100,100027,100,101558,100,100012,100,101575,100,100009,100,101652,100,99953,100,101689,100,99936,100
2019-06-28 09:49:42.614880305,100150,222,100110,122,100697,219,100109,219,100733,219,100093,219,100823,200,100074,200,101361,100,100073,100,101483,100,100027,100,101558,100,100012,100,101575,100,100009,100,101652,100,99953,100,101689,100,99936,100
2019-06-28 09:49:50.000000000,100150,280,100109,280,100697,280,100093,280,100733,100,100074,200,100823,200,100073,100,101361,100,100027,100,101483,100,100012,100,101558,100,100009,100,101575,100,99953,100,101652,100,99936,100,101689,100,99929,100
2019-06-28 09:50:00.000000000,100150,190,100109,190,100697,190,100093,190,100733,190,100074,290,100823,290,100073,190,101361,100,100027,100,101483,100,100012,100,101558,100,100009,100,101575,100,99953,100,101652,100,99936,100,101689,100,99929,100
2019-06-28 09:50:10.000000000,100150,280,100109,280,100697,280,100093,280,100733,100,100074,200,100823,200,100073,100,101361,100,100027,100,101483,100,100012,100,101558,100,100009,100,101575,100,99953,100,101652,100,99936,100,101689,100,99929,100
2019-06-28 09:50:20.000000000,100150,460,100109,460,100697,100,100093,100,100733,100,100074,200,100823,200,100073,100,101361,100,100027,100,101483,100,100012,100,101558,100,100009,100,101575,100,99953,100,101652,100,99936,100,101689,100,99929,100
2019-06-28 09:50:30.000000000,100150,280,100109,280,100697,280,100093,280,100733,100,100074,200,100823,200,100073,100,101361,100,100027,100,101483,100,100012,100,101558,100,100009,100,101575,100,99953,100,101652,100,99936,100,101689,100,99929,100
2019-06-28 09:50:40.000000000,100150,280,100109,280,100697,280,100093,280,100733,100,100074,200,100823,200,100073,100,101361,100,100027,100,101483,100,100012,100,101558,100,100009,100,101575,100,99953,100,101652,100,99936,100,101689,100,99929,100
2019-06-28 09:50:50.000000000,100150,172,100109,172,100697,172,100093,172,100733,172,100074,272,100823,272,100073,172,101361,172,100027,172,101483,100,100012,100,101558,100,100009,100,101575,100,99953,100,101652,100,99936,100,101689,100,99929,100
2019-06-28 09:51:00.000000000,100150,460,100109,460,100697,100,100093,100,100733,100,100074,200,100823,200,100073,100,101361,100,100027,100,101483,100,100012,100,101558,100,100009,100,101575,100,99953,100,101652,100,99936,100,101689,100,99929,100
2019-06-28 09:51:10.000000000,100150,460,100109,460,100697,100,100093,100,100733,100,100074,200,100823,200,100073,100,101361,100,100027,100,101483,100,100012,100,101558,100,100009,100,101575,100,99953,100,101652,100,99936,100,101689,100,99929,100
2019-06-28 09:51:20.000000000,100150,460,100109,460,100697,100,100093,100,100733,100,100074,200,100823,200,100073,100,101361,100,100027,100,101483,100,100012,100,101558,100,100009,100,101575,100,99953,100,101652,100,99936,100,101689,100,99929,100
2019-06-28 09:51:21.011951757,100150,460,100109,460,100381,100,100093,100,100697,100,100074,200,100733,100,100073,100,100823,200,100027,100,101361,100,100012,100,101483,100,100009,100,101558,100,99953,100,101575,100,99936,100,101652,100,99929,100
2019-06-28 09:51:30.000000000,100150,460,100109,460,100381,100,100093,100,100697,100,100074,200,100733,100,100073,100,100823,200,100027,100,101361,100,100012,100,101483,100,100009,100,101558,100,99953,100,101575,100,99936,100,101652,100,99929,100
2019-06-28 09:51:40.000000000,100150,172,100109,172,100381,172,100093,172,100697,172,100074,272,100733,172,100073,172,100823,272,100027,172,101361,100,100012,100,101483,100,100009,100,101558,100,99953,100,101575,100,99936,100,101652,100,99929,100
2019-06-28 09:51:41.268531998,100150,72,100109,172,100381,172,100093,172,100697,172,100074,272,100733,172,100073,172,100823,272,100027,172,101361,100,100012,100,101483,100,100009,100,101558,100,99953,100,101575,100,99936,100,101652,100,99929,100
2019-06-28 09:51:44.144550895,100150,72,100123,100,100381,172,100109,172,100697,172,100093,172,100733,172,100074,272,100823,272,100073,172,101361,100,100027,172,101483,100,100012,100,101558,100,100009,100,101575,100,99953,100,101652,100,99936,100
2019-06-28 09:51:50.000000000,100381,460,100123,460,100697,100,100109,100,100733,100,100093,100,100823,200,100074,200,101361,100,100073,100,101483,100,100027,100,101558,100,100012,100,101575,100,100009,100,101652,100,99953,100,101689,100,99936,100
2019-06-28 09:52:00.000000000,100381,222,100123,222,100697,219,100109,219,100733,219,100093,219,100823,200,100074,200,101361,100,100073,100,101483,100,100027,100,101558,100,100012,100,101575,100,100009,100,101652,100,99953,100,101689,100,99936,100
2019-06-28 09:52:03.984484036,100381,222,100283,100,100697,219,100123,222,100733,219,100109,219,100823,200,100093,219,101361,100,100074,200,101483,100,100073,100,101558,100,100027,100,101575,100,100012,100,101652,100,99953,100,101689,100,99936,100
2019-06-28 09:52:10.000000000,100381,222,100283,222,100697,219,100123,219,100733,219,100109,219,100823,200,100093,100,101361,100,100074,200,101483,100,100073,100,101558,100,100027,100,101575,100,100012,100,101652,100,99953,100,101689,100,99936,100
2019-06-28 09:52:20.000000000,100381,172,100283,172,100697,172,100123,172,100733,172,100109,172,100823,272,100093,172,101361,172,100074,272,101483,100,100073,100,101558,100,100027,100,101575,100,100012,100,101652,100,99953,100,101689,100,99936,100
2019-06-28 09:52:23.598138643,100381,72,100283,172,100697,172,100133,100,100733,172,100123,172,100823,272,100109,172,101361,172,100093,172,101483,100,100074,272,101558,100,100073,100,101575,100,100027,100,101652,100,100012,100,101689,100,99953,100
2019-06-28 09:52:25.042376143,100381,72,100283,72,100697,172,100133,100,100733,172,100123,172,100823,272,100109,172,101361,72,100093,172,101483,100,100074,272,101558,100,100073,100,101575,100,100027,100,101652,100,100012,100,101689,100,99953,100
2019-06-28 09:52:30.000000000,100697,172,100133,172,100733,172,100123,172,100823,272,100109,172,101483,172,100093,172,101558,172,100074,272,101575,100,100073,100,101652,100,100027,100,101689,100,100012,100,101813,100,99953,100,101814,100,99936,100
2019-06-28 09:52:32.163228302,100697,172,100200,100,100733,172,100133,172,100823,272,100123,172,101483,172,100109,172,101558,172,100093,172,101575,100,100074,272,101652,100,100073,100,101689,100,100027,100,101813,100,100012,100,101814,100,99953,100
2019-06-28 09:52:40.000000000,100697,280,100200,280,100733,280,100133,280,100823,200,100123,100,101483,100,100109,100,101558,100,100093,100,101575,100,100074,200,101652,100,100073,100,101689,100,100027,100,101813,100,100012,100,101814,100,99953,100
2019-06-28 09:52:48.762793559,100283,100,100200,280,100697,280,100133,280,100733,280,100123,100,100823,200,100109,100,101483,100,100093,100,101558,100,100074,200,101575,100,100073,100,101652,100,100027,100,101689,100,100012,100,101813,100,99953,100
2019-06-28 09:52:50.000000000,100283,460,100200,460,100697,100,100133,100,100733,100,100123,100,100823,200,100109,100,101483,100,100093,100,101558,100,100074,200,101575,100,100073,100,101652,100,100027,100,101689,100,100012,100,101813,100,99953,100
2019-06-28 09:53:00.000000000,100283,172,100200,172,100697,172,100133,172,100733,172,100123,172,100823,272,100109,172,101483,172,100093,172,101558,100,100074,200,101575,100,100073,100,101652,100,100027,100,101689,100,100012,100,101813,100,99953,100
2019-06-28 09:53:10.000000000,100283,190,100200,190,100697,190,100133,190,100733,190,100123,190,100823,290,100109,190,101483,100,100093,100,101558,100,100074,200,101575,100,100073,100,101652,100,100027,100,101689,100,100012,100,101813,100,99953,100
2019-06-28 09:53:20.000000000,100283,190,100200,190,100697,190,100133,190,100733,190,100123,190,100823,290,100109,190,101483,100,100093,100,101558,100,100074,200,101575,100,100073,100,101652,100,100027,100,101689,100,100012,100,101813,100,99953,100
2019-06-28 09:53:25.132085928,100283,190,100200,190,100697,190,100133,190,100733,190,100123,190,100823,290,100109,190,101483,100,100093,100,101558,100,100074,100,101575,100,100073,100,101652,100,100027,100,101689,100,100012,100,101813,100,99953,100
2019-06-28 09:53:28.281773304,100283,190,100200,190,100697,190,100133,190,100733,190,100123,190,100823,290,100109,190,101483,100,100093,100,101558,100,100074,100,101575,100,100073,100,101652,100,100027,100,101689,100,100012,100,101813,100,99953,100
2019-06-28 09:53:30.000000000,100283,172,100200,172,100697,172,100133,172,100733,172,100123,172,100823,272,100109,172,101483,172,100093,172,101558,100,100074,100,101575,100,100073,100,101652,100,100027,100,101689,100,100012,100,101813,100,99953,100
2019-06-28 09:53:37.251311166,100283,172,100200,172,100697,172,100150,100,100733,172,100133,172,100823,272,100123,172,101483,172,100109,172,101558,100,100093,172,101575,100,100074,100,101652,100,100073,100,101689,100,100027,100,101813,100,100012,100
2019-06-28 09:53:40.000000000,100283,460,100200,460,100697,100,100150,100,100733,100,100133,100,100823,200,100123,100,101483,100,100109,100,101558,100,100093,100,101575,100,100074,100,101652,100,100073,100,101689,100,100027,100,101813,100,100012,100
2019-06-28 09:53:41.959549216,100283,460,100200,460,100697,100,100150,200,100733,100,100133,100,100823,200,100123,100,101483,100,100093,100,101558,100,100074,100,101575,100,100073,100,101652,100,100027,100,101689,100,100012,100,101813,100,99953,100
2019-06-28 09:53:50.000000000,100283,460,100200,460,100697,100,100150,200,100733,100,100133,100,100823,200,100123,100,101483,100,100093,100,101558,100,100074,100,101575,100,100073,100,101652,100,100027,100,101689,100,100012,100,101813,100,99953,100
2019-06-28 09:53:50.453148323,100283,460,100200,460,100351,100,100150,200,100697,100,100133,100,100733,100,100123,100,100823,200,100093,100,101483,100,100074,100,101575,100,100073,100,101652,100,100027,100,101689,100,100012,100,101813,100,99953,100
2019-06-28 09:53:51.157811043,100283,360,100200,460,100351,100,100150,200,100697,100,100133,100,100823,200,100123,100,101483,100,100093,100,101575,100,100074,100,101652,100,100073,100,101689,100,100027,100,101813,100,100012,100,101814,100,99953,100
2019-06-28 09:54:00.000000000,100351,222,100200,222,100697,219,100150,319,100823,319,100133,219,101483,100,100123,100,101575,100,100093,100,101652,100,100074,100,101689,100,100073,100,101813,100,100027,100,101814,100,100012,100,,,99953,100
2019-06-28 09:54:10.000000000,100351,190,100200,190,100697,190,100150,290,100823,290,100133,190,101483,190,100123,190,101575,100,100093,100,101652,100,100074,100,101689,100,100073,100,101813,100,100027,100,101814,100,100012,100,,,99953,100
2019-06-28 09:54:20.000000000,100351,460,100200,460,100697,100,100150,200,100823,200,100133,100,101483,100,100123,100,101575,100,100093,100,101652,100,100074,100,101689,100,100073,100,101813,100,100027,100,101814,100,100012,100,,,99953,100
2019-06-28 09:54:23.318889206,100286,100,100200,460,100351,460,100150,200,100697,100,100133,100,100823,200,100123,100,101483,100,100093,100,101575,100,100074,100,101652,100,100073,100,101689,100,100027,100,101814,100,100012,100,,,99953,100
2019-06-28 09:54:30.000000000,100286,460,100200,460,100351,100,100150,200,100697,100,100133,100,100823,200,100123,100,101483,100,100093,100,101575,100,100074,100,101652,100,100073,100,101689,100,100027,100,101814,100,100012,100,,,99953,100
2019-06-28 09:54:32.321522405,100286,460,100202,100,100351,100,100200,460,100697,100,100150,200,100823,200,100133,100,101483,100,100123,100,101575,100,100093,100,101652,100,100074,100,101689,100,100073,100,101814,100,100027,100,,,100012,100
2019-06-28 09:54:36.998890507,100286,460,100202,100,100351,100,100200,460,100697,100,100150,200,100823,200,100133,100,101483,100,100123,100,101575,100,100093,100,101652,100,100074,100,101689,100,100073,100,101814,100,100027,100,,,100012,100
2019-06-28 09:54:40.000000000,100286,190,100202,190,100351,190,100200,190,100697,190,100150,290,100823,290,100133,190,101483,100,100123,100,101575,100,100093,100,101652,100,100074,100,101689,100,100073,100,101814,100,100027,100,,,100012,100
2019-06-28 09:54:50.000000000,100286,280,100202,280,100351,280,100200,280,100697,100,100150,200,100823,200,100133,100,101483,100,100123,100,101575,100,100093,100,101652,100,100074,100,101689,100,100073,100,101814,100,100027,100,,,100012,100
2019-06-28 09:54:57.221048252,100286,280,100202,180,100351,280,100200,280,100697,100,100150,200,100823,200,100133,100,101483,100,100123,100,101575,100,100074,100,101652,100,100073,100,101689,100,100027,100,101814,100,100012,100,,,99953,100
2019-06-28 09:55:00.000000000,100286,172,100200,172,100351,172,100150,272,100697,172,100133,172,100823,272,100123,172,101483,172,100074,172,101575,100,100073,100,101652,100,100027,100,101689,100,100012,100,101814,100,99953,100,,,99936,100
2019-06-28 09:55:10.000000000,100286,172,100200,172,100351,172,100150,272,100697,172,100133,172,100823,272,100123,172,101483,172,100074,172,101575,100,100073,100,101652,100,100027,100,101689,100,100012,100,101814,100,99953,100,,,99936,100
2019-06-28 09:55:19.632734279,100286,172,100200,172,100351,172,100150,272,100593,100,100133,172,100697,172,100123,172,100823,272,100074,172,101483,172,100073,100,101575,100,100027,100,101652,100,100012,100,101689,100,99953,100,101814,100,99936,100
2019-06-28 09:55:20.000000000,100286,460,100200,460,100351,100,100150,200,100593,100,100133,100,100697,100,100123,100,100823,200,100074,100,101483,100,100073,100,101575,100,100027,100,101652,100,100012,100,101689,100,99953,100,101814,100,99936,100
2019-06-28 09:55:30.000000000,100286,460,100200,460,100351,100,100150,200,100593,100,100133,100,100697,100,100123,100,100823,200,100074,100,101483,100,100073,100,101575,100,100027,100,101652,100,100012,100,101689,100,99953,100,101814,100,99936,100
2019-06-28 09:55:38.978723076,100286,460,100200,460,100351,100,100150,200,100501,100,100133,100,100593,100,100123,100,100697,100,100074,100,100823,200,100073,100,101483,100,100027,100,101575,100,100012,100,101652,100,99953,100,101689,100,99936,100
2019-06-28 09:55:40.000000000,100286,172,100200,172,100351,172,100150,272,100501,172,100133,172,100593,172,100123,172,100697,172,100074,172,100823,200,100073,100,101483,100,100027,100,101575,100,100012,100,101652,100,99953,100,101689,100,99936,100
2019-06-28 09:55:44.639976077,100286,172,100200,172,100351,172,100150,272,100501,172,100133,172,100593,172,100123,172,100669,100,100074,172,100697,172,100073,100,100823,200,100027,100,101483,100,100012,100,101575,100,99953,100,101652,100,99936,100
2019-06-28 09:55:50.000000000,100286,190,100200,190,100351,190,100150,290,100501,190,100133,190,100593,190,100123,190,100669,100,100074,100,100697,100,100073,100,100823,200,100027,100,101483,100,100012,100,101575,100,99953,100,101652,100,99936,100
2019-06-28 09:55:50.076215806,100286,90,100200,190,100351,190,100150,290,100501,190,100133,190,100593,190,100123,190,100669,100,100074,100,100697,100,100073,100,100823,200,100027,100,101483,100,100012,100,101575,100,99953,100,101652,100,99936,100
2019-06-28 09:56:00.000000000,100351,280,100200,280,100501,280,100150,380,100593,100,100133,100,100669,100,100123,100,100697,100,100074,100,100823,200,100073,100,101483,100,100027,100,101575,100,100012,100,101652,100,99953,100,101689,100,99936,100
2019-06-28 09:56:01.684862598,100351,280,100203,100,100501,280,100200,280,100593,100,100150,280,100669,100,100133,100,100697,100,100123,100,100823,200,100074,100,101483,100,100073,100,101575,100,100027,100,101652,100,100012,100,101689,100,99953,100
2019-06-28 09:56:06.269827336,100351,180,100203,100,100501,280,100200,280,100593,100,100150,280,100669,100,100133,100,100697,100,100123,100,100823,200,100074,100,101483,100,100073,100,101575,100,100027,100,101652,100,100012,100,101689,100,99953,100
2019-06-28 09:56:10.000000000,100501,222,100203,222,100593,219,100200,219,100669,219,100150,219,100697,100,100133,100,100823,200,100123,100,101483,100,100074,100,101575,100,100073,100,101652,100,100027,100,101689,100,100012,100,101814,100,99953,100
2019-06-28 09:56:12.872287278,100501,222,100300,100,100593,219,100203,222,100669,219,100200,219,100697,100,100150,219,100823,200,100133,100,101483,100,100123,100,101575,100,100074,100,101652,100,100073,100,101689,100,100027,100,101814,100,100012,100
2019-06-28 09:56:20.000000000,100501,172,100300,172,100593,172,100203,172,100669,172,100200,172,100697,172,100150,172,100823,272,100133,172,101483,100,100123,100,101575,100,100074,100,101652,100,100073,100,101689,100,100027,100,101814,100,100012,100
2019-06-28 09:56:30.000000000,100501,172,100300,172,100593,172,100203,172,100669,172,100200,172,100697,172,100150,172,100823,272,100133,172,101483,100,100123,100,101575,100,100074,100,101652,100,100073,100,101689,100,100027,100,101814,100,100012,100
2019-06-28 09:56:40.000000000,100501,222,100300,222,100593,219,100203,219,100669,219,100200,219,100697,100,100150,100,100823,200,100133,100,101483,100,100123,100,101575,100,100074,100,101652,100,100073,100,101689,100,100027,100,101814,100,100012,100
2019-06-28 09:56:50.000000000,100501,460,100300,460,100593,100,100203,100,100669,100,100200,100,100697,100,100150,100,100823,200,100133,100,101483,100,100123,100,101575,100,100074,100,101652,100,100073,100,101689,100,100027,100,101814,100,100012,100
2019-06-28 09:56:58.420817052,100501,360,100300,460,100593,100,100203,100,100669,100,100200,100,100697,100,100150,100,100823,200,100133,100,101483,100,100123,100,101652,100,100074,100,101689,100,100073,100,101814,100,100027,100,,,100012,100
2019-06-28 09:57:00.000000000,100593,460,100300,460,100669,100,100203,100,100697,100,100200,100,100823,200,100150,100,101483,100,100133,100,101652,100,100123,100,101689,100,100074,100,101814,100,100073,100,,,100027,100,,,100012,100
2019-06-28 09:57:05.734276470,100593,460,100300,460,100669,100,100203,100,100697,100,100200,100,100823,200,100150,100,100988,100,100133,100,101483,100,100123,100,101652,100,100074,100,101689,100,100073,100,101814,100,100027,100,,,100012,100
2019-06-28 09:57:10.000000000,100593,172,100300,172,100669,172,100203,172,100697,172,100200,172,100823,272,100150,172,100988,172,100133,172,101483,100,100123,100,101652,100,100074,100,101689,100,100073,100,101814,100,100027,100,,,100012,100
2019-06-28 09:57:20.000000000,100593,280,100300,280,100669,280,100203,280,100697,100,100200,100,100823,200,100150,100,100988,100,100133,100,101483,100,100123,100,101652,100,100074,100,101689,100,100073,100,101814,100,100027,100,,,100012,100
2019-06-28 09:57:28.090335206,100593,180,100300,280,100669,280,100203,280,100697,100,100200,100,100823,200,100150,100,100988,100,100133,100,101483,100,100074,100,101652,100,100073,100,101689,100,100027,100,101814,100,100012,100,,,99953,100
2019-06-28 09:57:29.472296280,100593,180,100300,280,100669,280,100203,280,100697,100,100200,100,100823,200,100133,100,100988,100,100074,100,101483,100,100073,100,101652,100,100027,100,101689,100,100012,100,101814,100,99953,100,,,99936,100
2019-06-28 09:57:30.000000000,100669,172,100300,172,100697,172,100203,172,100823,272,100200,172,100988,172,100133,172,101483,172,100074,172,101652,100,100073,100,101689,100,100027,100,101814,100,100012,100,,,99953,100,,,99936,100
2019-06-28 09:57:40.000000000,100669,460,100300,460,100697,100,100203,100,100823,200,100200,100,100988,100,100133,100,101483,100,100074,100,101652,100,100073,100,101689,100,100027,100,101814,100,100012,100,,,99953,100,,,99936,100
2019-06-28 09:57:50.000000000,100669,460,100300,460,100697,100,100203,100,100823,200,100200,100,100988,100,100133,100,101483,100,100074,100,101652,100,100073,100,101689,100,100027,100,101814,100,100012,100,,,99953,100,,,99936,100
2019-06-28 09:57:57.081289828,100669,460,100496,100,100697,100,100300,460,100823,200,100203,100,100988,100,100200,100,101483,100,100133,100,101652,100,100074,100,101689,100,100073,100,101814,100,100027,100,,,100012,100,,,99953,100
2019-06-28 09:58:00.000000000,100669,280,100496,280,100697,280,100300,280,100823,200,100203,100,100988,100,100200,100,101483,100,100133,100,101652,100,100074,100,101689,100,100073,100,101814,100,100027,100,,,100012,100,,,99953,100
2019-06-28 09:58:10.000000000,100669,460,100496,460,100697,100,100300,100,100823,200,100203,100,100988,100,100200,100,101483,100,100133,100,101652,100,100074,100,101689,100,100073,100,101814,100,100027,100,,,100012,100,,,99953,100
2019-06-28 09:58:20.000000000,100669,172,100496,172,100697,172,100300,172,100823,272,100203,172,100988,172,100200,172,101483,172,100133,172,101652,100,100074,100,101689,100,100073,100,101814,100,100027,100,,,100012,100,,,99953,100
2019-06-28 09:58:30.000000000,100669,172,100496,172,100697,172,100300,172,100823,272,100203,172,100988,172,100200,172,101483,172,100133,172,101652,100,100074,100,101689,100,100073,100,101814,100,100027,100,,,100012,100,,,99953,100
2019-06-28 09:58:40.000000000,100669,460,100496,460,100697,100,100300,100,100823,200,100203,100,100988,100,100200,100,101483,100,100133,100,101652,100,100074,100,101689,100,100073,100,101814,100,100027,100,,,100012,100,,,99953,100
2019-06-28 09:58:50.000000000,100669,190,100496,190,100697,190,100300,190,100823,290,100203,190,100988,190,100200,190,101483,100,100133,100,101652,100,100074,100,101689,100,100073,100,101814,100,100027,100,,,100012,100,,,99953,100
2019-06-28 09:58:55.162142800,100669,190,100496,90,100697,190,100300,190,100823,290,100203,190,100988,190,100200,190,101483,100,100133,100,101652,100,100074,100,101689,100,100073,100,101814,100,100027,100,,,100012,100,,,99953,100
2019-06-28 09:59:00.000000000,100669,222,100300,222,100697,219,100203,219,100823,319,100200,219,100988,100,100133,100,101483,100,100074,100,101652,100,100073,100,101689,100,100027,100,101814,100,100012,100,,,99953,100,,,99936,100
2019-06-28 09:59:04.268063979,100669,222,100300,122,100697,219,100203,219,100823,319,100200,219,100988,100,100133,100,101483,100,100074,100,101652,100,100073,100,101689,100,100027,100,101814,100,100012,100,,,99953,100,,,99936,100
2019-06-28 09:59:10.000000000,100669,190,100203,190,100697,190,100200,190,100823,290,100133,190,100988,190,100074,190,101483,100,100073,100,101652,100,100027,100,101689,100,100012,100,101814,100,99953,100,,,99936,100,,,99929,100
2019-06-28 09:59:19.031741625,100669,190,100203,190,100697,190,100200,190,100823,290,100133,190,100988,190,100075,100,101483,100,100074,190,101652,100,100073,100,101689,100,100027,100,101814,100,100012,100,,,99953,100,,,99936,100
2019-06-28 09:59:20.000000000,100669,172,100203,172,100697,172,100200,172,100823,272,100133,172,100988,172,100075,172,101483,172,100074,172,101652,100,100073,100,101689,100,100027,100,101814,100,100012,100,,,99953,100,,,99936,100
2019-06-28 09:59:30.000000000,100669,460,100203,460,100697,100,100200,100,100823,200,100133,100,100988,100,100075,100,101483,100,100074,100,101652,100,100073,100,101689,100,100027,100,101814,100,100012,100,,,99953,100,,,99936,100
2019-06-28 09:59:40.000000000,100669,280,100203,280,100697,280,100200,280,100823,200,100133,100,100988,100,100075,100,101483,100,100074,100,101652,100,100073,100,101689,100,100027,100,101814,100,100012,100,,,99953,100,,,99936,100
2019-06-28 09:59:50.000000000,100669,222,100203,222,100697,219,100200,219,100823,319,100133,219,100988,100,100075,100,101483,100,100074,100,101652,100,100073,100,101689,100,100027,100,101814,100,100012,100,,,99953,100,,,99936,100
2019-06-28 09:59:50.391186306,100669,222,100203,222,100697,219,100200,219,100823,319,100156,100,100988,100,100133,219,101483,100,100075,100,101652,100,100074,100,101689,100,100073,100,101814,100,100027,100,,,100012,100,,,99953,100
2019-06-28 10:00:00.000000000,100669,280,100203,280,100697,280,100200,280,100823,200,100156,100,100988,100,100133,100,101483,100,100075,100,101652,100,100074,100,101689,100,100073,100,101814,100,100027,100,,,100012,100,,,99953,100
2019-06-28 10:00:10.000000000,100669,460,100203,460,100697,100,100200,100,100823,200,100156,100,100988,100,100133,100,101483,100,100075,100,101652,100,100074,100,101689,100,100073,100,101814,100,100027,100,,,100012,100,,,99953,100
2019-06-28 10:00:20.000000000,100669,280,100203,280,100697,280,100200,280,100823,200,100156,100,100988,100,100133,100,101483,100,100075,100,101652,100,100074,100,101689,100,100073,100,101814,100,100027,100,,,100012,100,,,99953,100
2019-06-28 10:00:22.037061948,100669,280,100203,180,100697,280,100200,280,100823,200,100156,100,100988,100,100133,100,101483,100,100075,100,101652,100,100074,100,101689,100,100073,100,101814,100,100027,100,,,100012,100,,,99953,100
2019-06-28 10:00:30.000000000,100669,172,100200,172,100697,172,100156,172,100823,272,100133,172,100988,172,100075,172,101483,172,100074,172,101652,100,100073,100,101689,100,100027,100,101814,100,100012,100,,,99953,100,,,99936,100
2019-06-28 10:00:40.000000000,100669,460,100200,460,100697,100,100156,100,100823,200,100133,100,100988,100,100075,100,101483,100,100074,100,101652,100,100073,100,101689,100,100027,100,101814,100,100012,100,,,99953,100,,,99936,100
2019-06-28 10:00:42.358142626,100669,460,100200,460,100697,100,100156,100,100823,200,100133,100,100988,100,100075,100,101483,100,100074,100,101652,100,100073,100,101689,100,100027,100,101814,100,100012,100,,,99953,100,,,99936,100
2019-06-28 10:00:47.645004161,100669,460,100200,360,100697,100,100156,100,100823,200,100133,100,100988,100,100075,100,101483,100,100074,100,101652,100,100073,100,101689,100,100027,100,101814,100,100012,100,,,99953,100,,,99936,100
2019-06-28 10:00:50.000000000,100669,222,100156,222,100697,219,100133,219,100823,319,100075,219,100988,100,100074,100,101483,100,100073,100,101652,100,100027,100,101689,100,100012,100,101814,100,99953,100,,,99936,100,,,99901,200
2019-06-28 10:01:00.000000000,100669,190,100156,190,100697,190,100133,190,100823,290,100075,190,100988,190,100074,190,101483,100,100073,100,101652,100,100027,100,101689,100,100012,100,101814,100,99953,100,,,99936,100,,,99901,200
2019-06-28 10:01:10.000000000,100669,222,100156,222,100697,219,100133,219,100823,319,100075,219,100988,100,100074,100,101483,100,100073,100,101652,100,100027,100,101689,100,100012,100,101814,100,99953,100,,,99936,100,,,99901,200
2019-06-28 10:01:17.219689649,100203,100,100156,222,100669,222,100133,219,100697,219,100075,219,100823,319,100074,100,100988,100,100073,100,101483,100,100027,100,101652,100,100012,100,101689,100,99953,100,101814,100,99936,100,,,99901,200
2019-06-28 10:01:20.000000000,100203,460,100156,460,100669,100,100133,100,100697,100,100075,100,100823,200,100074,100,100988,100,100073,100,101483,100,100027,100,101652,100,100012,100,101689,100,99953,100,101814,100,99936,100,,,99901,200
2019-06-28 10:01:27.695553837,100203,460,100156,460,100669,100,100133,100,100697,100,100075,100,100823,200,100074,100,100988,100,100073,100,101483,100,100027,100,101652,100,100012,100,101689,100,99953,100,101814,100,99936,100,,,99901,200
2019-06-28 10:01:30.000000000,100203,460,100156,460,100669,100,100133,100,100697,100,100075,100,100823,200,100074,100,100988,100,100073,100,101483,100,100027,100,101652,100,100012,100,101689,100,99953,100,101814,100,99936,100,,,99901,200
2019-06-28 10:01:40.000000000,100203,222,100156,222,100669,219,100133,219,100697,219,100075,219,100823,200,100074,100,100988,100,100073,100,101483,100,100027,100,101652,100,100012,100,101689,100,99953,100,101814,100,99936,100,,,99901,200
2019-06-28 10:01:40.899034265,100203,222,100156,222,100669,219,100133,219,100697,219,100075,219,100823,200,100074,100,100988,100,100073,100,101483,100,100027,100,101652,100,100012,100,101689,100,99953,100,101814,100,99936,100,,,99901,200
2019-06-28 10:01:41.684661786,100203,322,100156,222,100669,219,100133,219,100697,219,100075,219,100823,200,100074,100,100988,100,100073,100,101483,100,100027,100,101652,100,100012,100,101689,100,99953,100,101814,100,99936,100,,,99901,200
2019-06-28 10:01:46.351330970,100203,322,100156,122,100669,219,100133,219,100697,219,100075,219,100823,200,100074,100,101483,100,100073,100,101652,100,100027,100,101689,100,100012,100,101814,100,99953,100,,,99936,100,,,99901,200
2019-06-28 10:01:50.000000000,100203,272,100133,172,100669,172,100075,172,100697,172,100074,172,100823,272,100073,172,101483,172,100027,172,101652,100,100012,100,101689,100,99953,100,101814,100,99936,100,,,99901,200,,,99887,100
2019-06-28 10:01:54.335014708,100203,272,100133,72,100669,172,100075,172,100697,172,100074,172,100823,272,100073,172,101483,172,100027,172,101652,100,100012,100,101689,100,99953,100,101814,100,99936,100,,,99901,200,,,99887,100
2019-06-28 10:02:00.000000000,100203,560,100075,460,100669,100,100074,100,100697,100,100073,100,100823,200,100027,100,101483,100,100012,100,101652,100,99953,100,101689,100,99936,100,101814,100,99901,200,,,99887,100,,,99836,100
2019-06-28 10:02:09.067982412,100203,560,100075,460,100669,100,100074,100,100697,100,100073,100,100823,200,100027,100,101483,100,100012,100,101652,100,99953,100,101689,100,99936,100,101814,100,99901,200,,,99887,100,,,99836,100
2019-06-28 10:02:10.000000000,100203,380,100075,280,100669,280,100074,280,100697,100,100073,100,100823,200,100027,100,101483,100,100012,100,101652,100,99953,100,101689,100,99936,100,101814,100,99901,200,,,99887,100,,,99836,100
2019-06-28 10:02:20.000000000,100203,380,100075,280,100669,280,100074,280,100697,100,100073,100,100823,200,100027,100,101483,100,100012,100,101652,100,99953,100,101689,100,99936,100,101814,100,99901,200,,,99887,100,,,99836,100
2019-06-28 10:02:27.401540026,100203,380,100075,180,100669,280,100074,280,100697,100,100073,100,100823,200,100027,100,101483,100,100012,100,101652,100,99953,100,101689,100,99936,100,101814,100,99901,200,,,99887,100,,,99836,100
2019-06-28 10:02:30.000000000,100203,272,100074,172,100669,172,100073,172,100697,172,100027,172,100823,272,100012,172,101483,172,99953,172,101652,100,99936,100,101689,100,99901,200,101814,100,99887,100,,,99836,100,,,99290,100
2019-06-28 10:02:40.000000000,100203,560,100074,460,100669,100,100073,100,100697,100,100027,100,100823,200,100012,100,101483,100,99953,100,101652,100,99936,100,101689,100,99901,200,101814,100,99887,100,,,99836,100,,,99290,100
2019-06-28 10:02:50.000000000,100203,560,100074,460,100669,100,100073,100,100697,100,100027,100,100823,200,100012,100,101483,100,99953,100,101652,100,99936,100,101689,100,99901,200,101814,100,99887,100,,,99836,100,,,99290,100
2019-06-28 10:03:00.000000000,100203,272,100074,172,100669,172,100073,172,100697,172,100027,172,100823,272,100012,172,101483,172,99953,172,101652,100,99936,100,101689,100,99901,200,101814,100,99887,100,,,99836,100,,,99290,100
2019-06-28 10:03:10.000000000,100203,380,100074,280,100669,280,100073,280,100697,100,100027,100,100823,200,100012,100,101483,100,99953,100,101652,100,99936,100,101689,100,99901,200,101814,100,99887,100,,,99836,100,,,99290,100
2019-06-28 10:03:20.000000000,100203,272,100074,172,100669,172,100073,172,100697,172,100027,172,100823,272,100012,172,101483,172,99953,172,101652,100,99936,100,101689,100,99901,200,101814,100,99887,100,,,99836,100,,,99290,100
2019-06-28 10:03:30.000000000,100203,290,100074,190,100669,190,100073,190,100697,190,100027,190,100823,290,100012,190,101483,100,99953,100,101652,100,99936,100,101689,100,99901,200,101814,100,99887,100,,,99836,100,,,99290,100
2019-06-28 10:03:40.000000000,100203,290,100074,190,100669,190,100073,190,100697,190,100027,190,100823,290,100012,190,101483,100,99953,100,101652,100,99936,100,101689,100,99901,200,101814,100,99887,100,,,99836,100,,,99290,100
2019-06-28 10:03:47.499474826,100203,290,100074,190,100669,190,100073,190,100697,190,100027,190,100823,290,100012,190,101483,100,99978,100,101652,100,99953,100,101689,100,99936,100,101814,100,99901,200,,,99887,100,,,99836,100
2019-06-28 10:03:50.000000000,100203,380,100074,280,100669,280,100073,280,100697,100,100027,100,100823,200,100012,100,101483,100,99978,100,101652,100,99953,100,101689,100,99936,100,101814,100,99901,200,,,99887,100,,,99836,100
2019-06-28 10:03:59.255176499,100084,100,100074,280,100203,380,100073,280,100669,280,100027,100,100697,100,100012,100,100823,100,99978,100,101483,100,99953,100,101652,100,99936,100,101689,100,99901,200,101814,100,99887,100,,,99836,100
2019-06-28 10:04:00.000000000,100084,190,100074,190,100203,290,100073,190,100669,190,100027,190,100697,190,100012,190,100823,100,99978,100,101483,100,99953,100,101652,100,99936,100,101689,100,99901,200,101814,100,99887,100,,,99836,100
2019-06-28 10:04:10.000000000,100084,222,100074,222,100203,319,100073,219,100669,219,100027,219,100697,100,100012,100,100823,100,99978,100,101483,100,99953,100,101652,100,99936,100,101689,100,99901,200,101814,100,99887,100,,,99836,100
2019-06-28 10:04:20.000000000,100084,190,100074,190,100203,290,100073,190,100669,190,100027,190,100697,190,100012,190,100823,100,99978,100,101483,100,99953,100,101652,100,99936,100,101689,100,99901,200,101814,100,99887,100,,,99836,100
2019-06-28 10:04:29.498522941,100084,190,100074,90,100203,290,100073,190,100669,190,100027,190,100697,190,100012,190,100823,100,99978,100,101483,100,99953,100,101652,100,99936,100,101689,100,99901,200,101814,100,99887,100,,,99836,100
2019-06-28 10:04:30.000000000,100084,280,100073,280,100203,380,100027,280,100669,100,100012,100,100697,100,99978,100,100823,100,99953,100,101483,100,99936,100,101652,100,99901,200,101689,100,99887,100,101814,100,99836,100,,,99290,100
2019-06-28 10:04:40.000000000,100084,222,100073,222,100203,319,100027,219,100669,219,100012,219,100697,100,99978,100,100823,100,99953,100,101483,100,99936,100,101652,100,99901,200,101689,100,99887,100,101814,100,99836,100,,,99290,100
2019-06-28 10:04:50.000000000,100084,190,100073,190,100203,290,100027,190,100669,190,100012,190,100697,190,99978,190,100823,100,99953,100,101483,100,99936,100,101652,100,99901,200,101689,100,99887,100,101814,100,99836,100,,,99290,100
2019-06-28 10:04:52.648725933,100075,100,100073,190,100084,190,100027,190,100203,290,100012,190,100669,190,99978,190,100697,190,99953,100,100823,100,99936,100,101483,100,99901,200,101652,100,99887,100,101689,100,99836,100,101814,100,99290,100
2019-06-28 10:05:00.000000000,100075,222,100073,222,100084,219,100027,219,100203,319,100012,219,100669,100,99978,100,100697,100,99953,100,100823,100,99936,100,101483,100,99901,200,101652,100,99887,100,101689,100,99836,100,101814,100,99290,100
2019-06-28 10:05:10.000000000,100075,190,100073,190,100084,190,100027,190,100203,290,100012,190,100669,190,99978,190,100697,100,99953,100,100823,100,99936,100,101483,100,99901,200,101652,100,99887,100,101689,100,99836,100,101814,100,99290,100
2019-06-28 10:05:20.000000000,100075,222,100073,222,100084,219,100027,219,100203,319,100012,219,100669,100,99978,100,100697,100,99953,100,100823,100,99936,100,101483,100,99901,200,101652,100,99887,100,101689,100,99836,100,101814,100,99290,100
2019-06-28 10:05:23.221585656,100075,222,100073,222,100084,219,100027,219,100203,319,100012,219,100669,100,99978,100,100697,100,99953,100,100823,100,99936,100,101483,100,99901,100,101652,100,99887,100,101689,100,99836,100,101814,100,99290,100
2019-06-28 10:05:26.832465943,100075,222,100073,222,100084,219,100027,219,100203,319,100012,219,100669,100,99978,100,100697,100,99953,100,100823,100,99936,100,101483,100,99901,100,101652,100,99887,100,101689,100,99836,100,101814,100,99348,100
2019-06-28 10:05:26.971811604,100075,222,100073,222,100084,219,100027,219,100203,319,100012,219,100669,100,99978,100,100697,100,99953,100,100823,100,99936,100,101483,100,99887,100,101652,100,99836,100,101689,100,99366,100,101814,100,99348,100
2019-06-28 10:05:30.000000000,100075,172,100073,172,100084,172,100027,172,100203,272,100012,172,100669,172,99978,172,100697,172,99953,172,100823,100,99936,100,101483,100,99887,100,101652,100,99836,100,101689,100,99366,100,101814,100,99348,100
2019-06-28 10:05:35.091667571,100075,172,100073,72,100084,172,100027,172,100203,272,100012,172,100669,172,99978,172,100697,172,99953,172,100823,100,99936,100,101483,100,99887,100,101652,100,99836,100,101689,100,99366,100,101814,100,99348,100
2019-06-28 10:05:36.747298386,100073,28,100027,172,100075,172,100012,172,100084,172,99978,172,100203,272,99953,172,100669,172,99936,100,100697,172,99887,100,100823,100,99836,100,101483,100,99366,100,101652,100,99348,100,101689,100,99290,100
2019-06-28 10:05:40.000000000,100073,208,100027,280,100075,280,100012,280,100084,100,99978,100,100203,200,99953,100,100669,100,99936,100,100697,100,99887,100,100823,100,99836,100,101483,100,99366,100,101652,100,99348,100,101689,100,99290,100
2019-06-28 10:05:50.000000000,100073,208,100027,280,100075,280,100012,280,100084,100,99978,100,100203,200,99953,100,100669,100,99936,100,100697,100,99887,100,100823,100,99836,100,101483,100,99366,100,101652,100,99348,100,101689,100,99290,100
2019-06-28 10:05:50.327045214,100073,208,100027,280,100075,280,100014,100,100084,100,100012,280,100203,200,99978,100,100669,100,99953,100,100697,100,99936,100,100823,100,99887,100,101483,100,99836,100,101652,100,99366,100,101689,100,99348,100
2019-06-28 10:06:00.000000000,100073,100,100027,172,100075,172,100014,172,100084,172,100012,172,100203,272,99978,172,100669,172,99953,172,100697,100,99936,100,100823,100,99887,100,101483,100,99836,100,101652,100,99366,100,101689,100,99348,100
2019-06-28 10:06:00.093644703,100073,100,100027,172,100075,172,100014,172,100084,172,100012,172,100203,272,99978,172,100669,172,99953,172,100697,100,99936,100,100823,100,99887,100,101483,100,99713,100,101652,100,99366,100,101689,100,99348,100
2019-06-28 10:06:10.000000000,100073,118,100027,190,100075,190,100014,190,100084,190,100012,190,100203,290,99978,190,100669,100,99953,100,100697,100,99936,100,100823,100,99887,100,101483,100,99713,100,101652,100,99366,100,101689,100,99348,100
2019-06-28 10:06:18.015257713,100073,118,100027,190,100075,190,100014,190,100084,190,100012,190,100203,290,99978,190,100219,100,99953,100,100697,100,99936,100,100823,100,99887,100,101483,100,99713,100,101652,100,99366,100,101689,100,99348,100
2019-06-28 10:06:20.000000000,100073,118,100027,190,100075,190,100014,190,100084,190,100012,190,100203,290,99978,190,100219,100,99953,100,100697,100,99936,100,100823,100,99887,100,101483,100,99713,100,101652,100,99366,100,101689,100,99348,100
2019-06-28 10:06:30.000000000,100073,150,100027,222,100075,219,100014,219,100084,219,100012,219,100203,200,99978,100,100219,100,99953,100,100697,100,99936,100,100823,100,99887,100,101483,100,99713,100,101652,100,99366,100,101689,100,99348,100
2019-06-28 10:06:40.000000000,100073,100,100027,172,100075,172,100014,172,100084,172,100012,172,100203,272,99978,172,100219,172,99953,172,100697,100,99936,100,100823,100,99887,100,101483,100,99713,100,101652,100,99366,100,101689,100,99348,100
2019-06-28 10:06:50.000000000,100073,100,100027,172,100075,172,100014,172,100084,172,100012,172,100203,272,99978,172,100219,172,99953,172,100697,100,99936,100,100823,100,99887,100,101483,100,99713,100,101652,100,99366,100,101689,100,99348,100
2019-06-28 10:07:00.000000000,100073,388,100027,460,100075,100,100014,100,100084,100,100012,100,100203,200,99978,100,100219,100,99953,100,100697,100,99936,100,100823,100,99887,100,101483,100,99713,100,101652,100,99366,100,101689,100,99348,100
2019-06-28 10:07:02.444222148,100073,288,100027,460,100075,100,100014,100,100084,100,100012,100,100203,200,99978,100,100219,100,99953,100,100697,100,99936,100,100823,100,99887,100,101483,100,99713,100,101652,100,99366,100,101689,100,99348,100
2019-06-28 10:07:03.643286142,100073,188,100027,460,100075,100,100014,100,100084,100,100012,100,100203,200,99978,100,100219,100,99953,100,100697,100,99936,100,100823,100,99887,100,101483,100,99713,100,101652,100,99366,100,101689,100,99348,100
2019-06-28 10:07:10.000000000,100075,222,100027,222,100084,219,100014,219,100203,319,100012,219,100219,100,99978,100,100697,100,99953,100,100823,100,99936,100,101483,100,99887,100,101652,100,99713,100,101689,100,99366,100,101814,100,99348,100
2019-06-28 10:07:20.000000000,100075,280,100027,280,100084,280,100014,280,100203,200,100012,100,100219,100,99978,100,100697,100,99953,100,100823,100,99936,100,101483,100,99887,100,101652,100,99713,100,101689,100,99366,100,101814,100,99348,100
2019-06-28 10:07:30.000000000,100075,280,100027,280,100084,280,100014,280,100203,200,100012,100,100219,100,99978,100,100697,100,99953,100,100823,100,99936,100,101483,100,99887,100,101652,100,99713,100,101689,100,99366,100,101814,100,99348,100
2019-06-28 10:07:39.123713022,100072,100,100027,280,100075,280,100014,280,100084,280,100012,100,100203,100,99978,100,100219,100,99953,100,100697,100,99936,100,100823,100,99887,100,101483,100,99713,100,101652,100,99366,100,101689,100,99348,100
2019-06-28 10:07:39.412081782,100072,100,100027,280,100075,280,100014,280,100084,280,100012,100,100203,100,99978,100,100219,100,99953,100,100394,100,99936,100,100697,100,99887,100,100823,100,99713,100,101483,100,99366,100,101652,100,99348,100
2019-06-28 10:07:40.000000000,100072,280,100027,280,100075,280,100014,280,100084,100,100012,100,100203,100,99978,100,100219,100,99953,100,100394,100,99936,100,100697,100,99887,100,100823,100,99713,100,101483,100,99366,100,101652,100,99348,100
2019-06-28 10:07:50.000000000,100072,222,100027,222,100075,219,100014,219,100084,219,100012,219,100203,100,99978,100,100219,100,99953,100,100394,100,99936,100,100697,100,99887,100,100823,100,99713,100,101483,100,99366,100,101652,100,99348,100
2019-06-28 10:07:51.802525590,100072,222,100027,222,100075,219,100014,219,100084,219,100012,219,100203,100,99978,100,100219,100,99953,100,100323,100,99936,100,100394,100,99887,100,100697,100,99713,100,100823,100,99366,100,101483,100,99348,100
2019-06-28 10:08:00.000000000,100072,222,100027,222,100075,219,100014,219,100084,219,100012,219,100203,100,99978,100,100219,100,99953,100,100323,100,99936,100,100394,100,99887,100,100697,100,99713,100,100823,100,99366,100,101483,100,99348,100
2019-06-28 10:08:08.899753180,100072,322,100027,122,100075,219,100014,219,100084,219,100012,219,100203,100,99978,100,100219,100,99953,100,100323,100,99936,100,100394,100,99887,100,100697,100,99713,100,100823,100,99366,100,101483,100,99348,100
2019-06-28 10:08:10.000000000,100072,560,100014,460,100075,100,100012,100,100084,100,99978,100,100203,100,99953,100,100219,100,99936,100,100323,100,99887,100,100394,100,99713,100,100697,100,99366,100,100823,100,99348,100,101483,100,99290,100
2019-06-28 10:08:20.000000000,100072,380,100014,280,100075,280,100012,280,100084,100,99978,100,100203,100,99953,100,100219,100,99936,100,100323,100,99887,100,100394,100,99713,100,100697,100,99366,100,100823,100,99348,100,101483,100,99290,100
2019-06-28 10:08:30.000000000,100072,322,100014,222,100075,219,100012,219,100084,219,99978,219,100203,100,99953,100,100219,100,99936,100,100323,100,99887,100,100394,100,99713,100,100697,100,99366,100,100823,100,99348,100,101483,100,99290,100
2019-06-28 10:08:40.000000000,100072,272,100014,172,100075,172,100012,172,100084,172,99978,172,100203,172,99953,172,100219,172,99936,172,100323,100,99887,100,100394,100,99713,100,100697,100,99366,100,100823,100,99348,100,101483,100,99290,100
2019-06-28 10:08:50.000000000,100072,322,100014,222,100075,219,100012,219,100084,219,99978,219,100203,100,99953,100,100219,100,99936,100,100323,100,99887,100,100394,100,99713,100,100697,100,99366,100,100823,100,99348,100,101483,100,99290,100
2019-06-28 10:09:00.000000000,100072,290,100014,190,100075,190,100012,190,100084,190,99978,190,100203,190,99953,190,100219,100,99936,100,100323,100,99887,100,100394,100,99713,100,100697,100,99366,100,100823,100,99348,100,101483,100,99290,100
2019-06-28 10:09:05.294343116,100072,190,100014,190,100075,190,100012,190,100084,190,99978,190,100203,190,99953,190,100219,100,99936,100,100323,100,99887,100,100394,100,99713,100,100697,100,99366,100,100823,100,99348,100,101483,100,99290,100
2019-06-28 10:09:10.000000000,100072,190,100014,190,100075,190,100012,190,100084,190,99978,190,100203,190,99953,190,100219,100,99936,100,100323,100,99887,100,100394,100,99713,100,100697,100,99366,100,100823,100,99348,100,101483,100,99290,100
2019-06-28 10:09:16.251782200,100072,90,100014,190,100075,190,100012,190,100084,190,99978,190,100203,190,99953,190,100219,100,99936,100,100323,100,99887,100,100394,100,99713,100,100697,100,99366,100,100823,100,99348,100,101483,100,99290,100
2019-06-28 10:09:18.273026124,100075,190,100072,10,100084,190,100014,190,100203,190,100012,190,100219,100,99978,190,100323,100,99953,190,100394,100,99936,100,100697,100,99887,100,100823,100,99713,100,101483,100,99366,100,101652,100,99348,100
2019-06-28 10:09:20.000000000,100075,460,100072,370,100084,100,100014,100,100203,100,100012,100,100219,100,99978,100,100323,100,99953,100,100394,100,99936,100,100697,100,99887,100,100823,100,99713,100,101483,100,99366,100,101652,100,99348,100
2019-06-28 10:09:20.351161039,100075,360,100072,370,100084,100,100014,100,100203,100,100012,100,100219,100,99978,100,100323,100,99953,100,100394,100,99936,100,100697,100,99887,100,100823,100,99713,100,101483,100,99366,100,101652,100,99348,100
2019-06-28 10:09:20.767512534,100075,360,100072,370,100084,100,100012,100,100203,100,99978,100,100219,100,99953,100,100323,100,99936,100,100394,100,99887,100,100503,100,99713,100,100697,100,99366,100,100823,100,99348,100,101483,100,99290,100
2019-06-28 10:09:26.052894682,100075,360,100072,370,100084,100,100012,100,100203,100,99978,100,100219,100,99953,100,100256,100,99936,100,100323,100,99887,100,100394,100,99713,100,100503,100,99366,100,100697,100,99348,100,100823,100,99290,100
2019-06-28 10:09:30.000000000,100084,172,100072,82,100203,172,100012,172,100219,172,99978,172,100256,172,99953,172,100323,172,99936,172,100394,100,99887,100,100503,100,99713,100,100697,100,99366,100,100823,100,99348,100,101483,100,99290,100
2019-06-28 10:09:40.000000000,100084,190,100072,100,100203,190,100012,190,100219,190,99978,190,100256,190,99953,190,100323,100,99936,100,100394,100,99887,100,100503,100,99713,100,100697,100,99366,100,100823,100,99348,100,101483,100,99290,100
2019-06-28 10:09:47.594051787,100084,190,100072,100,100203,190,100012,190,100219,190,99978,190,100256,190,99953,190,100323,100,99936,100,100394,100,99887,100,100503,100,99749,100,100697,100,99713,100,100823,100,99366,100,101483,100,99348,100
2019-06-28 10:09:50.000000000,100084,280,100072,190,100203,280,100012,280,100219,100,99978,100,100256,100,99953,100,100323,100,99936,100,100394,100,99887,100,100503,100,99749,100,100697,100,99713,100,100823,100,99366,100,101483,100,99348,100
2019-06-28 10:10:00.000000000,100084,460,100072,370,100203,100,100012,100,100219,100,99978,100,100256,100,99953,100,100323,100,99936,100,100394,100,99887,100,100503,100,99749,100,100697,100,99713,100,100823,100,99366,100,101483,100,99348,100
