,ask_price_1,ask_size_1,bid_price_1,bid_size_1,ask_price_2,ask_size_2,bid_price_2,bid_size_2,ask_price_3,ask_size_3,bid_price_3,bid_size_3,ask_price_4,ask_size_4,bid_price_4,bid_size_4,ask_price_5,ask_size_5,bid_price_5,bid_size_5,ask_price_6,ask_size_6,bid_price_6,bid_size_6,ask_price_7,ask_size_7,bid_price_7,bid_size_7,ask_price_8,ask_size_8,bid_price_8,bid_size_8,ask_price_9,ask_size_9,bid_price_9,bid_size_9,ask_price_10,ask_size_10,bid_price_10,bid_size_10
2019-06-28 09:30:00.000000001,100056,100,99946,100,,,,,,,,,,,,,,,,,,,,,,,,,,,,,,,,,,,,
2019-06-28 09:30:00.000000002,100005,100,99946,100,100056,100,,,,,,,,,,,,,,,,,,,,,,,,,,,,,,,,,,
2019-06-28 09:30:00.000000003,100005,100,99946,100,100056,100,99908,100,,,,,,,,,,,,,,,,,,,,,,,,,,,,,,,,
2019-06-28 09:30:00.000000004,100005,100,99946,100,100056,100,99920,100,,,99908,100,,,,,,,,,,,,,,,,,,,,,,,,,,,,
2019-06-28 09:30:00.000000005,100056,100,99946,100,,,99920,100,,,99908,100,,,,,,,,,,,,,,,,,,,,,,,,,,,,
2019-06-28 09:30:00.000000006,100056,100,99946,100,,,99944,100,,,99920,100,,,99908,100,,,,,,,,,,,,,,,,,,,,,,,,
2019-06-28 09:30:00.000000009,100056,100,99946,100,,,99944,100,,,99920,100,,,99908,100,,,99906,100,,,,,,,,,,,,,,,,,,,,
2019-06-28 09:30:00.000000013,100055,100,100021,100,100056,100,99946,100,,,99944,100,,,99920,100,,,99908,100,,,99906,100,,,,,,,,,,,,,,,,
2019-06-28 09:30:00.000000015,100055,100,100021,100,100056,100,99946,100,,,99944,100,,,99920,100,,,99908,100,,,99906,100,,,99872,100,,,,,,,,,,,,
2019-06-28 09:30:00.000000016,100055,100,100021,100,100056,100,99946,100,100264,100,99944,100,,,99920,100,,,99908,100,,,99906,100,,,99872,100,,,99802,100,,,,,,,,
2019-06-28 09:30:00.000000017,100055,100,99977,100,100056,100,99946,100,100264,100,99944,100,,,99920,100,,,99908,100,,,99906,100,,,99872,100,,,99802,100,,,,,,,,
2019-06-28 09:30:00.000000021,100055,100,99977,100,100056,100,99946,100,100264,100,99944,100,,,99920,100,,,99908,100,,,99906,100,,,99872,100,,,99802,100,,,,,,,,
2019-06-28 09:30:00.000000024,100055,100,99992,100,100056,100,99977,100,100264,100,99946,100,,,99944,100,,,99920,100,,,99908,100,,,99906,100,,,99872,100,,,99802,100,,,,
2019-06-28 09:30:00.000000025,100055,100,99992,100,100056,100,99977,100,100264,100,99946,100,,,99944,100,,,99920,100,,,99908,100,,,99906,100,,,99872,100,,,99802,100,,,,
2019-06-28 09:30:00.000000026,100055,100,99977,100,100056,100,99946,100,100264,100,99944,100,,,99920,100,,,99908,100,,,99906,100,,,99872,100,,,99802,100,,,,,,,,
2019-06-28 09:30:00.000000027,100055,100,99946,100,100056,100,99944,100,100264,100,99933,100,,,99920,100,,,99908,100,,,99906,100,,,99872,100,,,99802,100,,,,,,,,
2019-06-28 09:30:00.000000031,100023,100,99946,100,100055,100,99944,100,100056,100,99933,100,100264,100,99920,100,,,99908,100,,,99906,100,,,99872,100,,,99802,100,,,,,,,,
2019-06-28 09:30:00.000000035,99995,100,99946,100,100012,100,99944,100,100023,100,99933,100,100055,100,99920,100,100056,100,99908,100,100264,100,99906,100,,,99872,100,,,99802,100,,,,,,,,
2019-06-28 09:30:00.000000036,100012,100,99946,100,100023,100,99944,100,100055,100,99933,100,100056,100,99920,100,100264,100,99908,100,,,99906,100,,,99872,100,,,99802,100,,,,,,,,
2019-06-28 09:30:00.000000040,100012,100,99961,100,100023,100,99946,100,100055,100,99944,100,100056,100,99933,100,100264,100,99920,100,,,99908,100,,,99906,100,,,99872,100,,,99802,100,,,,
2019-06-28 09:30:00.000000042,100012,100,99961,100,100023,100,99946,100,100055,100,99944,100,100056,100,99933,100,100264,100,99920,100,,,99913,100,,,99908,100,,,99906,100,,,99872,100,,,99802,100
2019-06-28 09:30:00.000000044,100012,100,99961,100,100023,100,99946,100,100055,100,99944,100,100056,100,99933,100,100085,100,99920,100,100264,100,99913,100,,,99908,100,,,99906,100,,,99872,100,,,99802,100
2019-06-28 09:30:00.000000046,100012,100,99961,100,100023,100,99946,100,100055,100,99944,100,100056,100,99933,100,100085,100,99920,100,100264,100,99913,100,,,99908,100,,,99906,100,,,99872,100,,,99834,100
2019-06-28 09:30:00.000000048,100012,100,99961,100,100023,100,99960,100,100055,100,99946,100,100056,100,99944,100,100085,100,99933,100,100264,100,99920,100,,,99913,100,,,99908,100,,,99906,100,,,99872,100
2019-06-28 09:30:00.000000052,100012,100,99961,100,100023,100,99960,100,100053,100,99946,100,100055,100,99944,100,100056,100,99933,100,100085,100,99920,100,100264,100,99913,100,,,99908,100,,,99906,100,,,99872,100
2019-06-28 09:30:00.000000053,100009,100,99961,100,100012,100,99960,100,100023,100,99946,100,100053,100,99944,100,100055,100,99933,100,100056,100,99920,100,100085,100,99913,100,100264,100,99908,100,,,99906,100,,,99872,100
2019-06-28 09:30:00.000000055,100009,100,99961,100,100012,100,99960,100,100023,100,99946,100,100053,100,99944,100,100055,100,99933,100,100056,100,99920,100,100085,100,99913,100,100264,100,99908,100,,,99906,100,,,99900,100
2019-06-28 09:30:00.000000059,99995,100,99961,100,100009,100,99960,100,100012,100,99946,100,100023,100,99944,100,100053,100,99933,100,100055,100,99920,100,100056,100,99913,100,100085,100,99908,100,100264,100,99906,100,,,99900,100
2019-06-28 09:30:00.000000062,99995,100,99977,100,100009,100,99962,100,100012,100,99961,100,100023,100,99960,100,100053,100,99946,100,100055,100,99944,100,100056,100,99933,100,100085,100,99920,100,100264,100,99913,100,,,99908,100
2019-06-28 09:30:00.000000064,99988,100,99977,100,99995,100,99962,100,100009,100,99961,100,100012,100,99960,100,100023,100,99946,100,100053,100,99944,100,100055,100,99933,100,100056,100,99920,100,100085,100,99913,100,100264,100,99908,100
2019-06-28 09:30:00.000000066,99988,100,99983,100,99995,100,99977,100,100009,100,99962,100,100012,100,99961,100,100023,100,99960,100,100053,100,99946,100,100055,100,99944,100,100056,100,99933,100,100085,100,99920,100,100264,100,99913,100
2019-06-28 09:30:00.000000068,99995,100,99983,100,100009,100,99977,100,100012,100,99962,100,100023,100,99961,100,100053,100,99960,100,100055,100,99946,100,100056,100,99944,100,100085,100,99933,100,100264,100,99920,100,,,99913,100
2019-06-28 09:30:00.000000069,99995,100,99983,100,100009,100,99977,100,100012,100,99962,100,100023,100,99961,100,100053,100,99960,100,100055,100,99946,100,100056,100,99944,100,100085,100,99933,100,100264,100,99929,100,,,99927,100
2019-06-28 09:30:00.000000071,99994,100,99983,100,99995,100,99977,100,100009,100,99962,100,100012,100,99961,100,100023,100,99960,100,100053,100,99946,100,100055,100,99944,100,100056,100,99933,100,100085,100,99929,100,100264,100,99927,100
2019-06-28 09:30:00.000000075,99994,100,99988,100,99995,100,99983,100,100009,100,99977,100,100012,100,99962,100,100023,100,99961,100,100053,100,99960,100,100055,100,99946,100,100056,100,99944,100,100085,100,99933,100,100264,100,99929,100
2019-06-28 09:30:00.000000076,99994,100,99988,100,99995,100,99983,100,100009,100,99977,100,100012,100,99962,100,100023,100,99961,100,100053,100,99960,100,100055,100,99946,100,100056,100,99944,100,100085,100,99933,100,100264,100,99929,100
2019-06-28 09:30:00.000000079,99995,100,99988,100,100009,100,99983,100,100012,100,99977,100,100023,100,99962,100,100053,100,99961,100,100055,100,99960,100,100056,100,99946,100,100085,100,99944,100,100264,100,99933,100,,,99929,100
2019-06-28 09:30:00.000000083,99995,100,99988,100,100009,100,99983,100,100012,100,99977,100,100023,100,99962,100,100053,100,99961,100,100055,100,99960,100,100056,100,99946,100,100085,100,99944,100,100264,100,99933,100,,,99929,100
2019-06-28 09:30:00.000000084,99995,100,99983,100,100009,100,99977,100,100012,100,99962,100,100023,100,99961,100,100053,100,99960,100,100055,100,99946,100,100056,100,99944,100,100085,100,99933,100,100264,100,99929,100,,,99927,100
2019-06-28 09:30:00.000000085,99995,100,99977,100,100009,100,99962,100,100012,100,99961,100,100023,100,99960,100,100053,100,99946,100,100055,100,99944,100,100056,100,99933,100,100085,100,99929,100,100264,100,99927,100,,,99920,100
2019-06-28 09:30:00.000000087,99995,100,99977,100,100009,100,99962,100,100012,100,99961,100,100023,100,99960,100,100053,100,99946,100,100055,100,99944,100,100056,100,99933,100,100085,100,99929,100,100139,100,99927,100,100264,100,99920,100
2019-06-28 09:30:00.000000090,100009,100,99977,100,100012,100,99962,100,100023,100,99961,100,100053,100,99960,100,100055,100,99946,100,100056,100,99944,100,100085,100,99933,100,100139,100,99929,100,100264,100,99927,100,,,99920,100
2019-06-28 09:30:00.000000091,100009,100,99977,100,100012,100,99962,100,100023,100,99961,100,100053,100,99960,100,100055,100,99946,100,100056,100,99944,100,100085,100,99933,100,100139,100,99929,100,100264,100,99927,100,,,99920,100
2019-06-28 09:30:00.000000092,100009,100,100001,100,100012,100,99977,100,100023,100,99962,100,100053,100,99961,100,100055,100,99960,100,100056,100,99946,100,100085,100,99944,100,100139,100,99933,100,100264,100,99929,100,,,99927,100
2019-06-28 09:30:00.000000093,100009,100,100001,100,100012,100,99977,100,100023,100,99962,100,100038,100,99961,100,100053,100,99960,100,100055,100,99946,100,100056,100,99944,100,100085,100,99933,100,100139,100,99929,100,100264,100,99927,100
2019-06-28 09:30:00.000000095,100012,100,100001,100,100023,100,99977,100,100038,100,99962,100,100053,100,99961,100,100055,100,99960,100,100056,100,99946,100,100057,100,99944,100,100085,100,99933,100,100139,100,99929,100,100264,100,99927,100
2019-06-28 09:30:00.000000097,100012,100,100001,100,100016,100,99977,100,100023,100,99962,100,100038,100,99961,100,100053,100,99960,100,100055,100,99946,100,100056,100,99944,100,100057,100,99933,100,100085,100,99929,100,100139,100,99927,100
2019-06-28 09:30:00.000000098,100009,100,100001,100,100012,100,99977,100,100016,100,99962,100,100023,100,99961,100,100038,100,99960,100,100053,100,99946,100,100055,100,99944,100,100056,100,99933,100,100057,100,99929,100,100085,100,99927,100
2019-06-28 09:30:00.000000099,100009,100,100001,100,100012,100,99977,100,100016,100,99962,100,100023,100,99961,100,100038,100,99960,100,100053,100,99946,100,100055,100,99944,100,100056,100,99933,100,100057,100,99929,100,100085,100,99927,100
2019-06-28 09:30:09.244035722,100009,100,100001,100,100012,100,99977,100,100016,100,99961,100,100023,100,99960,100,100038,100,99946,100,100053,100,99944,100,100055,100,99933,100,100056,100,99929,100,100057,100,99927,100,100085,100,99920,100
2019-06-28 09:30:10.000000000,100009,248,100001,248,100012,244,99977,244,100016,244,99961,244,100023,100,99960,100,100038,100,99946,100,100053,100,99944,100,100055,100,99933,100,100056,100,99929,100,100057,100,99927,100,100085,100,99920,100
2019-06-28 09:30:20.000000000,100009,318,100001,318,100012,318,99977,318,100016,100,99961,100,100023,100,99960,100,100038,100,99946,100,100053,100,99944,100,100055,100,99933,100,100056,100,99929,100,100057,100,99927,100,100085,100,99920,100
2019-06-28 09:30:30.000000000,100009,318,100001,318,100012,318,99977,318,100016,100,99961,100,100023,100,99960,100,100038,100,99946,100,100053,100,99944,100,100055,100,99933,100,100056,100,99929,100,100057,100,99927,100,100085,100,99920,100
2019-06-28 09:30:40.000000000,100009,318,100001,318,100012,318,99977,318,100016,100,99961,100,100023,100,99960,100,100038,100,99946,100,100053,100,99944,100,100055,100,99933,100,100056,100,99929,100,100057,100,99927,100,100085,100,99920,100
2019-06-28 09:30:50.000000000,100009,248,100001,248,100012,244,99977,244,100016,244,99961,244,100023,100,99960,100,100038,100,99946,100,100053,100,99944,100,100055,100,99933,100,100056,100,99929,100,100057,100,99927,100,100085,100,99920,100
2019-06-28 09:31:00.000000000,100009,318,100001,318,100012,318,99977,318,100016,100,99961,100,100023,100,99960,100,100038,100,99946,100,100053,100,99944,100,100055,100,99933,100,100056,100,99929,100,100057,100,99927,100,100085,100,99920,100
2019-06-28 09:31:10.000000000,100009,209,100001,209,100012,209,99977,209,100016,209,99961,209,100023,209,99960,209,100038,100,99946,100,100053,100,99944,100,100055,100,99933,100,100056,100,99929,100,100057,100,99927,100,100085,100,99920,100
2019-06-28 09:31:20.000000000,100009,209,100001,209,100012,209,99977,209,100016,209,99961,209,100023,209,99960,209,100038,100,99946,100,100053,100,99944,100,100055,100,99933,100,100056,100,99929,100,100057,100,99927,100,100085,100,99920,100
2019-06-28 09:31:30.000000000,100009,248,100001,248,100012,244,99977,244,100016,244,99961,244,100023,100,99960,100,100038,100,99946,100,100053,100,99944,100,100055,100,99933,100,100056,100,99929,100,100057,100,99927,100,100085,100,99920,100
2019-06-28 09:31:40.000000000,100009,318,100001,318,100012,318,99977,318,100016,100,99961,100,100023,100,99960,100,100038,100,99946,100,100053,100,99944,100,100055,100,99933,100,100056,100,99929,100,100057,100,99927,100,100085,100,99920,100
2019-06-28 09:31:50.000000000,100009,536,100001,536,100012,100,99977,100,100016,100,99961,100,100023,100,99960,100,100038,100,99946,100,100053,100,99944,100,100055,100,99933,100,100056,100,99929,100,100057,100,99927,100,100085,100,99920,100
2019-06-28 09:32:00.000000000,100009,318,100001,318,100012,318,99977,318,100016,100,99961,100,100023,100,99960,100,100038,100,99946,100,100053,100,99944,100,100055,100,99933,100,100056,100,99929,100,100057,100,99927,100,100085,100,99920,100
2019-06-28 09:32:04.867959796,100009,218,100001,318,100012,318,99977,318,100016,100,99961,100,100023,100,99960,100,100038,100,99946,100,100053,100,99944,100,100055,100,99933,100,100056,100,99929,100,100057,100,99920,100,100085,100,99913,100
2019-06-28 09:32:10.000000000,100012,248,100001,248,100016,244,99977,244,100023,244,99961,244,100038,100,99960,100,100053,100,99946,100,100055,100,99944,100,100056,100,99933,100,100057,100,99929,100,100085,100,99920,100,100139,100,99913,100
2019-06-28 09:32:20.000000000,100012,248,100001,248,100016,244,99977,244,100023,244,99961,244,100038,100,99960,100,100053,100,99946,100,100055,100,99944,100,100056,100,99933,100,100057,100,99929,100,100085,100,99920,100,100139,100,99913,100
2019-06-28 09:32:30.000000000,100012,209,100001,209,100016,209,99977,209,100023,209,99961,209,100038,209,99960,209,100053,100,99946,100,100055,100,99944,100,100056,100,99933,100,100057,100,99929,100,100085,100,99920,100,100139,100,99913,100
2019-06-28 09:32:40.000000000,100012,536,100001,536,100016,100,99977,100,100023,100,99961,100,100038,100,99960,100,100053,100,99946,100,100055,100,99944,100,100056,100,99933,100,100057,100,99929,100,100085,100,99920,100,100139,100,99913,100
2019-06-28 09:32:50.000000000,100012,318,100001,318,100016,318,99977,318,100023,100,99961,100,100038,100,99960,100,100053,100,99946,100,100055,100,99944,100,100056,100,99933,100,100057,100,99929,100,100085,100,99920,100,100139,100,99913,100
2019-06-28 09:33:00.000000000,100012,248,100001,248,100016,244,99977,244,100023,244,99961,244,100038,100,99960,100,100053,100,99946,100,100055,100,99944,100,100056,100,99933,100,100057,100,99929,100,100085,100,99920,100,100139,100,99913,100
2019-06-28 09:33:01.948414888,100012,148,100001,248,100016,244,99977,244,100023,244,99961,244,100038,100,99960,100,100053,100,99946,100,100055,100,99944,100,100056,100,99933,100,100057,100,99929,100,100085,100,99920,100,100139,100,99913,100
2019-06-28 09:33:10.000000000,100016,318,100001,318,100023,318,99977,318,100038,100,99961,100,100053,100,99960,100,100055,100,99946,100,100056,100,99944,100,100057,100,99933,100,100085,100,99929,100,100139,100,99920,100,100183,100,99913,100
2019-06-28 09:33:11.010756051,100016,218,100001,318,100023,318,99977,318,100038,100,99961,100,100053,100,99960,100,100055,100,99946,100,100056,100,99944,100,100057,100,99933,100,100085,100,99920,100,100139,100,99913,100,100183,100,99910,100
2019-06-28 09:33:20.000000000,100023,248,100001,248,100038,244,99977,244,100053,244,99961,244,100055,100,99960,100,100056,100,99946,100,100057,100,99944,100,100085,100,99933,100,100139,100,99920,100,100183,100,99913,100,100264,100,99910,100
2019-06-28 09:33:22.999097028,100023,248,100001,248,100038,244,99977,244,100053,244,99961,244,100055,100,99960,100,100056,100,99946,100,100057,100,99944,100,100085,100,99933,100,100139,100,99920,100,100183,100,99913,100,100264,100,99910,100
2019-06-28 09:33:30.000000000,100023,209,100001,209,100038,209,99977,209,100053,209,99961,209,100055,209,99960,209,100056,100,99946,100,100057,100,99944,100,100085,100,99933,100,100139,100,99920,100,100183,100,99913,100,100264,100,99910,100
2019-06-28 09:33:32.044618762,100023,209,100001,209,100038,209,99977,109,100053,209,99961,209,100055,209,99960,209,100056,100,99946,100,100057,100,99944,100,100085,100,99933,100,100139,100,99920,100,100183,100,99913,100,100264,100,99910,100
2019-06-28 09:33:38.501031058,100023,209,100001,209,100038,209,99977,109,100053,209,99961,209,100055,209,99960,209,100056,100,99946,100,100057,100,99944,100,100085,100,99933,100,100139,100,99920,100,100183,100,99913,100,100264,100,99910,100
2019-06-28 09:33:40.000000000,100023,209,100001,209,100038,209,99961,209,100053,209,99960,209,100055,209,99946,209,100056,100,99944,100,100057,100,99933,100,100085,100,99920,100,100139,100,99913,100,100183,100,99910,100,100264,100,99908,100
2019-06-28 09:33:50.000000000,100023,209,100001,209,100038,209,99961,209,100053,209,99960,209,100055,209,99946,209,100056,100,99944,100,100057,100,99933,100,100085,100,99920,100,100139,100,99913,100,100183,100,99910,100,100264,100,99908,100
2019-06-28 09:34:00.000000000,100023,248,100001,248,100038,244,99961,244,100053,244,99960,244,100055,100,99946,100,100056,100,99944,100,100057,100,99933,100,100085,100,99920,100,100139,100,99913,100,100183,100,99910,100,100264,100,99908,100
2019-06-28 09:34:10.000000000,100023,209,100001,209,100038,209,99961,209,100053,209,99960,209,100055,209,99946,209,100056,100,99944,100,100057,100,99933,100,100085,100,99920,100,100139,100,99913,100,100183,100,99910,100,100264,100,99908,100
2019-06-28 09:34:20.000000000,100023,536,100001,536,100038,100,99961,100,100053,100,99960,100,100055,100,99946,100,100056,100,99944,100,100057,100,99933,100,100085,100,99920,100,100139,100,99913,100,100183,100,99910,100,100264,100,99908,100
2019-06-28 09:34:30.000000000,100023,536,100001,536,100038,100,99961,100,100053,100,99960,100,100055,100,99946,100,100056,100,99944,100,100057,100,99933,100,100085,100,99920,100,100139,100,99913,100,100183,100,99910,100,100264,100,99908,100
2019-06-28 09:34:40.000000000,100023,318,100001,318,100038,318,99961,318,100053,100,99960,100,100055,100,99946,100,100056,100,99944,100,100057,100,99933,100,100085,100,99920,100,100139,100,99913,100,100183,100,99910,100,100264,100,99908,100
2019-06-28 09:34:42.791756087,100023,218,100001,318,100038,318,99961,318,100053,100,99960,100,100055,100,99946,100,100056,100,99944,100,100057,100,99933,100,100085,100,99920,100,100139,100,99910,100,100183,100,99908,100,100264,100,99906,100
2019-06-28 09:34:50.000000000,100038,209,100001,209,100053,209,99961,209,100055,209,99960,209,100056,209,99946,209,100057,100,99944,100,100085,100,99933,100,100139,100,99920,100,100183,100,99910,100,100264,100,99908,100,100629,100,99906,100
2019-06-28 09:34:50.009450830,100038,209,100001,209,100053,209,99961,209,100055,209,99960,209,100056,209,99946,209,100057,100,99944,100,100085,100,99933,100,100139,100,99920,100,100183,100,99910,100,100264,100,99908,100,100372,100,99906,100
2019-06-28 09:35:00.000000000,100038,209,100001,209,100053,209,99961,209,100055,209,99960,209,100056,209,99946,209,100057,100,99944,100,100085,100,99933,100,100139,100,99920,100,100183,100,99910,100,100264,100,99908,100,100372,100,99906,100
2019-06-28 09:35:10.000000000,100038,536,100001,536,100053,100,99961,100,100055,100,99960,100,100056,100,99946,100,100057,100,99944,100,100085,100,99933,100,100139,100,99920,100,100183,100,99910,100,100264,100,99908,100,100372,100,99906,100
2019-06-28 09:35:16.745572742,100038,536,100001,536,100053,100,99961,100,100055,100,99960,100,100056,100,99946,100,100057,100,99944,100,100085,100,99933,100,100139,100,99920,100,100183,100,99910,100,100264,100,99908,100,100372,100,99906,100
2019-06-28 09:35:20.000000000,100038,318,100001,318,100053,318,99961,318,100055,100,99960,100,100056,100,99946,100,100057,100,99944,100,100085,100,99933,100,100139,100,99920,100,100183,100,99910,100,100264,100,99908,100,100372,100,99906,100
2019-06-28 09:35:30.000000000,100038,209,100001,209,100053,209,99961,209,100055,209,99960,209,100056,209,99946,209,100057,100,99944,100,100085,100,99933,100,100139,100,99920,100,100183,100,99910,100,100264,100,99908,100,100372,100,99906,100
2019-06-28 09:35:40.000000000,100038,318,100001,318,100053,318,99961,318,100055,100,99960,100,100056,100,99946,100,100057,100,99944,100,100085,100,99933,100,100139,100,99920,100,100183,100,99910,100,100264,100,99908,100,100372,100,99906,100
2019-06-28 09:35:50.000000000,100038,209,100001,209,100053,209,99961,209,100055,209,99960,209,100056,209,99946,209,100057,100,99944,100,100085,100,99933,100,100139,100,99920,100,100183,100,99910,100,100264,100,99908,100,100372,100,99906,100
2019-06-28 09:35:54.565095229,100038,109,100001,209,100053,209,99961,109,100055,209,99960,209,100056,209,99946,209,100057,100,99944,100,100085,100,99933,100,100139,100,99920,100,100183,100,99910,100,100264,100,99908,100,100372,100,99906,100
2019-06-28 09:36:00.000000000,100053,209,100001,209,100055,209,99960,209,100056,209,99946,209,100057,209,99944,209,100085,100,99933,100,100139,100,99920,100,100183,100,99910,100,100264,100,99908,100,100372,100,99906,100,100472,100,99900,100
2019-06-28 09:36:10.000000000,100053,187,100001,187,100055,187,99960,187,100056,187,99946,187,100057,187,99944,187,100085,187,99933,187,100139,100,99920,100,100183,100,99910,100,100264,100,99908,100,100372,100,99906,100,100472,100,99900,100
2019-06-28 09:36:20.000000000,100053,187,100001,187,100055,187,99960,187,100056,187,99946,187,100057,187,99944,187,100085,187,99933,187,100139,100,99920,100,100183,100,99910,100,100264,100,99908,100,100372,100,99906,100,100472,100,99900,100
2019-06-28 09:36:30.000000000,100053,248,100001,248,100055,244,99960,244,100056,244,99946,244,100057,100,99944,100,100085,100,99933,100,100139,100,99920,100,100183,100,99910,100,100264,100,99908,100,100372,100,99906,100,100472,100,99900,100
2019-06-28 09:36:40.000000000,100053,318,100001,318,100055,318,99960,318,100056,100,99946,100,100057,100,99944,100,100085,100,99933,100,100139,100,99920,100,100183,100,99910,100,100264,100,99908,100,100372,100,99906,100,100472,100,99900,100
2019-06-28 09:36:47.338399059,100022,100,100001,318,100053,318,99960,318,100055,318,99946,100,100056,100,99944,100,100057,100,99933,100,100085,100,99920,100,100139,100,99910,100,100183,100,99908,100,100264,100,99906,100,100372,100,99900,100
2019-06-28 09:36:50.000000000,100022,187,100001,187,100053,187,99960,187,100055,187,99946,187,100056,187,99944,187,100057,187,99933,187,100085,100,99920,100,100139,100,99910,100,100183,100,99908,100,100264,100,99906,100,100372,100,99900,100
2019-06-28 09:36:59.186549839,100022,187,100001,187,100053,187,99960,187,100055,187,99946,187,100056,187,99944,187,100057,187,99933,187,100085,100,99926,100,100139,100,99920,100,100183,100,99910,100,100264,100,99908,100,100372,100,99906,100
2019-06-28 09:37:00.000000000,100022,209,100001,209,100053,209,99960,209,100055,209,99946,209,100056,209,99944,209,100057,100,99933,100,100085,100,99926,100,100139,100,99920,100,100183,100,99910,100,100264,100,99908,100,100372,100,99906,100
2019-06-28 09:37:08.740750278,100022,109,100001,209,100053,209,99960,209,100055,209,99946,209,100056,209,99944,209,100057,100,99933,100,100085,100,99926,100,100139,100,99920,100,100183,100,99910,100,100264,100,99908,100,100372,100,99906,100
2019-06-28 09:37:10.000000000,100053,318,100001,318,100055,318,99960,318,100056,100,99946,100,100057,100,99944,100,100085,100,99933,100,100139,100,99926,100,100183,100,99920,100,100264,100,99910,100,100372,100,99908,100,100472,100,99906,100
2019-06-28 09:37:20.000000000,100053,187,100001,187,100055,187,99960,187,100056,187,99946,187,100057,187,99944,187,100085,187,99933,187,100139,100,99926,100,100183,100,99920,100,100264,100,99910,100,100372,100,99908,100,100472,100,99906,100
2019-06-28 09:37:30.000000000,100053,248,100001,248,100055,244,99960,244,100056,244,99946,244,100057,100,99944,100,100085,100,99933,100,100139,100,99926,100,100183,100,99920,100,100264,100,99910,100,100372,100,99908,100,100472,100,99906,100
2019-06-28 09:37:33.854260571,100053,148,100001,248,100055,244,99960,244,100056,244,99946,244,100057,100,99944,100,100085,100,99933,100,100139,100,99926,100,100183,100,99920,100,100264,100,99910,100,100372,100,99908,100,100472,100,99906,100
2019-06-28 09:37:40.000000000,100055,248,100001,248,100056,244,99960,244,100057,244,99946,244,100085,100,99944,100,100139,100,99933,100,100183,100,99926,100,100264,100,99920,100,100372,100,99910,100,100472,100,99908,100,100629,100,99906,100
2019-06-28 09:37:46.978339062,100055,148,100001,248,100056,244,99960,244,100057,244,99946,244,100085,100,99944,100,100139,100,99933,100,100183,100,99926,100,100264,100,99920,100,100372,100,99910,100,100472,100,99908,100,100629,100,99906,100
2019-06-28 09:37:50.000000000,100056,318,100001,318,100057,318,99960,318,100085,100,99946,100,100139,100,99944,100,100183,100,99933,100,100264,100,99926,100,100372,100,99920,100,100472,100,99910,100,100629,100,99908,100,,,99906,100
2019-06-28 09:37:51.565628000,100002,100,100001,318,100056,318,99960,318,100057,318,99946,100,100085,100,99944,100,100139,100,99933,100,100183,100,99926,100,100264,100,99920,100,100372,100,99910,100,100472,100,99908,100,100629,100,99906,100
2019-06-28 09:38:00.000000000,100002,536,100001,536,100056,100,99960,100,100057,100,99946,100,100085,100,99944,100,100139,100,99933,100,100183,100,99926,100,100264,100,99920,100,100372,100,99910,100,100472,100,99908,100,100629,100,99906,100
2019-06-28 09:38:10.000000000,100002,536,100001,536,100056,100,99960,100,100057,100,99946,100,100085,100,99944,100,100139,100,99933,100,100183,100,99926,100,100264,100,99920,100,100372,100,99910,100,100472,100,99908,100,100629,100,99906,100
2019-06-28 09:38:20.000000000,100002,248,100001,248,100056,244,99960,244,100057,244,99946,244,100085,100,99944,100,100139,100,99933,100,100183,100,99926,100,100264,100,99920,100,100372,100,99910,100,100472,100,99908,100,100629,100,99906,100
2019-06-28 09:38:27.520693112,100002,248,100001,148,100056,244,99960,244,100057,244,99946,244,100085,100,99944,100,100139,100,99933,100,100183,100,99926,100,100264,100,99920,100,100372,100,99910,100,100472,100,99908,100,100629,100,99906,100
2019-06-28 09:38:30.000000000,100002,318,99960,318,100056,318,99946,318,100057,100,99944,100,100085,100,99933,100,100139,100,99926,100,100183,100,99920,100,100264,100,99910,100,100372,100,99908,100,100472,100,99906,100,100629,100,99900,100
2019-06-28 09:38:40.000000000,100002,248,99960,248,100056,244,99946,244,100057,244,99944,244,100085,100,99933,100,100139,100,99926,100,100183,100,99920,100,100264,100,99910,100,100372,100,99908,100,100472,100,99906,100,100629,100,99900,100
2019-06-28 09:38:46.712785114,100002,248,99960,248,100056,244,99946,244,100057,244,99944,244,100085,100,99933,100,100139,100,99926,100,100183,100,99920,100,100264,100,99910,100,100372,100,99906,100,100472,100,99900,100,100629,100,99884,200
2019-06-28 09:38:50.000000000,100002,536,99960,536,100056,100,99946,100,100057,100,99944,100,100085,100,99933,100,100139,100,99926,100,100183,100,99920,100,100264,100,99910,100,100372,100,99906,100,100472,100,99900,100,100629,100,99884,200
2019-06-28 09:39:00.000000000,100002,318,99960,318,100056,318,99946,318,100057,100,99944,100,100085,100,99933,100,100139,100,99926,100,100183,100,99920,100,100264,100,99910,100,100372,100,99906,100,100472,100,99900,100,100629,100,99884,200
2019-06-28 09:39:10.000000000,100002,536,99960,536,100056,100,99946,100,100057,100,99944,100,100085,100,99933,100,100139,100,99926,100,100183,100,99920,100,100264,100,99910,100,100372,100,99906,100,100472,100,99900,100,100629,100,99884,200
2019-06-28 09:39:20.000000000,100002,209,99960,209,100056,209,99946,209,100057,209,99944,209,100085,209,99933,209,100139,100,99926,100,100183,100,99920,100,100264,100,99910,100,100372,100,99906,100,100472,100,99900,100,100629,100,99884,200
2019-06-28 09:39:28.196663254,100002,109,99960,209,100056,209,99946,209,100057,209,99944,209,100085,209,99933,209,100139,100,99926,100,100183,100,99920,100,100264,100,99910,100,100372,100,99906,100,100472,100,99900,100,100629,100,99884,200
2019-06-28 09:39:30.000000000,100056,187,99960,187,100057,187,99946,187,100085,187,99944,187,100139,187,99933,187,100183,187,99926,187,100264,100,99920,100,100372,100,99910,100,100472,100,99906,100,100629,100,99900,100,,,99884,200
2019-06-28 09:39:38.897410160,100056,187,99960,187,100057,187,99946,187,100085,187,99944,187,100139,187,99942,100,100183,187,99933,187,100264,100,99926,187,100372,100,99920,100,100472,100,99910,100,100629,100,99906,100,,,99900,100
2019-06-28 09:39:40.000000000,100056,318,99960,318,100057,318,99946,318,100085,100,99944,100,100139,100,99942,100,100183,100,99933,100,100264,100,99926,100,100372,100,99920,100,100472,100,99910,100,100629,100,99906,100,,,99900,100
2019-06-28 09:39:45.847364370,100053,100,99960,218,100056,318,99946,318,100057,318,99944,100,100085,100,99942,100,100139,100,99933,100,100183,100,99926,100,100264,100,99920,100,100372,100,99910,100,100472,100,99906,100,100629,100,99900,100
2019-06-28 09:39:47.800319847,100001,100,99960,218,100053,100,99946,318,100056,318,99944,100,100057,318,99942,100,100085,100,99933,100,100139,100,99926,100,100183,100,99920,100,100264,100,99910,100,100372,100,99906,100,100472,100,99900,100
2019-06-28 09:39:50.000000000,100001,248,99946,248,100053,244,99944,244,100056,244,99942,244,100057,100,99933,100,100085,100,99926,100,100139,100,99920,100,100183,100,99910,100,100264,100,99906,100,100372,100,99900,100,100472,100,99884,200
2019-06-28 09:40:00.000000000,100001,248,99946,248,100053,244,99944,244,100056,244,99942,244,100057,100,99933,100,100085,100,99926,100,100139,100,99920,100,100183,100,99910,100,100264,100,99906,100,100372,100,99900,100,100472,100,99884,200
2019-06-28 09:40:10.000000000,100001,187,99946,187,100053,187,99944,187,100056,187,99942,187,100057,187,99933,187,100085,187,99926,187,100139,100,99920,100,100183,100,99910,100,100264,100,99906,100,100372,100,99900,100,100472,100,99884,200
2019-06-28 09:40:15.988384744,100001,187,99946,187,100053,187,99944,87,100056,187,99942,187,100057,187,99933,187,100085,187,99926,187,100139,100,99920,100,100183,100,99910,100,100264,100,99906,100,100372,100,99900,100,100472,100,99884,200
2019-06-28 09:40:20.000000000,100001,187,99946,187,100053,187,99942,187,100056,187,99933,187,100057,187,99926,187,100085,187,99920,187,100139,100,99910,100,100183,100,99906,100,100264,100,99900,100,100372,100,99884,200,100472,100,99872,100
2019-06-28 09:40:23.779582560,100001,287,99946,187,100053,187,99942,187,100056,187,99933,187,100057,187,99926,187,100085,187,99920,187,100139,100,99910,100,100183,100,99906,100,100264,100,99900,100,100372,100,99884,200,100472,100,99872,100
2019-06-28 09:40:30.000000000,100001,348,99946,248,100053,244,99942,244,100056,244,99933,244,100057,100,99926,100,100085,100,99920,100,100139,100,99910,100,100183,100,99906,100,100264,100,99900,100,100372,100,99884,200,100472,100,99872,100
2019-06-28 09:40:40.000000000,100001,348,99946,248,100053,244,99942,244,100056,244,99933,244,100057,100,99926,100,100085,100,99920,100,100139,100,99910,100,100183,100,99906,100,100264,100,99900,100,100372,100,99884,200,100472,100,99872,100
2019-06-28 09:40:50.000000000,100001,418,99946,318,100053,318,99942,318,100056,100,99933,100,100057,100,99926,100,100085,100,99920,100,100139,100,99910,100,100183,100,99906,100,100264,100,99900,100,100372,100,99884,200,100472,100,99872,100
2019-06-28 09:40:59.510717589,100001,318,99946,318,100053,318,99942,318,100056,100,99933,100,100057,100,99920,100,100085,100,99910,100,100139,100,99906,100,100183,100,99900,100,100264,100,99884,200,100372,100,99872,100,100472,100,99817,100
2019-06-28 09:41:00.000000000,100001,187,99946,187,100053,187,99942,187,100056,187,99933,187,100057,187,99920,187,100085,187,99910,187,100139,100,99906,100,100183,100,99900,100,100264,100,99884,200,100372,100,99872,100,100472,100,99817,100
2019-06-28 09:41:01.998502654,100001,87,99946,187,100053,187,99942,187,100056,187,99933,187,100057,187,99920,187,100085,187,99910,187,100139,100,99906,100,100183,100,99900,100,100264,100,99884,200,100372,100,99872,100,100472,100,99817,100
2019-06-28 09:41:10.000000000,100053,248,99946,248,100056,244,99942,244,100057,244,99933,244,100085,100,99920,100,100139,100,99910,100,100183,100,99906,100,100264,100,99900,100,100372,100,99884,200,100472,100,99872,100,100629,100,99817,100
2019-06-28 09:41:20.000000000,100053,187,99946,187,100056,187,99942,187,100057,187,99933,187,100085,187,99920,187,100139,187,99910,187,100183,100,99906,100,100264,100,99900,100,100372,100,99884,200,100472,100,99872,100,100629,100,99817,100
2019-06-28 09:41:30.000000000,100053,209,99946,209,100056,209,99942,209,100057,209,99933,209,100085,209,99920,209,100139,100,99910,100,100183,100,99906,100,100264,100,99900,100,100372,100,99884,200,100472,100,99872,100,100629,100,99817,100
2019-06-28 09:41:31.293762820,100053,109,99946,209,100056,209,99942,209,100057,209,99933,209,100085,209,99920,209,100139,100,99910,100,100183,100,99906,100,100264,100,99900,100,100372,100,99884,200,100629,100,99872,100,,,99817,100
2019-06-28 09:41:40.000000000,100056,187,99946,187,100057,187,99942,187,100085,187,99933,187,100139,187,99920,187,100183,187,99910,187,100264,100,99906,100,100372,100,99900,100,100629,100,99884,200,,,99872,100,,,99817,100
2019-06-28 09:41:50.000000000,100056,536,99946,536,100057,100,99942,100,100085,100,99933,100,100139,100,99920,100,100183,100,99910,100,100264,100,99906,100,100372,100,99900,100,100629,100,99884,200,,,99872,100,,,99817,100
2019-06-28 09:42:00.000000000,100056,187,99946,187,100057,187,99942,187,100085,187,99933,187,100139,187,99920,187,100183,187,99910,187,100264,100,99906,100,100372,100,99900,100,100629,100,99884,200,,,99872,100,,,99817,100
2019-06-28 09:42:04.234729684,100056,87,99946,187,100057,187,99942,187,100085,187,99933,187,100139,187,99920,187,100183,187,99910,187,100264,100,99900,100,100372,100,99884,200,100629,100,99872,100,,,99817,100,,,99802,100
2019-06-28 09:42:10.000000000,100057,248,99946,248,100085,244,99942,244,100139,244,99933,244,100183,100,99920,100,100264,100,99910,100,100372,100,99900,100,100629,100,99884,200,,,99872,100,,,99817,100,,,99802,100
2019-06-28 09:42:12.558108139,100057,248,99946,248,100085,244,99942,244,100139,244,99933,244,100183,100,99920,100,100264,100,99910,100,100372,100,99900,100,100629,100,99884,200,100653,100,99872,100,,,99817,100,,,99802,100
2019-06-28 09:42:17.932165585,100057,248,99946,248,100085,244,99942,244,100139,244,99933,244,100183,100,99920,100,100264,100,99910,100,100372,100,99900,100,100583,100,99884,200,100629,100,99872,100,100653,100,99817,100,,,99802,100
2019-06-28 09:42:20.000000000,100057,187,99946,187,100085,187,99942,187,100139,187,99933,187,100183,187,99920,187,100264,187,99910,187,100372,100,99900,100,100583,100,99884,200,100629,100,99872,100,100653,100,99817,100,,,99802,100
2019-06-28 09:42:30.000000000,100057,209,99946,209,100085,209,99942,209,100139,209,99933,209,100183,209,99920,209,100264,100,99910,100,100372,100,99900,100,100583,100,99884,200,100629,100,99872,100,100653,100,99817,100,,,99802,100
2019-06-28 09:42:30.715008791,100057,109,99946,209,100085,209,99942,209,100139,209,99933,209,100183,209,99920,209,100264,100,99910,100,100372,100,99900,100,100583,100,99884,200,100629,100,99872,100,100653,100,99817,100,,,99802,100
2019-06-28 09:42:35.709673666,100057,109,99946,209,100085,209,99942,209,100139,209,99933,209,100183,209,99920,209,100252,100,99910,100,100264,100,99900,100,100372,100,99884,200,100583,100,99872,100,100629,100,99817,100,100653,100,99802,100
2019-06-28 09:42:39.426278800,100057,9,99946,209,100085,209,99942,209,100139,209,99933,209,100183,209,99920,209,100252,100,99910,100,100264,100,99900,100,100372,100,99884,200,100583,100,99872,100,100629,100,99817,100,100653,100,99802,100
2019-06-28 09:42:40.000000000,100085,187,99946,187,100139,187,99942,187,100183,187,99933,187,100252,187,99920,187,100264,187,99910,187,100372,100,99900,100,100583,100,99884,200,100629,100,99872,100,100653,100,99817,100,,,99802,100
2019-06-28 09:42:40.996393807,100085,87,99946,187,100139,187,99942,187,100183,187,99933,187,100252,187,99920,187,100264,187,99910,187,100372,100,99900,100,100583,100,99884,200,100629,100,99872,100,100653,100,99817,100,,,99802,100
2019-06-28 09:42:41.849737218,100085,87,100078,100,100139,187,99946,187,100183,187,99942,187,100252,187,99933,187,100264,187,99920,187,100372,100,99910,187,100583,100,99900,100,100629,100,99884,200,100653,100,99872,100,,,99817,100
2019-06-28 09:42:50.000000000,100139,248,100078,248,100183,244,99946,244,100252,244,99942,244,100264,100,99933,100,100372,100,99920,100,100583,100,99910,100,100629,100,99900,100,100653,100,99884,200,,,99872,100,,,99817,100
2019-06-28 09:43:00.000000000,100139,209,100078,209,100183,209,99946,209,100252,209,99942,209,100264,209,99933,209,100372,100,99920,100,100583,100,99910,100,100629,100,99900,100,100653,100,99884,200,,,99872,100,,,99817,100
2019-06-28 09:43:10.000000000,100139,209,100078,209,100183,209,99946,209,100252,209,99942,209,100264,209,99933,209,100372,100,99920,100,100583,100,99910,100,100629,100,99900,100,100653,100,99884,200,,,99872,100,,,99817,100
2019-06-28 09:43:18.062330758,100139,209,100078,209,100183,209,99946,209,100252,209,99942,209,100264,209,99933,209,100289,100,99920,100,100372,100,99910,100,100583,100,99900,100,100629,100,99884,200,100653,100,99872,100,,,99817,100
2019-06-28 09:43:20.000000000,100139,209,100078,209,100183,209,99946,209,100252,209,99942,209,100264,209,99933,209,100289,100,99920,100,100372,100,99910,100,100583,100,99900,100,100629,100,99884,200,100653,100,99872,100,,,99817,100
2019-06-28 09:43:20.516320860,100139,209,100078,109,100183,209,99946,209,100252,209,99942,209,100264,209,99933,209,100289,100,99920,100,100372,100,99910,100,100404,100,99900,100,100583,100,99884,200,100629,100,99872,100,100653,100,99817,100
2019-06-28 09:43:30.000000000,100139,187,99946,187,100183,187,99942,187,100252,187,99933,187,100264,187,99920,187,100289,187,99910,187,100372,100,99900,100,100404,100,99884,200,100583,100,99872,100,100629,100,99817,100,100653,100,99802,100
2019-06-28 09:43:40.000000000,100139,209,99946,209,100183,209,99942,209,100252,209,99933,209,100264,209,99920,209,100289,100,99910,100,100372,100,99900,100,100404,100,99884,200,100583,100,99872,100,100629,100,99817,100,100653,100,99802,100
2019-06-28 09:43:45.310276178,100139,109,99946,209,100183,209,99942,209,100252,209,99933,209,100264,209,99920,209,100289,100,99910,100,100372,100,99900,100,100404,100,99884,200,100583,100,99872,100,100629,100,99817,100,100653,100,99802,100
2019-06-28 09:43:50.000000000,100183,536,99946,536,100252,100,99942,100,100264,100,99933,100,100289,100,99920,100,100372,100,99910,100,100404,100,99900,100,100583,100,99884,200,100629,100,99872,100,100653,100,99817,100,,,99802,100
2019-06-28 09:44:00.000000000,100183,536,99946,536,100252,100,99942,100,100264,100,99933,100,100289,100,99920,100,100372,100,99910,100,100404,100,99900,100,100583,100,99884,200,100629,100,99872,100,100653,100,99817,100,,,99802,100
2019-06-28 09:44:08.998197410,100084,100,99946,536,100183,536,99942,100,100252,100,99933,100,100264,100,99920,100,100289,100,99910,100,100372,100,99900,100,100404,100,99884,200,100583,100,99872,100,100629,100,99817,100,100653,100,99802,100
2019-06-28 09:44:10.000000000,100084,209,99946,209,100183,209,99942,209,100252,209,99933,209,100264,209,99920,209,100289,100,99910,100,100372,100,99900,100,100404,100,99884,200,100583,100,99872,100,100629,100,99817,100,100653,100,99802,100
2019-06-28 09:44:20.000000000,100084,248,99946,248,100183,244,99942,244,100252,244,99933,244,100264,100,99920,100,100289,100,99910,100,100372,100,99900,100,100404,100,99884,200,100583,100,99872,100,100629,100,99817,100,100653,100,99802,100
2019-06-28 09:44:30.000000000,100084,318,99946,318,100183,318,99942,318,100252,100,99933,100,100264,100,99920,100,100289,100,99910,100,100372,100,99900,100,100404,100,99884,200,100583,100,99872,100,100629,100,99817,100,100653,100,99802,100
2019-06-28 09:44:40.000000000,100084,318,99946,318,100183,318,99942,318,100252,100,99933,100,100264,100,99920,100,100289,100,99910,100,100372,100,99900,100,100404,100,99884,200,100583,100,99872,100,100629,100,99817,100,100653,100,99802,100
2019-06-28 09:44:46.617665165,100084,318,99946,218,100183,318,99942,318,100252,100,99933,100,100264,100,99920,100,100289,100,99910,100,100372,100,99900,100,100404,100,99884,200,100583,100,99872,100,100629,100,99817,100,100653,100,99802,100
2019-06-28 09:44:50.000000000,100084,248,99942,248,100183,244,99933,244,100252,244,99920,244,100264,100,99910,100,100289,100,99900,100,100372,100,99884,200,100404,100,99872,100,100583,100,99817,100,100629,100,99802,100,100653,100,99757,100
2019-06-28 09:44:59.066753151,100083,100,99942,248,100084,248,99933,244,100183,244,99920,244,100252,244,99910,100,100264,100,99900,100,100289,100,99884,200,100372,100,99872,100,100404,100,99817,100,100583,100,99802,100,100629,100,99757,100
2019-06-28 09:45:00.000000000,100083,248,99942,248,100084,244,99933,244,100183,244,99920,244,100252,100,99910,100,100264,100,99900,100,100289,100,99884,200,100372,100,99872,100,100404,100,99817,100,100583,100,99802,100,100629,100,99757,100
2019-06-28 09:45:00.107307864,100083,248,99942,248,100084,244,99933,244,100183,244,99920,244,100252,100,99910,100,100264,100,99900,100,100289,100,99884,200,100372,100,99872,100,100404,100,99817,100,100583,100,99802,100,100629,100,99757,100
2019-06-28 09:45:00.821656878,100083,248,99942,248,100084,244,99933,244,100183,244,99920,244,100252,100,99910,100,100264,100,99900,100,100289,100,99884,200,100372,100,99872,100,100404,100,99817,100,100583,100,99757,100,100629,100,99698,100
2019-06-28 09:45:03.112220765,100083,248,99942,248,100084,244,99933,244,100183,244,99920,244,100252,100,99910,100,100264,100,99900,100,100289,100,99884,200,100372,100,99872,100,100404,100,99817,100,100583,100,99757,100,100629,100,99698,100
2019-06-28 09:45:10.000000000,100083,536,99942,536,100084,100,99933,100,100183,100,99920,100,100252,100,99910,100,100264,100,99900,100,100289,100,99884,200,100372,100,99872,100,100404,100,99817,100,100583,100,99757,100,100629,100,99698,100
2019-06-28 09:45:20.000000000,100083,209,99942,209,100084,209,99933,209,100183,209,99920,209,100252,209,99910,209,100264,100,99900,100,100289,100,99884,200,100372,100,99872,100,100404,100,99817,100,100583,100,99757,100,100629,100,99698,100
2019-06-28 09:45:30.000000000,100083,209,99942,209,100084,209,99933,209,100183,209,99920,209,100252,209,99910,209,100264,100,99900,100,100289,100,99884,200,100372,100,99872,100,100404,100,99817,100,100583,100,99757,100,100629,100,99698,100
2019-06-28 09:45:40.000000000,100083,318,99942,318,100084,318,99933,318,100183,100,99920,100,100252,100,99910,100,100264,100,99900,100,100289,100,99884,200,100372,100,99872,100,100404,100,99817,100,100583,100,99757,100,100629,100,99698,100
2019-06-28 09:45:50.000000000,100083,209,99942,209,100084,209,99933,209,100183,209,99920,209,100252,209,99910,209,100264,100,99900,100,100289,100,99884,200,100372,100,99872,100,100404,100,99817,100,100583,100,99757,100,100629,100,99698,100
2019-06-28 09:45:50.218249515,100083,209,99942,109,100084,209,99933,209,100183,209,99920,209,100252,209,99910,209,100264,100,99900,100,100289,100,99884,200,100372,100,99872,100,100404,100,99817,100,100583,100,99757,100,100629,100,99698,100
2019-06-28 09:45:57.808808278,99946,100,99942,109,100083,209,99933,209,100084,209,99920,209,100183,209,99910,209,100252,209,99900,100,100264,100,99884,200,100289,100,99872,100,100372,100,99817,100,100404,100,99757,100,100583,100,99698,100
2019-06-28 09:46:00.000000000,99946,318,99933,318,100083,318,99920,318,100084,100,99910,100,100183,100,99900,100,100252,100,99884,200,100264,100,99872,100,100289,100,99817,100,100372,100,99757,100,100404,100,99698,100,100583,100,99568,100
2019-06-28 09:46:10.000000000,99946,248,99933,248,100083,244,99920,244,100084,244,99910,244,100183,100,99900,100,100252,100,99884,200,100264,100,99872,100,100289,100,99817,100,100372,100,99757,100,100404,100,99698,100,100583,100,99568,100
2019-06-28 09:46:20.000000000,99946,187,99933,187,100083,187,99920,187,100084,187,99910,187,100183,187,99900,187,100252,187,99884,287,100264,100,99872,100,100289,100,99817,100,100372,100,99757,100,100404,100,99698,100,100583,100,99568,100
2019-06-28 09:46:21.818613336,99946,187,99933,187,100083,187,99920,187,100084,187,99910,187,100183,187,99900,187,100252,187,99884,287,100264,100,99817,100,100289,100,99757,100,100372,100,99698,100,100404,100,99568,100,100583,100,99391,100
2019-06-28 09:46:30.000000000,99946,318,99933,318,100083,318,99920,318,100084,100,99910,100,100183,100,99900,100,100252,100,99884,200,100264,100,99817,100,100289,100,99757,100,100372,100,99698,100,100404,100,99568,100,100583,100,99391,100
2019-06-28 09:46:40.000000000,99946,248,99933,248,100083,244,99920,244,100084,244,99910,244,100183,100,99900,100,100252,100,99884,200,100264,100,99817,100,100289,100,99757,100,100372,100,99698,100,100404,100,99568,100,100583,100,99391,100
2019-06-28 09:46:50.000000000,99946,318,99933,318,100083,318,99920,318,100084,100,99910,100,100183,100,99900,100,100252,100,99884,200,100264,100,99817,100,100289,100,99757,100,100372,100,99698,100,100404,100,99568,100,100583,100,99391,100
2019-06-28 09:46:52.398773958,99946,318,99933,218,100083,318,99920,318,100084,100,99910,100,100183,100,99900,100,100252,100,99884,200,100264,100,99817,100,100289,100,99757,100,100372,100,99698,100,100404,100,99568,100,100583,100,99391,100
2019-06-28 09:47:00.000000000,99946,318,99920,318,100083,318,99910,318,100084,100,99900,100,100183,100,99884,200,100252,100,99817,100,100264,100,99757,100,100289,100,99698,100,100372,100,99568,100,100404,100,99391,100,100583,100,98637,100
2019-06-28 09:47:03.621722647,99946,318,99920,318,100083,318,99910,318,100084,100,99900,100,100183,100,99884,200,100252,100,99817,100,100264,100,99757,100,100289,100,99568,100,100372,100,99391,100,100404,100,98637,100,100583,100,98532,100
2019-06-28 09:47:10.000000000,99946,318,99920,318,100083,318,99910,318,100084,100,99900,100,100183,100,99884,200,100252,100,99817,100,100264,100,99757,100,100289,100,99568,100,100372,100,99391,100,100404,100,98637,100,100583,100,98532,100
2019-06-28 09:47:19.936525717,99946,318,99920,318,100083,318,99910,318,100084,100,99900,100,100183,100,99884,200,100252,100,99817,100,100264,100,99757,100,100289,100,99568,100,100372,100,99391,100,100404,100,98861,100,100583,100,98637,100
2019-06-28 09:47:20.000000000,99946,318,99920,318,100083,318,99910,318,100084,100,99900,100,100183,100,99884,200,100252,100,99817,100,100264,100,99757,100,100289,100,99568,100,100372,100,99391,100,100404,100,98861,100,100583,100,98637,100
2019-06-28 09:47:30.000000000,99946,209,99920,209,100083,209,99910,209,100084,209,99900,209,100183,209,99884,309,100252,100,99817,100,100264,100,99757,100,100289,100,99568,100,100372,100,99391,100,100404,100,98861,100,100583,100,98637,100
2019-06-28 09:47:40.000000000,99946,248,99920,248,100083,244,99910,244,100084,244,99900,244,100183,100,99884,200,100252,100,99817,100,100264,100,99757,100,100289,100,99568,100,100372,100,99391,100,100404,100,98861,100,100583,100,98637,100
2019-06-28 09:47:50.000000000,99946,187,99920,187,100083,187,99910,187,100084,187,99900,187,100183,187,99884,287,100252,187,99817,187,100264,100,99757,100,100289,100,99568,100,100372,100,99391,100,100404,100,98861,100,100583,100,98637,100
2019-06-28 09:48:00.000000000,99946,187,99920,187,100083,187,99910,187,100084,187,99900,187,100183,187,99884,287,100252,187,99817,187,100264,100,99757,100,100289,100,99568,100,100372,100,99391,100,100404,100,98861,100,100583,100,98637,100
2019-06-28 09:48:10.000000000,99946,248,99920,248,100083,244,99910,244,100084,244,99900,244,100183,100,99884,200,100252,100,99817,100,100264,100,99757,100,100289,100,99568,100,100372,100,99391,100,100404,100,98861,100,100583,100,98637,100
2019-06-28 09:48:10.836204016,99946,248,99920,148,100083,244,99910,244,100084,244,99900,244,100183,100,99884,200,100252,100,99817,100,100264,100,99757,100,100289,100,99568,100,100372,100,99391,100,100404,100,98861,100,100583,100,98637,100
2019-06-28 09:48:17.451932107,99946,248,99920,48,100083,244,99910,244,100084,244,99900,244,100183,100,99884,200,100252,100,99817,100,100264,100,99757,100,100289,100,99568,100,100372,100,99391,100,100404,100,98861,100,100583,100,98637,100
2019-06-28 09:48:20.000000000,99946,318,99910,318,100083,318,99900,318,100084,100,99884,200,100183,100,99817,100,100252,100,99757,100,100264,100,99568,100,100289,100,99391,100,100372,100,98861,100,100404,100,98637,100,100583,100,98532,100
2019-06-28 09:48:30.000000000,99946,536,99910,536,100083,100,99900,100,100084,100,99884,200,100183,100,99817,100,100252,100,99757,100,100264,100,99568,100,100289,100,99391,100,100372,100,98861,100,100404,100,98637,100,100583,100,98532,100
2019-06-28 09:48:40.000000000,99946,248,99910,248,100083,244,99900,244,100084,244,99884,344,100183,100,99817,100,100252,100,99757,100,100264,100,99568,100,100289,100,99391,100,100372,100,98861,100,100404,100,98637,100,100583,100,98532,100
2019-06-28 09:48:50.000000000,99946,209,99910,209,100083,209,99900,209,100084,209,99884,309,100183,209,99817,209,100252,100,99757,100,100264,100,99568,100,100289,100,99391,100,100372,100,98861,100,100404,100,98637,100,100583,100,98532,100
2019-06-28 09:48:59.688825351,99920,100,99910,209,99946,209,99900,209,100083,209,99884,309,100084,209,99817,209,100183,209,99757,100,100252,100,99568,100,100264,100,99391,100,100289,100,98861,100,100372,100,98637,100,100404,100,98532,100
2019-06-28 09:49:00.000000000,99920,187,99910,187,99946,187,99900,187,100083,187,99884,287,100084,187,99817,187,100183,187,99757,187,100252,100,99568,100,100264,100,99391,100,100289,100,98861,100,100372,100,98637,100,100404,100,98532,100
2019-06-28 09:49:02.271944616,99920,187,99910,187,99946,187,99900,87,100083,187,99884,287,100084,187,99817,187,100183,187,99757,187,100252,100,99568,100,100264,100,99391,100,100289,100,99224,100,100372,100,98861,100,100404,100,98637,100
2019-06-28 09:49:06.227875501,99920,187,99910,187,99946,187,99900,87,100083,187,99884,287,100084,187,99817,187,100183,187,99757,187,100252,100,99568,100,100264,100,99391,100,100289,100,99295,100,100372,100,99224,100,100404,100,98861,100
2019-06-28 09:49:10.000000000,99920,209,99910,209,99946,209,99884,309,100083,209,99817,209,100084,209,99757,209,100183,100,99568,100,100252,100,99391,100,100264,100,99295,100,100289,100,99224,100,100372,100,98861,100,100404,100,98637,100
2019-06-28 09:49:20.000000000,99920,318,99910,318,99946,318,99884,418,100083,100,99817,100,100084,100,99757,100,100183,100,99568,100,100252,100,99391,100,100264,100,99295,100,100289,100,99224,100,100372,100,98861,100,100404,100,98637,100
2019-06-28 09:49:30.000000000,99920,209,99910,209,99946,209,99884,309,100083,209,99817,209,100084,209,99757,209,100183,100,99568,100,100252,100,99391,100,100264,100,99295,100,100289,100,99224,100,100372,100,98861,100,100404,100,98637,100
2019-06-28 09:49:40.000000000,99920,248,99910,248,99946,244,99884,344,100083,244,99817,244,100084,100,99757,100,100183,100,99568,100,100252,100,99391,100,100264,100,99295,100,100289,100,99224,100,100372,100,98861,100,100404,100,98637,100
2019-06-28 09:49:40.546819870,99920,248,99910,148,99946,244,99884,344,100083,244,99817,244,100084,100,99757,100,100183,100,99568,100,100252,100,99391,100,100264,100,99295,100,100289,100,99224,100,100372,100,98861,100,100404,100,98637,100
2019-06-28 09:49:50.000000000,99920,536,99884,636,99946,100,99817,100,100083,100,99757,100,100084,100,99568,100,100183,100,99391,100,100252,100,99295,100,100264,100,99224,100,100289,100,98861,100,100372,100,98637,100,100404,100,98532,100
2019-06-28 09:50:00.000000000,99920,248,99884,348,99946,244,99817,244,100083,244,99757,244,100084,100,99568,100,100183,100,99391,100,100252,100,99295,100,100264,100,99224,100,100289,100,98861,100,100372,100,98637,100,100404,100,98532,100
2019-06-28 09:50:05.154369344,99920,248,99884,348,99946,244,99817,244,100083,244,99757,244,100084,100,99568,100,100183,100,99391,100,100252,100,99295,100,100264,100,99229,100,100289,100,98861,100,100372,100,98637,100,100404,100,98532,100
2019-06-28 09:50:10.000000000,99920,209,99884,309,99946,209,99817,209,100083,209,99757,209,100084,209,99568,209,100183,100,99391,100,100252,100,99295,100,100264,100,99229,100,100289,100,98861,100,100372,100,98637,100,100404,100,98532,100
2019-06-28 09:50:20.000000000,99920,209,99884,309,99946,209,99817,209,100083,209,99757,209,100084,209,99568,209,100183,100,99391,100,100252,100,99295,100,100264,100,99229,100,100289,100,98861,100,100372,100,98637,100,100404,100,98532,100
2019-06-28 09:50:28.165726597,99920,209,99884,309,99946,209,99817,209,100083,209,99757,209,100084,209,99568,209,100183,100,99391,100,100252,100,99382,100,100264,100,99295,100,100289,100,99229,100,100372,100,98861,100,100404,100,98637,100
2019-06-28 09:50:30.000000000,99920,536,99884,636,99946,100,99817,100,100083,100,99757,100,100084,100,99568,100,100183,100,99391,100,100252,100,99382,100,100264,100,99295,100,100289,100,99229,100,100372,100,98861,100,100404,100,98637,100
2019-06-28 09:50:40.000000000,99920,209,99884,309,99946,209,99817,209,100083,209,99757,209,100084,209,99568,209,100183,100,99391,100,100252,100,99382,100,100264,100,99295,100,100289,100,99229,100,100372,100,98861,100,100404,100,98637,100
2019-06-28 09:50:41.254700487,99920,209,99884,209,99946,209,99817,209,100083,209,99757,209,100084,209,99568,209,100183,100,99391,100,100252,100,99382,100,100264,100,99295,100,100289,100,99229,100,100372,100,98861,100,100404,100,98637,100
2019-06-28 09:50:50.000000000,99920,209,99884,209,99946,209,99817,209,100083,209,99757,209,100084,209,99568,209,100183,100,99391,100,100252,100,99382,100,100264,100,99295,100,100289,100,99229,100,100372,100,98861,100,100404,100,98637,100
2019-06-28 09:51:00.000000000,99920,248,99884,248,99946,244,99817,244,100083,244,99757,244,100084,100,99568,100,100183,100,99391,100,100252,100,99382,100,100264,100,99295,100,100289,100,99229,100,100372,100,98861,100,100404,100,98637,100
2019-06-28 09:51:10.000000000,99920,248,99884,248,99946,244,99817,244,100083,244,99757,244,100084,100,99568,100,100183,100,99391,100,100252,100,99382,100,100264,100,99295,100,100289,100,99229,100,100372,100,98861,100,100404,100,98637,100
2019-06-28 09:51:13.947213401,99920,248,99884,148,99946,244,99817,244,100083,244,99757,244,100084,100,99568,100,100183,100,99391,100,100252,100,99382,100,100264,100,99295,100,100289,100,99229,100,100372,100,98861,100,100404,100,98637,100
2019-06-28 09:51:16.089837952,99920,248,99884,48,99946,244,99817,244,100083,244,99757,244,100084,100,99568,100,100183,100,99391,100,100252,100,99382,100,100264,100,99295,100,100289,100,99229,100,100372,100,98861,100,100404,100,98637,100
2019-06-28 09:51:20.000000000,99920,536,99817,536,99946,100,99757,100,100083,100,99568,100,100084,100,99391,100,100183,100,99382,100,100252,100,99295,100,100264,100,99229,100,100289,100,98861,100,100372,100,98637,100,100404,100,98532,100
2019-06-28 09:51:23.649871954,99920,536,99817,436,99946,100,99757,100,100083,100,99568,100,100084,100,99391,100,100183,100,99382,100,100252,100,99295,100,100264,100,99229,100,100372,100,98861,100,100404,100,98637,100,100583,100,98532,100
2019-06-28 09:51:29.711492021,99884,100,99817,436,99920,536,99757,100,99946,100,99568,100,100083,100,99391,100,100084,100,99382,100,100183,100,99295,100,100252,100,99229,100,100264,100,98861,100,100372,100,98637,100,100404,100,98532,100
2019-06-28 09:51:30.000000000,99884,536,99757,536,99920,100,99568,100,99946,100,99391,100,100083,100,99382,100,100084,100,99295,100,100183,100,99229,100,100252,100,98861,100,100264,100,98637,100,100372,100,98532,100,100404,100,,
2019-06-28 09:51:40.000000000,99884,536,99757,536,99920,100,99568,100,99946,100,99391,100,100083,100,99382,100,100084,100,99295,100,100183,100,99229,100,100252,100,98861,100,100264,100,98637,100,100372,100,98532,100,100404,100,,
2019-06-28 09:51:44.367910593,99884,536,99757,436,99920,100,99568,100,99946,100,99391,100,100083,100,99382,100,100084,100,99295,100,100183,100,99229,100,100252,100,98861,100,100264,100,98637,100,100372,100,98532,100,100404,100,,
2019-06-28 09:51:45.700455783,99827,100,99757,436,99884,536,99568,100,99920,100,99391,100,99946,100,99295,100,100083,100,99229,100,100084,100,98861,100,100183,100,98637,100,100252,100,98532,100,100264,100,,,100372,100,,
2019-06-28 09:51:47.839869456,99817,100,99757,436,99827,100,99568,100,99884,536,99391,100,99920,100,99295,100,100083,100,99229,100,100084,100,98861,100,100183,100,98637,100,100252,100,98532,100,100264,100,,,100372,100,,
2019-06-28 09:51:49.252077612,99817,200,99757,436,99827,100,99568,100,99884,536,99391,100,99920,100,99295,100,100083,100,99229,100,100084,100,98861,100,100183,100,98637,100,100252,100,98532,100,100264,100,,,100372,100,,
2019-06-28 09:51:50.000000000,99817,418,99568,318,99827,318,99391,318,99884,100,99295,100,99920,100,99229,100,100083,100,98861,100,100084,100,98637,100,100183,100,98532,100,100252,100,,,100264,100,,,100372,100,,
2019-06-28 09:51:56.901447908,99817,418,99568,318,99827,318,99391,318,99884,100,99295,100,99920,100,99229,100,99949,100,98861,100,100083,100,98637,100,100084,100,98532,100,100183,100,,,100252,100,,,100264,100,,
2019-06-28 09:52:00.000000000,99817,348,99568,248,99827,244,99391,244,99884,244,99295,244,99920,100,99229,100,99949,100,98861,100,100083,100,98637,100,100084,100,98532,100,100183,100,,,100252,100,,,100264,100,,
2019-06-28 09:52:02.193567756,99817,248,99568,248,99827,244,99391,244,99884,244,99295,244,99920,100,99229,100,99949,100,98637,100,100083,100,98532,100,100084,100,,,100183,100,,,100252,100,,,100264,100,,
2019-06-28 09:52:06.226147718,99817,248,99568,248,99827,244,99391,244,99884,244,99295,244,99920,100,99229,100,99949,100,98637,100,100057,100,98532,100,100083,100,,,100084,100,,,100183,100,,,100252,100,,
2019-06-28 09:52:10.000000000,99817,318,99568,318,99827,318,99391,318,99884,100,99295,100,99920,100,99229,100,99949,100,98637,100,100057,100,98532,100,100083,100,,,100084,100,,,100183,100,,,100252,100,,
2019-06-28 09:52:20.000000000,99817,209,99568,209,99827,209,99391,209,99884,209,99295,209,99920,209,99229,209,99949,100,98637,100,100057,100,98532,100,100083,100,,,100084,100,,,100183,100,,,100252,100,,
2019-06-28 09:52:30.000000000,99817,248,99568,248,99827,244,99391,244,99884,244,99295,244,99920,100,99229,100,99949,100,98637,100,100057,100,98532,100,100083,100,,,100084,100,,,100183,100,,,100252,100,,
2019-06-28 09:52:40.000000000,99817,248,99568,248,99827,244,99391,244,99884,244,99295,244,99920,100,99229,100,99949,100,98637,100,100057,100,98532,100,100083,100,,,100084,100,,,100183,100,,,100252,100,,
2019-06-28 09:52:40.923341671,99817,248,99568,248,99827,244,99391,244,99884,244,99295,244,99920,100,99229,100,99949,100,98637,100,100057,100,98532,100,100083,100,,,100084,100,,,100183,100,,,100252,100,,
2019-06-28 09:52:50.000000000,99817,536,99568,536,99827,100,99391,100,99884,100,99295,100,99920,100,99229,100,99949,100,98637,100,100057,100,98532,100,100083,100,,,100084,100,,,100183,100,,,100252,100,,
2019-06-28 09:53:00.000000000,99817,536,99568,536,99827,100,99391,100,99884,100,99295,100,99920,100,99229,100,99949,100,98637,100,100057,100,98532,100,100083,100,,,100084,100,,,100183,100,,,100252,100,,
2019-06-28 09:53:01.143902514,99817,536,99568,536,99827,100,99391,100,99884,100,99295,100,99920,100,99229,100,99949,100,98637,100,100057,100,98532,100,100083,100,,,100084,100,,,100183,100,,,100252,100,,
2019-06-28 09:53:05.946156216,99817,436,99568,536,99827,100,99391,100,99884,100,99295,100,99920,100,99229,100,99949,100,98637,100,100057,100,98532,100,100083,100,,,100084,100,,,100183,100,,,100252,100,,
2019-06-28 09:53:10.000000000,99827,187,99568,187,99884,187,99391,187,99920,187,99295,187,99949,187,99229,187,100057,187,98637,187,100083,100,98532,100,100084,100,,,100183,100,,,100252,100,,,100264,100,,
2019-06-28 09:53:15.516632543,99827,87,99568,187,99884,187,99391,187,99920,187,99295,187,99949,187,99229,187,100057,187,98637,187,100083,100,,,100084,100,,,100183,100,,,100252,100,,,100264,100,,
2019-06-28 09:53:20.000000000,99884,248,99568,248,99920,244,99391,244,99949,244,99295,244,100057,100,99229,100,100083,100,98637,100,100084,100,,,100183,100,,,100252,100,,,100264,100,,,100372,100,,
2019-06-28 09:53:30.000000000,99884,536,99568,536,99920,100,99391,100,99949,100,99295,100,100057,100,99229,100,100083,100,98637,100,100084,100,,,100183,100,,,100252,100,,,100264,100,,,100372,100,,
2019-06-28 09:53:40.000000000,99884,187,99568,187,99920,187,99391,187,99949,187,99295,187,100057,187,99229,187,100083,187,98637,187,100084,100,,,100183,100,,,100252,100,,,100264,100,,,100372,100,,
2019-06-28 09:53:42.084876299,99884,187,99568,187,99920,187,99391,187,99949,187,99295,187,100057,187,99229,187,100083,187,98637,187,100084,100,,,100183,100,,,100252,100,,,100264,100,,,100372,100,,
2019-06-28 09:53:50.000000000,99884,187,99568,187,99920,187,99391,187,99949,187,99295,187,100057,187,99229,187,100083,187,98637,187,100084,100,,,100183,100,,,100252,100,,,100264,100,,,100372,100,,
2019-06-28 09:53:50.355262467,99884,187,99568,187,99920,187,99391,187,99949,187,99295,187,100057,187,99229,187,100083,187,98637,187,100084,100,,,100183,100,,,100252,100,,,100264,100,,,100445,100,,
2019-06-28 09:54:00.000000000,99884,318,99568,318,99920,318,99391,318,99949,100,99295,100,100057,100,99229,100,100083,100,98637,100,100084,100,,,100183,100,,,100252,100,,,100264,100,,,100445,100,,
2019-06-28 09:54:10.000000000,99884,536,99568,536,99920,100,99391,100,99949,100,99295,100,100057,100,99229,100,100083,100,98637,100,100084,100,,,100183,100,,,100252,100,,,100264,100,,,100445,100,,
2019-06-28 09:54:20.000000000,99884,209,99568,209,99920,209,99391,209,99949,209,99295,209,100057,209,99229,209,100083,100,98637,100,100084,100,,,100183,100,,,100252,100,,,100264,100,,,100445,100,,
2019-06-28 09:54:30.000000000,99884,209,99568,209,99920,209,99391,209,99949,209,99295,209,100057,209,99229,209,100083,100,98637,100,100084,100,,,100183,100,,,100252,100,,,100264,100,,,100445,100,,
2019-06-28 09:54:40.000000000,99884,209,99568,209,99920,209,99391,209,99949,209,99295,209,100057,209,99229,209,100083,100,98637,100,100084,100,,,100183,100,,,100252,100,,,100264,100,,,100445,100,,
2019-06-28 09:54:50.000000000,99884,318,99568,318,99920,318,99391,318,99949,100,99295,100,100057,100,99229,100,100083,100,98637,100,100084,100,,,100183,100,,,100252,100,,,100264,100,,,100445,100,,
2019-06-28 09:55:00.000000000,99884,536,99568,536,99920,100,99391,100,99949,100,99295,100,100057,100,99229,100,100083,100,98637,100,100084,100,,,100183,100,,,100252,100,,,100264,100,,,100445,100,,
2019-06-28 09:55:10.000000000,99884,187,99568,187,99920,187,99391,187,99949,187,99295,187,100057,187,99229,187,100083,187,98637,187,100084,100,,,100183,100,,,100252,100,,,100264,100,,,100445,100,,
2019-06-28 09:55:20.000000000,99884,187,99568,187,99920,187,99391,187,99949,187,99295,187,100057,187,99229,187,100083,187,98637,187,100084,100,,,100183,100,,,100252,100,,,100264,100,,,100445,100,,
2019-06-28 09:55:30.000000000,99884,536,99568,536,99920,100,99391,100,99949,100,99295,100,100057,100,99229,100,100083,100,98637,100,100084,100,,,100183,100,,,100252,100,,,100264,100,,,100445,100,,
2019-06-28 09:55:34.038714277,99884,536,99568,536,99920,100,99391,100,99949,100,99295,100,100057,100,99229,100,100083,100,98637,100,100084,100,,,100183,100,,,100210,100,,,100252,100,,,100264,100,,
2019-06-28 09:55:37.372435641,99884,536,99817,100,99920,100,99568,536,99949,100,99391,100,100057,100,99295,100,100083,100,99229,100,100183,100,98637,100,100210,100,,,100252,100,,,100264,100,,,100445,100,,
2019-06-28 09:55:40.000000000,99884,536,99817,536,99920,100,99568,100,99949,100,99391,100,100057,100,99295,100,100083,100,99229,100,100183,100,98637,100,100210,100,,,100252,100,,,100264,100,,,100445,100,,
2019-06-28 09:55:50.000000000,99884,536,99817,536,99920,100,99568,100,99949,100,99391,100,100057,100,99295,100,100083,100,99229,100,100183,100,98637,100,100210,100,,,100252,100,,,100264,100,,,100445,100,,
2019-06-28 09:56:00.000000000,99884,248,99817,248,99920,244,99568,244,99949,244,99391,244,100057,100,99295,100,100083,100,99229,100,100183,100,98637,100,100210,100,,,100252,100,,,100264,100,,,100445,100,,
2019-06-28 09:56:08.474411495,99884,148,99817,248,99920,244,99568,244,99949,244,99391,244,100057,100,99295,100,100083,100,99229,100,100210,100,98637,100,100252,100,,,100264,100,,,100445,100,,,100546,100,,
2019-06-28 09:56:10.000000000,99920,187,99817,187,99949,187,99568,187,100057,187,99391,187,100083,187,99295,187,100210,187,99229,187,100252,100,98637,100,100264,100,,,100445,100,,,100546,100,,,100549,100,,
2019-06-28 09:56:20.000000000,99920,318,99817,318,99949,318,99568,318,100057,100,99391,100,100083,100,99295,100,100210,100,99229,100,100252,100,98637,100,100264,100,,,100445,100,,,100546,100,,,100549,100,,
2019-06-28 09:56:21.612532036,99920,218,99817,318,99949,318,99568,318,100057,100,99391,100,100083,100,99295,100,100210,100,99229,100,100252,100,98637,100,100264,100,,,100445,100,,,100546,100,,,100549,100,,
2019-06-28 09:56:29.874321842,99920,218,99841,100,99949,318,99817,318,100057,100,99568,318,100083,100,99295,100,100210,100,99229,100,100252,100,98637,100,100264,100,,,100445,100,,,100546,100,,,100549,100,,
2019-06-28 09:56:30.000000000,99949,187,99841,187,100057,187,99817,187,100083,187,99568,187,100210,187,99295,187,100252,187,99229,187,100264,100,98637,100,100445,100,,,100546,100,,,100549,100,,,100583,100,,
2019-06-28 09:56:40.000000000,99949,187,99841,187,100057,187,99817,187,100083,187,99568,187,100210,187,99295,187,100252,187,99229,187,100264,100,98637,100,100445,100,,,100546,100,,,100549,100,,,100583,100,,
2019-06-28 09:56:50.000000000,99949,248,99841,248,100057,244,99817,244,100083,244,99568,244,100210,100,99295,100,100252,100,99229,100,100264,100,98637,100,100445,100,,,100546,100,,,100549,100,,,100583,100,,
2019-06-28 09:57:00.000000000,99949,536,99841,536,100057,100,99817,100,100083,100,99568,100,100210,100,99295,100,100252,100,99229,100,100264,100,98637,100,100445,100,,,100546,100,,,100549,100,,,100583,100,,
2019-06-28 09:57:05.484519595,99949,536,99884,100,100057,100,99841,536,100083,100,99817,100,100210,100,99568,100,100252,100,99295,100,100264,100,99229,100,100445,100,98637,100,100546,100,,,100549,100,,,100583,100,,
2019-06-28 09:57:10.000000000,99949,187,99884,187,100057,187,99841,187,100083,187,99817,187,100210,187,99568,187,100252,187,99295,187,100264,100,99229,100,100445,100,98637,100,100546,100,,,100549,100,,,100583,100,,
2019-06-28 09:57:15.372970033,99949,187,99884,187,100057,187,99841,187,100083,187,99817,187,100143,100,99568,187,100210,187,99295,187,100252,187,99229,100,100264,100,98637,100,100445,100,,,100546,100,,,100549,100,,
2019-06-28 09:57:20.000000000,99949,248,99884,248,100057,244,99841,244,100083,244,99817,244,100143,100,99568,100,100210,100,99295,100,100252,100,99229,100,100264,100,98637,100,100445,100,,,100546,100,,,100549,100,,
2019-06-28 09:57:30.000000000,99949,209,99884,209,100057,209,99841,209,100083,209,99817,209,100143,209,99568,209,100210,100,99295,100,100252,100,99229,100,100264,100,98637,100,100445,100,,,100546,100,,,100549,100,,
2019-06-28 09:57:40.000000000,99949,318,99884,318,100057,318,99841,318,100083,100,99817,100,100143,100,99568,100,100210,100,99295,100,100252,100,99229,100,100264,100,98637,100,100445,100,,,100546,100,,,100549,100,,
2019-06-28 09:57:50.000000000,99949,209,99884,209,100057,209,99841,209,100083,209,99817,209,100143,209,99568,209,100210,100,99295,100,100252,100,99229,100,100264,100,98637,100,100445,100,,,100546,100,,,100549,100,,
2019-06-28 09:57:55.849646278,99949,209,99884,209,100057,209,99844,100,100083,209,99841,209,100143,209,99817,209,100210,100,99568,209,100252,100,99295,100,100264,100,99229,100,100445,100,98637,100,100546,100,,,100549,100,,
2019-06-28 09:58:00.000000000,99949,187,99884,187,100057,187,99844,187,100083,187,99841,187,100143,187,99817,187,100210,187,99568,187,100252,100,99295,100,100264,100,99229,100,100445,100,98637,100,100546,100,,,100549,100,,
2019-06-28 09:58:02.212564792,99949,187,99884,187,100057,187,99844,187,100083,187,99841,187,100143,187,99817,187,100193,100,99568,187,100210,187,99295,100,100252,100,99229,100,100264,100,98637,100,100445,100,,,100546,100,,
2019-06-28 09:58:10.000000000,99949,187,99884,187,100057,187,99844,187,100083,187,99841,187,100143,187,99817,187,100193,187,99568,187,100210,100,99295,100,100252,100,99229,100,100264,100,98637,100,100445,100,,,100546,100,,
2019-06-28 09:58:20.000000000,99949,248,99884,248,100057,244,99844,244,100083,244,99841,244,100143,100,99817,100,100193,100,99568,100,100210,100,99295,100,100252,100,99229,100,100264,100,98637,100,100445,100,,,100546,100,,
2019-06-28 09:58:27.259586473,99949,248,99884,348,100057,244,99844,244,100083,244,99841,244,100143,100,99817,100,100193,100,99568,100,100210,100,99295,100,100252,100,99229,100,100264,100,98637,100,100445,100,,,100546,100,,
2019-06-28 09:58:28.310128871,99949,248,99884,248,100057,244,99844,244,100083,244,99841,244,100143,100,99817,100,100193,100,99568,100,100210,100,99295,100,100252,100,99229,100,100264,100,98637,100,100445,100,,,100546,100,,
2019-06-28 09:58:30.000000000,99949,187,99884,187,100057,187,99844,187,100083,187,99841,187,100143,187,99817,187,100193,187,99568,187,100210,100,99295,100,100252,100,99229,100,100264,100,98637,100,100445,100,,,100546,100,,
2019-06-28 09:58:33.052667265,99949,187,99884,187,100057,187,99844,187,100083,187,99841,187,100143,187,99817,187,100193,187,99812,100,100252,100,99568,187,100264,100,99295,100,100445,100,99229,100,100546,100,98637,100,100549,100,,
2019-06-28 09:58:36.902826290,99949,187,99884,187,100057,187,99844,187,100083,187,99841,187,100109,100,99817,187,100143,187,99812,100,100193,187,99568,187,100252,100,99295,100,100264,100,99229,100,100445,100,98637,100,100546,100,,
2019-06-28 09:58:40.000000000,99949,248,99884,248,100057,244,99844,244,100083,244,99841,244,100109,100,99817,100,100143,100,99812,100,100193,100,99568,100,100252,100,99295,100,100264,100,99229,100,100445,100,98637,100,100546,100,,
2019-06-28 09:58:50.000000000,99949,318,99884,318,100057,318,99844,318,100083,100,99841,100,100109,100,99817,100,100143,100,99812,100,100193,100,99568,100,100252,100,99295,100,100264,100,99229,100,100445,100,98637,100,100546,100,,
2019-06-28 09:59:00.000000000,99949,209,99884,209,100057,209,99844,209,100083,209,99841,209,100109,209,99817,209,100143,100,99812,100,100193,100,99568,100,100252,100,99295,100,100264,100,99229,100,100445,100,98637,100,100546,100,,
2019-06-28 09:59:06.551398954,99949,209,99884,209,99964,100,99844,209,100057,209,99841,209,100083,209,99817,209,100109,209,99812,100,100143,100,99568,100,100193,100,99295,100,100252,100,99229,100,100264,100,98637,100,100445,100,,
2019-06-28 09:59:10.000000000,99949,318,99884,318,99964,318,99844,318,100057,100,99841,100,100083,100,99817,100,100109,100,99812,100,100143,100,99568,100,100193,100,99295,100,100252,100,99229,100,100264,100,98637,100,100445,100,,
2019-06-28 09:59:20.000000000,99949,536,99884,536,99964,100,99844,100,100057,100,99841,100,100083,100,99817,100,100109,100,99812,100,100143,100,99568,100,100193,100,99295,100,100252,100,99229,100,100264,100,98637,100,100445,100,,
2019-06-28 09:59:30.000000000,99949,318,99884,318,99964,318,99844,318,100057,100,99841,100,100083,100,99817,100,100109,100,99812,100,100143,100,99568,100,100193,100,99295,100,100252,100,99229,100,100264,100,98637,100,100445,100,,
2019-06-28 09:59:40.000000000,99949,536,99884,536,99964,100,99844,100,100057,100,99841,100,100083,100,99817,100,100109,100,99812,100,100143,100,99568,100,100193,100,99295,100,100252,100,99229,100,100264,100,98637,100,100445,100,,
2019-06-28 09:59:50.000000000,99949,248,99884,248,99964,244,99844,244,100057,244,99841,244,100083,100,99817,100,100109,100,99812,100,100143,100,99568,100,100193,100,99295,100,100252,100,99229,100,100264,100,98637,100,100445,100,,
2019-06-28 09:59:54.151384052,99949,148,99884,248,99964,244,99844,244,100057,244,99841,244,100083,100,99817,100,100109,100,99812,100,100143,100,99568,100,100193,100,99295,100,100252,100,99229,100,100264,100,98637,100,100445,100,,
2019-06-28 10:00:00.000000000,99964,187,99884,187,100057,187,99844,187,100083,187,99841,187,100109,187,99817,187,100143,187,99812,187,100193,100,99568,100,100252,100,99295,100,100264,100,99229,100,100445,100,98637,100,100546,100,,
2019-06-28 10:00:07.816359196,99964,187,99920,100,100057,187,99884,187,100083,187,99844,187,100109,187,99841,187,100143,187,99817,187,100193,100,99812,187,100252,100,99568,100,100264,100,99295,100,100445,100,99229,100,100546,100,98637,100
2019-06-28 10:00:10.000000000,99964,187,99920,187,100057,187,99884,187,100083,187,99844,187,100109,187,99841,187,100143,187,99817,187,100193,100,99812,100,100252,100,99568,100,100264,100,99295,100,100445,100,99229,100,100546,100,98637,100
2019-06-28 10:00:11.155610894,99964,187,99920,287,100057,187,99884,187,100083,187,99844,187,100109,187,99841,187,100143,187,99817,187,100193,100,99812,100,100252,100,99568,100,100264,100,99295,100,100445,100,99229,100,100546,100,98637,100
2019-06-28 10:00:20.000000000,99964,209,99920,309,100057,209,99884,209,100083,209,99844,209,100109,209,99841,209,100143,100,99817,100,100193,100,99812,100,100252,100,99568,100,100264,100,99295,100,100445,100,99229,100,100546,100,98637,100
2019-06-28 10:00:30.000000000,99964,248,99920,348,100057,244,99884,244,100083,244,99844,244,100109,100,99841,100,100143,100,99817,100,100193,100,99812,100,100252,100,99568,100,100264,100,99295,100,100445,100,99229,100,100546,100,98637,100
2019-06-28 10:00:40.000000000,99964,209,99920,309,100057,209,99884,209,100083,209,99844,209,100109,209,99841,209,100143,100,99817,100,100193,100,99812,100,100252,100,99568,100,100264,100,99295,100,100445,100,99229,100,100546,100,98637,100
2019-06-28 10:00:43.878585015,99964,109,99920,309,100057,209,99884,209,100083,209,99844,209,100109,209,99841,209,100143,100,99817,100,100193,100,99812,100,100252,100,99568,100,100264,100,99295,100,100445,100,99229,100,100546,100,98637,100
2019-06-28 10:00:50.000000000,100057,187,99920,287,100083,187,99884,187,100109,187,99844,187,100143,187,99841,187,100193,187,99817,187,100252,100,99812,100,100264,100,99568,100,100445,100,99295,100,100546,100,99229,100,100549,100,98637,100
2019-06-28 10:01:00.000000000,100057,187,99920,287,100083,187,99884,187,100109,187,99844,187,100143,187,99841,187,100193,187,99817,187,100252,100,99812,100,100264,100,99568,100,100445,100,99295,100,100546,100,99229,100,100549,100,98637,100
2019-06-28 10:01:10.000000000,100057,209,99920,309,100083,209,99884,209,100109,209,99844,209,100143,209,99841,209,100193,100,99817,100,100252,100,99812,100,100264,100,99568,100,100445,100,99295,100,100546,100,99229,100,100549,100,98637,100
2019-06-28 10:01:14.256301805,100057,109,99920,309,100083,209,99884,209,100109,209,99844,109,100143,209,99841,209,100193,100,99817,100,100252,100,99812,100,100264,100,99568,100,100445,100,99295,100,100546,100,99229,100,100549,100,98637,100
2019-06-28 10:01:20.000000000,100083,318,99920,418,100109,318,99884,318,100143,100,99841,100,100193,100,99817,100,100252,100,99812,100,100264,100,99568,100,100445,100,99295,100,100546,100,99229,100,100549,100,98637,100,100583,100,,
2019-06-28 10:01:30.000000000,100083,318,99920,418,100109,318,99884,318,100143,100,99841,100,100193,100,99817,100,100252,100,99812,100,100264,100,99568,100,100445,100,99295,100,100546,100,99229,100,100549,100,98637,100,100583,100,,
2019-06-28 10:01:40.000000000,100083,536,99920,636,100109,100,99884,100,100143,100,99841,100,100193,100,99817,100,100252,100,99812,100,100264,100,99568,100,100445,100,99295,100,100546,100,99229,100,100549,100,98637,100,100583,100,,
2019-06-28 10:01:50.000000000,100083,536,99920,636,100109,100,99884,100,100143,100,99841,100,100193,100,99817,100,100252,100,99812,100,100264,100,99568,100,100445,100,99295,100,100546,100,99229,100,100549,100,98637,100,100583,100,,
2019-06-28 10:02:00.000000000,100083,318,99920,418,100109,318,99884,318,100143,100,99841,100,100193,100,99817,100,100252,100,99812,100,100264,100,99568,100,100445,100,99295,100,100546,100,99229,100,100549,100,98637,100,100583,100,,
2019-06-28 10:02:10.000000000,100083,187,99920,287,100109,187,99884,187,100143,187,99841,187,100193,187,99817,187,100252,187,99812,187,100264,100,99568,100,100445,100,99295,100,100546,100,99229,100,100549,100,98637,100,100583,100,,
2019-06-28 10:02:14.909366986,100083,87,99920,287,100109,187,99884,187,100143,187,99841,187,100193,187,99817,187,100252,187,99812,187,100264,100,99568,100,100445,100,99295,100,100546,100,99229,100,100549,100,98637,100,100583,100,,
2019-06-28 10:02:17.550050940,100109,187,100083,13,100143,187,99920,287,100193,187,99884,187,100252,187,99841,187,100264,100,99817,187,100445,100,99812,187,100546,100,99568,100,100549,100,99295,100,100583,100,99229,100,100653,100,98637,100
2019-06-28 10:02:20.000000000,100109,248,100083,161,100143,244,99920,344,100193,244,99884,244,100252,100,99841,100,100264,100,99817,100,100445,100,99812,100,100546,100,99568,100,100549,100,99295,100,100583,100,99229,100,100653,100,98637,100
2019-06-28 10:02:30.000000000,100109,187,100083,100,100143,187,99920,287,100193,187,99884,187,100252,187,99841,187,100264,187,99817,187,100445,100,99812,100,100546,100,99568,100,100549,100,99295,100,100583,100,99229,100,100653,100,98637,100
2019-06-28 10:02:38.246264553,100109,187,100083,200,100143,187,99920,287,100193,187,99884,187,100252,187,99841,187,100264,187,99817,187,100445,100,99812,100,100546,100,99568,100,100549,100,99295,100,100583,100,99229,100,100653,100,98637,100
2019-06-28 10:02:40.000000000,100109,318,100083,331,100143,318,99920,418,100193,100,99884,100,100252,100,99841,100,100264,100,99817,100,100445,100,99812,100,100546,100,99568,100,100549,100,99295,100,100583,100,99229,100,100653,100,98637,100
2019-06-28 10:02:50.000000000,100109,536,100083,549,100143,100,99920,200,100193,100,99884,100,100252,100,99841,100,100264,100,99817,100,100445,100,99812,100,100546,100,99568,100,100549,100,99295,100,100583,100,99229,100,100653,100,98637,100
2019-06-28 10:03:00.000000000,100109,318,100083,331,100143,318,99920,418,100193,100,99884,100,100252,100,99841,100,100264,100,99817,100,100445,100,99812,100,100546,100,99568,100,100549,100,99295,100,100583,100,99229,100,100653,100,98637,100
2019-06-28 10:03:10.000000000,100109,248,100083,261,100143,244,99920,344,100193,244,99884,244,100252,100,99841,100,100264,100,99817,100,100445,100,99812,100,100546,100,99568,100,100549,100,99295,100,100583,100,99229,100,100653,100,98637,100
2019-06-28 10:03:17.772322191,100109,248,100083,361,100143,244,99920,344,100193,244,99884,244,100252,100,99841,100,100264,100,99817,100,100445,100,99812,100,100546,100,99568,100,100549,100,99295,100,100583,100,99229,100,100653,100,98637,100
2019-06-28 10:03:20.000000000,100109,187,100083,300,100143,187,99920,287,100193,187,99884,187,100252,187,99841,187,100264,187,99817,187,100445,100,99812,100,100546,100,99568,100,100549,100,99295,100,100583,100,99229,100,100653,100,98637,100
2019-06-28 10:03:30.000000000,100109,318,100083,431,100143,318,99920,418,100193,100,99884,100,100252,100,99841,100,100264,100,99817,100,100445,100,99812,100,100546,100,99568,100,100549,100,99295,100,100583,100,99229,100,100653,100,98637,100
2019-06-28 10:03:40.000000000,100109,187,100083,300,100143,187,99920,287,100193,187,99884,187,100252,187,99841,187,100264,187,99817,187,100445,100,99812,100,100546,100,99568,100,100549,100,99295,100,100583,100,99229,100,100653,100,98637,100
2019-06-28 10:03:50.000000000,100109,209,100083,322,100143,209,99920,309,100193,209,99884,209,100252,209,99841,209,100264,100,99817,100,100445,100,99812,100,100546,100,99568,100,100549,100,99295,100,100583,100,99229,100,100653,100,98637,100
2019-06-28 10:04:00.000000000,100109,209,100083,322,100143,209,99920,309,100193,209,99884,209,100252,209,99841,209,100264,100,99817,100,100445,100,99812,100,100546,100,99568,100,100549,100,99295,100,100583,100,99229,100,100653,100,98637,100
2019-06-28 10:04:10.000000000,100109,248,100083,361,100143,244,99920,344,100193,244,99884,244,100252,100,99841,100,100264,100,99817,100,100445,100,99812,100,100546,100,99568,100,100549,100,99295,100,100583,100,99229,100,100653,100,98637,100
2019-06-28 10:04:16.428636810,100109,248,100083,361,100143,244,99920,344,100165,100,99884,244,100193,244,99841,100,100252,100,99817,100,100264,100,99812,100,100445,100,99295,100,100546,100,99229,100,100549,100,98637,100,100583,100,,
2019-06-28 10:04:20.000000000,100109,187,100083,300,100143,187,99920,287,100165,187,99884,187,100193,187,99841,187,100252,187,99817,187,100264,100,99812,100,100445,100,99295,100,100546,100,99229,100,100549,100,98637,100,100583,100,,
2019-06-28 10:04:20.492893170,100109,87,100083,300,100143,187,99920,287,100165,187,99884,187,100193,187,99841,187,100252,187,99817,187,100264,100,99812,100,100445,100,99295,100,100546,100,99229,100,100549,100,98637,100,100583,100,,
2019-06-28 10:04:30.000000000,100143,209,100083,322,100165,209,99920,309,100193,209,99884,209,100252,209,99841,209,100264,100,99817,100,100445,100,99812,100,100546,100,99295,100,100549,100,99229,100,100583,100,98637,100,100653,100,,
2019-06-28 10:04:40.000000000,100143,187,100083,300,100165,187,99920,287,100193,187,99884,187,100252,187,99841,187,100264,187,99817,187,100445,100,99812,100,100546,100,99295,100,100549,100,99229,100,100583,100,98637,100,100653,100,,
2019-06-28 10:04:50.000000000,100143,318,100083,431,100165,318,99920,418,100193,100,99884,100,100252,100,99841,100,100264,100,99817,100,100445,100,99812,100,100546,100,99295,100,100549,100,99229,100,100583,100,98637,100,100653,100,,
2019-06-28 10:04:58.745545266,100143,318,100083,431,100165,318,99920,418,100193,100,99884,100,100252,100,99841,100,100264,100,99817,100,100445,100,99812,100,100546,100,99295,100,100549,100,99229,100,100583,100,99175,100,100653,100,98637,100
2019-06-28 10:05:00.000000000,100143,248,100083,361,100165,244,99920,344,100193,244,99884,244,100252,100,99841,100,100264,100,99817,100,100445,100,99812,100,100546,100,99295,100,100549,100,99229,100,100583,100,99175,100,100653,100,98637,100
2019-06-28 10:05:10.000000000,100143,187,100083,300,100165,187,99920,287,100193,187,99884,187,100252,187,99841,187,100264,187,99817,187,100445,100,99812,100,100546,100,99295,100,100549,100,99229,100,100583,100,99175,100,100653,100,98637,100
2019-06-28 10:05:20.000000000,100143,318,100083,431,100165,318,99920,418,100193,100,99884,100,100252,100,99841,100,100264,100,99817,100,100445,100,99812,100,100546,100,99295,100,100549,100,99229,100,100583,100,99175,100,100653,100,98637,100
2019-06-28 10:05:29.639113086,100143,318,100083,318,100165,318,99920,418,100193,100,99884,100,100252,100,99841,100,100264,100,99817,100,100445,100,99812,100,100546,100,99295,100,100549,100,99229,100,100583,100,99175,100,100653,100,98637,100
2019-06-28 10:05:30.000000000,100143,248,100083,248,100165,244,99920,344,100193,244,99884,244,100252,100,99841,100,100264,100,99817,100,100445,100,99812,100,100546,100,99295,100,100549,100,99229,100,100583,100,99175,100,100653,100,98637,100
2019-06-28 10:05:40.000000000,100143,536,100083,536,100165,100,99920,200,100193,100,99884,100,100252,100,99841,100,100264,100,99817,100,100445,100,99812,100,100546,100,99295,100,100549,100,99229,100,100583,100,99175,100,100653,100,98637,100
2019-06-28 10:05:42.370237238,100143,536,100083,436,100165,100,99920,200,100193,100,99884,100,100252,100,99841,100,100264,100,99817,100,100445,100,99812,100,100549,100,99295,100,100583,100,99229,100,100653,100,99175,100,100826,100,98637,100
2019-06-28 10:05:50.000000000,100143,209,99920,309,100165,209,99884,209,100193,209,99841,209,100252,209,99817,209,100264,100,99812,100,100445,100,99295,100,100549,100,99229,100,100583,100,99175,100,100653,100,98637,100,100826,100,,
2019-06-28 10:06:00.000000000,100143,248,99920,348,100165,244,99884,244,100193,244,99841,244,100252,100,99817,100,100264,100,99812,100,100445,100,99295,100,100549,100,99229,100,100583,100,99175,100,100653,100,98637,100,100826,100,,
2019-06-28 10:06:10.000000000,100143,318,99920,418,100165,318,99884,318,100193,100,99841,100,100252,100,99817,100,100264,100,99812,100,100445,100,99295,100,100549,100,99229,100,100583,100,99175,100,100653,100,98637,100,100826,100,,
2019-06-28 10:06:11.412568046,100143,318,99920,318,100165,318,99884,318,100193,100,99841,100,100252,100,99817,100,100264,100,99812,100,100445,100,99295,100,100549,100,99229,100,100583,100,99175,100,100653,100,98637,100,100826,100,,
2019-06-28 10:06:11.692105132,100143,318,99920,218,100165,318,99884,318,100193,100,99841,100,100252,100,99817,100,100264,100,99812,100,100445,100,99295,100,100549,100,99229,100,100583,100,99175,100,100653,100,98637,100,100826,100,,
2019-06-28 10:06:20.000000000,100143,209,99884,209,100165,209,99841,209,100193,209,99817,209,100252,209,99812,209,100264,100,99295,100,100445,100,99229,100,100549,100,99175,100,100583,100,98637,100,100653,100,,,100826,100,,
2019-06-28 10:06:25.958511994,99920,100,99884,209,100143,209,99841,209,100165,209,99817,209,100193,209,99812,209,100252,209,99295,100,100264,100,99229,100,100445,100,99175,100,100549,100,98637,100,100583,100,,,100653,100,,
2019-06-28 10:06:30.000000000,99920,536,99884,536,100143,100,99841,100,100165,100,99817,100,100193,100,99812,100,100252,100,99295,100,100264,100,99229,100,100445,100,99175,100,100549,100,98637,100,100583,100,,,100653,100,,
2019-06-28 10:06:40.000000000,99920,248,99884,248,100143,244,99841,244,100165,244,99817,244,100193,100,99812,100,100252,100,99295,100,100264,100,99229,100,100445,100,99175,100,100549,100,98637,100,100583,100,,,100653,100,,
2019-06-28 10:06:50.000000000,99920,209,99884,209,100143,209,99841,209,100165,209,99817,209,100193,209,99812,209,100252,100,99295,100,100264,100,99229,100,100445,100,99175,100,100549,100,98637,100,100583,100,,,100653,100,,
2019-06-28 10:06:56.922095219,99920,209,99884,209,100143,209,99841,209,100165,209,99817,209,100193,209,99812,209,100252,100,99756,100,100264,100,99295,100,100445,100,99229,100,100549,100,98637,100,100583,100,,,100653,100,,
2019-06-28 10:06:57.211169796,99920,209,99884,209,99993,100,99841,209,100143,209,99817,209,100165,209,99812,209,100193,209,99295,100,100252,100,99229,100,100264,100,98637,100,100445,100,,,100549,100,,,100583,100,,
2019-06-28 10:07:00.000000000,99920,209,99884,209,99993,209,99841,209,100143,209,99817,209,100165,209,99812,209,100193,100,99295,100,100252,100,99229,100,100264,100,98637,100,100445,100,,,100549,100,,,100583,100,,
2019-06-28 10:07:05.850908718,99920,209,99884,209,99993,209,99841,209,100143,209,99817,209,100165,209,99812,209,100193,100,99492,100,100252,100,99295,100,100264,100,99229,100,100445,100,98637,100,100549,100,,,100583,100,,
2019-06-28 10:07:10.000000000,99920,536,99884,536,99993,100,99841,100,100143,100,99817,100,100165,100,99812,100,100193,100,99492,100,100252,100,99295,100,100264,100,99229,100,100445,100,98637,100,100549,100,,,100583,100,,
2019-06-28 10:07:17.369108981,99920,536,99884,436,99993,100,99841,100,100143,100,99817,100,100165,100,99812,100,100193,100,99492,100,100252,100,99295,100,100264,100,99229,100,100445,100,98637,100,100549,100,,,100583,100,,
2019-06-28 10:07:19.161622532,99920,536,99884,436,99993,100,99841,100,100143,100,99817,100,100165,100,99812,100,100193,100,99516,100,100252,100,99492,100,100264,100,99295,100,100445,100,99229,100,100549,100,98637,100,100583,100,,
2019-06-28 10:07:20.000000000,99920,187,99841,187,99993,187,99817,187,100143,187,99812,187,100165,187,99516,187,100193,187,99492,187,100252,100,99295,100,100264,100,99229,100,100445,100,98637,100,100549,100,,,100583,100,,
2019-06-28 10:07:28.572792705,99920,187,99841,187,99933,100,99817,187,99993,187,99812,187,100143,187,99516,187,100165,187,99492,187,100193,187,99295,100,100252,100,99229,100,100264,100,98637,100,100445,100,,,100549,100,,
2019-06-28 10:07:30.000000000,99920,536,99841,536,99933,100,99817,100,99993,100,99812,100,100143,100,99516,100,100165,100,99492,100,100193,100,99295,100,100252,100,99229,100,100264,100,98637,100,100445,100,,,100549,100,,
2019-06-28 10:07:35.524946402,99919,100,99841,536,99920,536,99817,100,99933,100,99812,100,99993,100,99516,100,100143,100,99492,100,100165,100,99295,100,100193,100,99229,100,100252,100,98637,100,100264,100,,,100445,100,,
2019-06-28 10:07:40.000000000,99919,536,99841,536,99920,100,99817,100,99933,100,99812,100,99993,100,99516,100,100143,100,99492,100,100165,100,99295,100,100193,100,99229,100,100252,100,98637,100,100264,100,,,100445,100,,
2019-06-28 10:07:50.000000000,99919,248,99841,248,99920,244,99817,244,99933,244,99812,244,99993,100,99516,100,100143,100,99492,100,100165,100,99295,100,100193,100,99229,100,100252,100,98637,100,100264,100,,,100445,100,,
2019-06-28 10:08:00.000000000,99919,536,99841,536,99920,100,99817,100,99933,100,99812,100,99993,100,99516,100,100143,100,99492,100,100165,100,99295,100,100193,100,99229,100,100252,100,98637,100,100264,100,,,100445,100,,
2019-06-28 10:08:02.197730838,99919,536,99841,436,99920,100,99817,100,99933,100,99812,100,99993,100,99516,100,100143,100,99492,100,100165,100,99295,100,100193,100,99229,100,100252,100,98637,100,100264,100,,,100445,100,,
2019-06-28 10:08:03.698793329,99919,536,99841,436,99920,100,99817,100,99933,100,99812,100,99993,100,99516,100,100052,100,99492,100,100143,100,99295,100,100165,100,99229,100,100193,100,98637,100,100252,100,,,100264,100,,
2019-06-28 10:08:07.160837251,99919,536,99841,336,99920,100,99817,100,99933,100,99812,100,99993,100,99516,100,100052,100,99492,100,100143,100,99295,100,100165,100,99229,100,100193,100,98637,100,100252,100,,,100264,100,,
2019-06-28 10:08:10.000000000,99919,209,99817,209,99920,209,99812,209,99933,209,99516,209,99993,209,99492,209,100052,100,99295,100,100143,100,99229,100,100165,100,98637,100,100193,100,,,100252,100,,,100264,100,,
2019-06-28 10:08:20.000000000,99919,209,99817,209,99920,209,99812,209,99933,209,99516,209,99993,209,99492,209,100052,100,99295,100,100143,100,99229,100,100165,100,98637,100,100193,100,,,100252,100,,,100264,100,,
2019-06-28 10:08:20.047896013,99919,209,99817,209,99920,209,99812,209,99933,209,99738,100,99993,209,99516,209,100052,100,99492,209,100143,100,99295,100,100165,100,99229,100,100193,100,98637,100,100252,100,,,100264,100,,
2019-06-28 10:08:22.037419845,99919,209,99817,209,99920,209,99812,209,99933,209,99738,100,99993,209,99516,209,100052,100,99492,209,100143,100,99489,100,100165,100,99295,100,100193,100,99229,100,100252,100,98637,100,100264,100,,
2019-06-28 10:08:30.000000000,99919,187,99817,187,99920,187,99812,187,99933,187,99738,187,99993,187,99516,187,100052,187,99492,187,100143,100,99489,100,100165,100,99295,100,100193,100,99229,100,100252,100,98637,100,100264,100,,
2019-06-28 10:08:40.000000000,99919,187,99817,187,99920,187,99812,187,99933,187,99738,187,99993,187,99516,187,100052,187,99492,187,100143,100,99489,100,100165,100,99295,100,100193,100,99229,100,100252,100,98637,100,100264,100,,
2019-06-28 10:08:50.000000000,99919,318,99817,318,99920,318,99812,318,99933,100,99738,100,99993,100,99516,100,100052,100,99492,100,100143,100,99489,100,100165,100,99295,100,100193,100,99229,100,100252,100,98637,100,100264,100,,
2019-06-28 10:08:54.327092841,99919,318,99817,218,99920,318,99812,318,99933,100,99738,100,99993,100,99516,100,100052,100,99492,100,100143,100,99489,100,100165,100,99295,100,100193,100,99229,100,100252,100,98637,100,100264,100,,
2019-06-28 10:09:00.000000000,99919,318,99812,318,99920,318,99738,318,99933,100,99516,100,99993,100,99492,100,100052,100,99489,100,100143,100,99295,100,100165,100,99229,100,100193,100,98637,100,100252,100,,,100264,100,,
2019-06-28 10:09:10.000000000,99919,318,99812,318,99920,318,99738,318,99933,100,99516,100,99993,100,99492,100,100052,100,99489,100,100143,100,99295,100,100165,100,99229,100,100193,100,98637,100,100252,100,,,100264,100,,
2019-06-28 10:09:20.000000000,99919,536,99812,536,99920,100,99738,100,99933,100,99516,100,99993,100,99492,100,100052,100,99489,100,100143,100,99295,100,100165,100,99229,100,100193,100,98637,100,100252,100,,,100264,100,,
2019-06-28 10:09:30.000000000,99919,536,99812,536,99920,100,99738,100,99933,100,99516,100,99993,100,99492,100,100052,100,99489,100,100143,100,99295,100,100165,100,99229,100,100193,100,98637,100,100252,100,,,100264,100,,
2019-06-28 10:09:30.769464958,99841,100,99812,536,99919,536,99738,100,99933,100,99516,100,99993,100,99492,100,100052,100,99489,100,100143,100,99295,100,100165,100,99229,100,100193,100,98637,100,100252,100,,,100264,100,,
2019-06-28 10:09:40.000000000,99841,536,99812,536,99919,100,99738,100,99933,100,99516,100,99993,100,99492,100,100052,100,99489,100,100143,100,99295,100,100165,100,99229,100,100193,100,98637,100,100252,100,,,100264,100,,
2019-06-28 10:09:44.838780445,99841,536,99812,436,99919,100,99738,100,99933,100,99516,100,99993,100,99492,100,100052,100,99489,100,100143,100,99295,100,100165,100,98637,100,100193,100,,,100252,100,,,100264,100,,
2019-06-28 10:09:48.138185120,99817,100,99812,436,99841,536,99738,100,99919,100,99516,100,99933,100,99492,100,99993,100,99489,100,100052,100,99295,100,100143,100,98637,100,100165,100,,,100193,100,,,100252,100,,
2019-06-28 10:09:50.000000000,99817,187,99738,187,99841,187,99516,187,99919,187,99492,187,99933,187,99489,187,99993,187,99295,187,100052,100,98637,100,100143,100,,,100165,100,,,100193,100,,,100252,100,,
2019-06-28 10:09:55.086736328,99817,187,99738,187,99841,187,99516,187,99919,187,99492,187,99933,187,99489,187,99993,187,99295,187,100052,100,98831,100,100143,100,98637,100,100165,100,,,100193,100,,,100252,100,,
2019-06-28 10:10:00.000000000,99817,318,99738,318,99841,318,99516,318,99919,100,99492,100,99933,100,99489,100,99993,100,99295,100,100052,100,98831,100,100143,100,98637,100,100165,100,,,100193,100,,,100252,100,,
2019-06-28 10:10:07.286241262,99817,418,99738,318,99841,318,99516,318,99919,100,99492,100,99933,100,99489,100,99993,100,99295,100,100052,100,98831,100,100143,100,98637,100,100165,100,,,100193,100,,,100252,100,,
2019-06-28 10:10:10.000000000,99817,348,99738,248,99841,244,99516,244,99919,244,99492,244,99933,100,99489,100,99993,100,99295,100,100052,100,98831,100,100143,100,98637,100,100165,100,,,100193,100,,,100252,100,,
2019-06-28 10:10:20.000000000,99817,309,99738,209,99841,209,99516,209,99919,209,99492,209,99933,209,99489,209,99993,100,99295,100,100052,100,98831,100,100143,100,98637,100,100165,100,,,100193,100,,,100252,100,,
2019-06-28 10:10:29.623476894,99817,309,99738,209,99841,209,99516,209,99919,209,99492,209,99933,209,99489,209,99993,100,99475,100,100052,100,99295,100,100143,100,98831,100,100165,100,98637,100,100252,100,,,100264,100,,
2019-06-28 10:10:30.000000000,99817,309,99738,209,99841,209,99516,209,99919,209,99492,209,99933,209,99489,209,99993,100,99475,100,100052,100,99295,100,100143,100,98831,100,100165,100,98637,100,100252,100,,,100264,100,,
2019-06-28 10:10:40.000000000,99817,348,99738,248,99841,244,99516,244,99919,244,99492,244,99933,100,99489,100,99993,100,99475,100,100052,100,99295,100,100143,100,98831,100,100165,100,98637,100,100252,100,,,100264,100,,
2019-06-28 10:10:40.905093708,99817,348,99738,248,99841,244,99516,244,99919,244,99509,100,99933,100,99492,244,99993,100,99489,100,100052,100,99475,100,100143,100,99295,100,100165,100,98831,100,100264,100,98637,100,100445,100,,
2019-06-28 10:10:50.000000000,99817,418,99738,318,99841,318,99516,318,99919,100,99509,100,99933,100,99492,100,99993,100,99489,100,100052,100,99475,100,100143,100,99295,100,100165,100,98831,100,100264,100,98637,100,100445,100,,
2019-06-28 10:10:58.648893446,99817,418,99738,318,99841,318,99516,318,99933,100,99509,100,99993,100,99492,100,100052,100,99489,100,100143,100,99475,100,100165,100,99295,100,100264,100,98831,100,100445,100,98637,100,100549,100,,
2019-06-28 10:11:00.000000000,99817,287,99738,187,99841,187,99516,187,99933,187,99509,187,99993,187,99492,187,100052,187,99489,187,100143,100,99475,100,100165,100,99295,100,100264,100,98831,100,100445,100,98637,100,100549,100,,
2019-06-28 10:11:07.149905439,99817,287,99738,187,99841,187,99578,100,99933,187,99516,187,99993,187,99509,187,100052,187,99492,187,100143,100,99489,187,100165,100,99475,100,100264,100,99295,100,100445,100,98831,100,100549,100,98637,100
2019-06-28 10:11:10.000000000,99817,636,99738,536,99841,100,99578,100,99933,100,99516,100,99993,100,99509,100,100052,100,99492,100,100143,100,99489,100,100165,100,99475,100,100264,100,99295,100,100445,100,98831,100,100549,100,98637,100
2019-06-28 10:11:10.726409351,99817,636,99738,536,99841,100,99641,100,99933,100,99578,100,99993,100,99516,100,100052,100,99509,100,100143,100,99492,100,100165,100,99489,100,100264,100,99475,100,100445,100,99295,100,100549,100,98831,100
2019-06-28 10:11:19.850113089,99817,636,99774,100,99841,100,99738,536,99933,100,99641,100,99993,100,99578,100,100052,100,99516,100,100143,100,99509,100,100165,100,99492,100,100264,100,99475,100,100445,100,99295,100,100549,100,98831,100
2019-06-28 10:11:20.000000000,99817,287,99774,187,99841,187,99738,187,99933,187,99641,187,99993,187,99578,187,100052,187,99516,187,100143,100,99509,100,100165,100,99492,100,100264,100,99475,100,100445,100,99295,100,100549,100,98831,100
2019-06-28 10:11:23.686627118,99817,387,99774,187,99841,187,99738,187,99933,187,99641,187,99993,187,99578,187,100052,187,99516,187,100143,100,99509,100,100165,100,99492,100,100264,100,99475,100,100445,100,99295,100,100549,100,98831,100
2019-06-28 10:11:30.000000000,99817,736,99774,536,99841,100,99738,100,99933,100,99641,100,99993,100,99578,100,100052,100,99516,100,100143,100,99509,100,100165,100,99492,100,100264,100,99475,100,100445,100,99295,100,100549,100,98831,100
2019-06-28 10:11:32.294087531,99817,836,99774,536,99841,100,99738,100,99933,100,99641,100,99993,100,99578,100,100052,100,99516,100,100143,100,99509,100,100165,100,99492,100,100264,100,99475,100,100445,100,99295,100,100549,100,98831,100
2019-06-28 10:11:40.000000000,99817,487,99774,187,99841,187,99738,187,99933,187,99641,187,99993,187,99578,187,100052,187,99516,187,100143,100,99509,100,100165,100,99492,100,100264,100,99475,100,100445,100,99295,100,100549,100,98831,100
2019-06-28 10:11:49.499256093,99817,487,99774,187,99841,187,99738,187,99933,187,99641,187,99993,187,99578,87,100052,187,99516,187,100131,100,99509,100,100143,100,99492,100,100165,100,99475,100,100264,100,99295,100,100445,100,98831,100
2019-06-28 10:11:50.000000000,99817,836,99774,536,99841,100,99738,100,99933,100,99641,100,99993,100,99516,100,100052,100,99509,100,100131,100,99492,100,100143,100,99475,100,100165,100,99295,100,100264,100,98831,100,100445,100,98637,100
2019-06-28 10:12:00.000000000,99817,836,99774,536,99841,100,99738,100,99933,100,99641,100,99993,100,99516,100,100052,100,99509,100,100131,100,99492,100,100143,100,99475,100,100165,100,99295,100,100264,100,98831,100,100445,100,98637,100
2019-06-28 10:12:03.570688498,99817,836,99774,536,99841,100,99738,100,99993,100,99641,100,100052,100,99516,100,100066,100,99509,100,100131,100,99492,100,100143,100,99475,100,100165,100,99295,100,100264,100,98831,100,100445,100,98637,100
2019-06-28 10:12:10.000000000,99817,548,99774,248,99841,244,99738,244,99993,244,99641,244,100052,100,99516,100,100066,100,99509,100,100131,100,99492,100,100143,100,99475,100,100165,100,99295,100,100264,100,98831,100,100445,100,98637,100
2019-06-28 10:12:10.851438338,99817,448,99774,248,99841,244,99738,244,99993,244,99641,244,100052,100,99516,100,100066,100,99509,100,100131,100,99492,100,100143,100,99475,100,100165,100,99295,100,100264,100,98831,100,100445,100,98637,100
