,ask_price_1,ask_size_1,bid_price_1,bid_size_1,ask_price_2,ask_size_2,bid_price_2,bid_size_2,ask_price_3,ask_size_3,bid_price_3,bid_size_3,ask_price_4,ask_size_4,bid_price_4,bid_size_4,ask_price_5,ask_size_5,bid_price_5,bid_size_5,ask_price_6,ask_size_6,bid_price_6,bid_size_6,ask_price_7,ask_size_7,bid_price_7,bid_size_7,ask_price_8,ask_size_8,bid_price_8,bid_size_8,ask_price_9,ask_size_9,bid_price_9,bid_size_9,ask_price_10,ask_size_10,bid_price_10,bid_size_10
2019-06-28 09:30:00.000000000,100088,100,,,,,,,,,,,,,,,,,,,,,,,,,,,,,,,,,,,,,,
2019-06-28 09:30:00.000000001,100088,100,99945,100,,,,,,,,,,,,,,,,,,,,,,,,,,,,,,,,,,,,
2019-06-28 09:30:00.000000004,100088,100,99945,100,,,99928,100,,,,,,,,,,,,,,,,,,,,,,,,,,,,,,,,
2019-06-28 09:30:00.000000005,100088,100,99945,100,100165,100,99928,100,,,,,,,,,,,,,,,,,,,,,,,,,,,,,,,,
2019-06-28 09:30:00.000000006,99999,100,99945,100,100088,100,99928,100,100165,100,,,,,,,,,,,,,,,,,,,,,,,,,,,,,,
2019-06-28 09:30:00.000000007,99999,100,99945,100,100070,100,99928,100,100088,100,,,100165,100,,,,,,,,,,,,,,,,,,,,,,,,,,
2019-06-28 09:30:00.000000008,99999,100,99945,100,100070,100,99928,100,100088,100,99902,100,100165,100,,,,,,,,,,,,,,,,,,,,,,,,,,
2019-06-28 09:30:00.000000009,100070,100,99945,100,100088,100,99928,100,100165,100,99902,100,,,,,,,,,,,,,,,,,,,,,,,,,,,,
2019-06-28 09:30:00.000000010,100018,100,99945,100,100070,100,99935,100,100088,100,99928,100,100165,100,99902,100,,,,,,,,,,,,,,,,,,,,,,,,
2019-06-28 09:30:00.000000014,100018,100,99935,100,100070,100,99928,100,100088,100,99902,100,100165,100,,,,,,,,,,,,,,,,,,,,,,,,,,
2019-06-28 09:30:00.000000015,100018,100,99945,100,100070,100,99935,100,100088,100,99928,100,100165,100,99902,100,,,,,,,,,,,,,,,,,,,,,,,,
2019-06-28 09:30:00.000000016,100018,100,99945,100,100070,100,99935,100,100088,100,99928,100,100157,100,99902,100,100165,100,,,,,,,,,,,,,,,,,,,,,,
2019-06-28 09:30:00.000000017,100018,100,99945,100,100070,100,99935,100,100088,100,99928,100,100102,100,99902,100,100157,100,,,100165,100,,,,,,,,,,,,,,,,,,
2019-06-28 09:30:00.000000018,100018,100,99993,100,100070,100,99945,100,100088,100,99935,100,100102,100,99928,100,100157,100,99902,100,100165,100,,,,,,,,,,,,,,,,,,
2019-06-28 09:30:00.000000019,99999,100,99993,100,100018,100,99945,100,100070,100,99935,100,100088,100,99928,100,100102,100,99902,100,100157,100,,,100165,100,,,,,,,,,,,,,,
2019-06-28 09:30:00.000000020,99999,100,99993,100,100018,100,99967,100,100070,100,99945,100,100088,100,99935,100,100102,100,99928,100,100157,100,99902,100,100165,100,,,,,,,,,,,,,,
2019-06-28 09:30:00.000000024,99999,100,99993,100,100018,100,99967,100,100070,100,99945,100,100088,100,99938,100,100102,100,99935,100,100157,100,99928,100,100165,100,99902,100,,,,,,,,,,,,
2019-06-28 09:30:00.000000025,99999,100,99993,100,100018,100,99967,100,100070,100,99945,100,100088,100,99938,100,100097,100,99935,100,100102,100,99928,100,100157,100,99902,100,100165,100,,,,,,,,,,
2019-06-28 09:30:00.000000026,99999,100,99993,100,100018,100,99967,100,100070,100,99945,100,100088,100,99938,100,100097,100,99935,100,100102,100,99928,100,100121,100,99902,100,100157,100,,,100165,100,,,,,,
2019-06-28 09:30:00.000000028,99999,200,99993,100,100018,100,99967,100,100070,100,99945,100,100088,100,99938,100,100097,100,99935,100,100102,100,99928,100,100121,100,99902,100,100157,100,,,100165,100,,,,,,
2019-06-28 09:30:00.000000031,99999,200,99993,100,100018,100,99967,100,100070,100,99945,200,100088,100,99938,100,100097,100,99935,100,100102,100,99928,100,100121,100,99902,100,100157,100,,,100165,100,,,,,,
2019-06-28 09:30:00.000000032,99999,100,99993,100,100018,100,99967,100,100070,100,99945,200,100088,100,99938,100,100097,100,99935,100,100102,100,99928,100,100121,100,99902,100,100157,100,99874,100,100165,100,,,,,,
2019-06-28 09:30:00.000000035,99999,100,99993,100,100018,100,99967,100,100070,100,99946,100,100088,100,99945,200,100097,100,99938,100,100102,100,99935,100,100121,100,99928,100,100157,100,99902,100,100165,100,99874,100,,,,
2019-06-28 09:30:00.000000037,99999,100,99993,100,100018,100,99967,100,100070,100,99946,200,100088,100,99945,200,100097,100,99938,100,100102,100,99935,100,100121,100,99928,100,100157,100,99902,100,100165,100,99874,100,,,,
2019-06-28 09:30:00.000000038,99999,100,99993,100,100018,100,99967,100,100070,100,99946,200,100088,100,99945,200,100097,100,99941,100,100102,100,99938,100,100121,100,99935,100,100157,100,99928,100,100165,100,99902,100,,,99874,100
2019-06-28 09:30:00.000000039,99999,100,99993,100,100018,100,99967,100,100070,100,99946,200,100088,100,99945,200,100097,100,99941,100,100102,100,99938,100,100121,100,99935,100,100157,100,99928,100,100165,100,99902,100,,,99874,200
2019-06-28 09:30:00.000000040,99999,100,99993,100,100018,100,99967,100,100070,100,99957,100,100088,100,99946,200,100097,100,99945,200,100102,100,99941,100,100121,100,99938,100,100157,100,99935,100,100165,100,99928,100,,,99902,100
2019-06-28 09:30:00.000000041,99999,100,99994,100,100018,100,99993,100,100070,100,99967,100,100088,100,99957,100,100097,100,99946,200,100102,100,99945,200,100121,100,99941,100,100157,100,99938,100,100165,100,99935,100,,,99928,100
2019-06-28 09:30:00.000000042,99999,100,99994,100,100018,100,99993,100,100070,100,99967,100,100088,100,99957,100,100097,100,99946,200,100102,100,99945,200,100121,100,99941,100,100157,100,99938,100,100165,100,99935,100,,,99928,100
2019-06-28 09:30:00.000000045,100001,100,99994,100,100018,100,99993,100,100030,100,99967,100,100070,100,99957,100,100088,100,99946,200,100097,100,99945,200,100102,100,99941,100,100121,100,99938,100,100157,200,99935,100,100165,100,99928,100
2019-06-28 09:30:00.000000046,100001,100,99994,100,100018,100,99993,100,100030,100,99967,100,100070,100,99957,100,100088,100,99946,200,100097,100,99945,200,100102,100,99941,100,100121,100,99938,100,100122,100,99935,100,100157,200,99928,100
2019-06-28 09:30:00.000000047,100001,100,99994,100,100018,100,99993,100,100030,100,99967,100,100070,100,99957,100,100085,100,99946,200,100088,100,99945,200,100097,100,99941,100,100102,100,99938,100,100121,100,99935,100,100122,100,99928,100
2019-06-28 09:30:00.000000048,100001,100,99994,100,100018,100,99993,100,100030,100,99967,100,100070,100,99957,100,100085,100,99946,200,100088,100,99945,200,100097,100,99941,100,100102,100,99938,100,100121,100,99935,100,100122,100,99928,100
2019-06-28 09:30:00.000000051,100001,100,99994,100,100018,100,99993,100,100030,100,99967,100,100065,100,99957,100,100070,100,99946,200,100085,100,99945,200,100088,100,99941,100,100097,100,99938,100,100102,100,99935,100,100121,100,99928,100
2019-06-28 09:30:00.000000053,99999,100,99994,100,100001,100,99993,100,100018,100,99967,100,100030,100,99957,100,100065,100,99946,200,100070,100,99945,200,100085,100,99941,100,100088,100,99938,100,100097,100,99935,100,100102,100,99928,100
2019-06-28 09:30:00.000000057,99999,100,99994,100,100001,100,99993,100,100018,100,99967,100,100030,100,99957,100,100032,100,99946,200,100065,100,99945,200,100070,100,99941,100,100085,100,99938,100,100088,100,99935,100,100097,100,99928,100
2019-06-28 09:30:00.000000063,99999,100,99993,100,100001,100,99967,100,100018,100,99957,100,100030,100,99946,200,100032,100,99945,200,100065,100,99941,100,100070,100,99938,100,100085,100,99935,100,100088,100,99928,100,100097,100,99902,100
2019-06-28 09:30:00.000000070,99999,100,99993,100,100001,100,99967,100,100018,100,99957,100,100030,100,99946,200,100032,100,99945,200,100065,100,99941,100,100070,100,99938,100,100085,100,99935,100,100088,100,99928,100,100092,100,99902,100
2019-06-28 09:30:00.000000071,99999,100,99993,100,100001,100,99967,100,100018,100,99957,100,100030,100,99946,200,100032,100,99945,200,100065,100,99941,100,100070,100,99938,100,100079,100,99935,100,100085,100,99928,100,100088,100,99902,100
2019-06-28 09:30:00.000000073,99998,100,99993,100,99999,100,99967,100,100001,100,99957,100,100018,100,99946,200,100030,100,99945,200,100032,100,99941,100,100065,100,99938,100,100070,100,99935,100,100079,100,99928,100,100085,100,99902,100
2019-06-28 09:30:00.000000075,99999,100,99993,100,100001,100,99967,100,100018,100,99957,100,100030,100,99955,100,100032,100,99946,200,100065,100,99945,200,100070,100,99941,100,100079,100,99938,100,100085,100,99935,100,100088,100,99928,100
2019-06-28 09:30:00.000000076,99999,100,99967,100,100001,100,99957,100,100018,100,99955,100,100030,100,99946,200,100032,100,99945,200,100065,100,99941,100,100070,100,99938,100,100079,100,99935,100,100085,100,99928,100,100088,100,99902,100
2019-06-28 09:30:00.000000077,99999,100,99967,100,100001,100,99957,100,100018,100,99955,100,100030,100,99946,200,100032,100,99945,200,100065,100,99941,100,100070,100,99938,100,100079,100,99935,100,100085,100,99928,100,100088,100,99902,100
2019-06-28 09:30:00.000000078,99999,100,99967,100,100001,100,99957,100,100018,100,99955,100,100030,100,99946,200,100032,100,99945,200,100060,100,99941,100,100065,100,99938,100,100070,100,99935,100,100079,100,99928,100,100085,100,99902,100
2019-06-28 09:30:00.000000079,99999,100,99967,100,100001,100,99957,100,100018,100,99955,100,100030,100,99946,200,100032,100,99945,300,100060,100,99941,100,100065,100,99938,100,100070,100,99935,100,100079,100,99928,100,100085,100,99902,100
2019-06-28 09:30:00.000000084,99999,100,99993,100,100001,100,99967,100,100018,100,99957,100,100030,100,99955,100,100032,100,99946,200,100060,100,99945,300,100065,100,99941,100,100070,100,99938,100,100079,100,99935,100,100085,100,99928,100
2019-06-28 09:30:00.000000086,99999,100,99993,100,100001,100,99967,100,100018,100,99957,100,100030,100,99955,100,100032,100,99946,200,100060,100,99945,300,100065,100,99941,100,100070,100,99938,100,100075,100,99935,100,100079,100,99928,100
2019-06-28 09:30:00.000000088,99999,100,99993,100,100001,100,99967,100,100018,100,99957,100,100030,100,99955,100,100032,100,99946,200,100060,100,99945,300,100065,100,99941,100,100070,100,99938,100,100075,100,99935,100,100079,100,99928,100
2019-06-28 09:30:00.000000089,99999,100,99993,200,100001,100,99967,100,100018,100,99957,100,100030,100,99955,100,100032,100,99946,200,100060,100,99945,300,100065,100,99941,100,100070,100,99938,100,100075,100,99935,100,100079,100,99928,100
2019-06-28 09:30:00.000000090,99999,100,99993,200,100001,100,99967,100,100018,100,99957,100,100030,100,99955,100,100032,100,99946,200,100060,100,99945,300,100065,100,99941,100,100070,100,99938,100,100075,200,99935,100,100079,100,99928,100
2019-06-28 09:30:00.000000091,99999,100,99993,200,100001,100,99973,100,100018,100,99967,100,100030,100,99957,100,100032,100,99955,100,100060,100,99946,200,100065,100,99945,300,100070,100,99941,100,100075,200,99938,100,100079,100,99935,100
2019-06-28 09:30:00.000000094,99999,100,99993,300,100001,100,99973,100,100018,100,99967,100,100030,100,99957,100,100032,100,99955,100,100060,100,99946,200,100062,100,99945,300,100065,100,99941,100,100070,100,99938,100,100075,200,99935,100
2019-06-28 09:30:00.000000095,100001,100,99993,300,100018,100,99973,100,100030,100,99967,100,100032,100,99957,100,100060,100,99955,100,100062,100,99946,200,100065,100,99945,300,100070,100,99941,100,100075,200,99938,100,100079,100,99935,100
2019-06-28 09:30:00.000000096,100001,100,99993,300,100018,100,99973,100,100030,100,99967,100,100032,100,99957,100,100053,100,99955,100,100060,100,99946,200,100062,100,99945,300,100065,100,99941,100,100070,100,99938,100,100075,200,99935,100
2019-06-28 09:30:00.000000098,100001,100,99993,300,100018,100,99973,100,100030,100,99967,100,100032,100,99957,100,100053,100,99955,100,100060,100,99946,200,100062,100,99945,300,100065,100,99941,100,100070,100,99939,100,100075,200,99938,100
2019-06-28 09:30:10.000000000,100001,177,99993,377,100018,177,99973,177,100030,177,99967,177,100032,177,99957,177,100053,177,99955,177,100060,100,99946,200,100062,100,99945,300,100065,100,99941,100,100070,100,99939,100,100075,200,99938,100
2019-06-28 09:30:11.336586236,100001,177,99993,377,100018,177,99973,177,100030,177,99967,177,100032,177,99957,177,100053,177,99955,177,100060,100,99946,200,100062,100,99945,300,100065,100,99941,100,100070,100,99939,100,100075,200,99938,100
2019-06-28 09:30:16.897246408,100001,177,99993,277,100018,177,99973,177,100030,177,99967,177,100032,177,99957,177,100053,177,99955,177,100060,100,99946,200,100062,100,99945,300,100065,100,99941,100,100070,100,99939,100,100075,200,99938,100
2019-06-28 09:30:20.000000000,100001,177,99993,277,100018,177,99973,177,100030,177,99967,177,100032,177,99957,177,100053,177,99955,177,100060,100,99946,200,100062,100,99945,300,100065,100,99941,100,100070,100,99939,100,100075,200,99938,100
2019-06-28 09:30:30.000000000,100001,484,99993,584,100018,100,99973,100,100030,100,99967,100,100032,100,99957,100,100053,100,99955,100,100060,100,99946,200,100062,100,99945,300,100065,100,99941,100,100070,100,99939,100,100075,200,99938,100
2019-06-28 09:30:34.440579331,100001,484,99993,584,100018,100,99967,100,100030,100,99957,100,100032,100,99955,100,100053,100,99946,200,100060,100,99945,300,100062,100,99941,100,100065,100,99939,100,100070,100,99938,100,100075,200,99935,100
2019-06-28 09:30:40.000000000,100001,292,99993,392,100018,292,99967,292,100030,100,99957,100,100032,100,99955,100,100053,100,99946,200,100060,100,99945,300,100062,100,99941,100,100065,100,99939,100,100070,100,99938,100,100075,200,99935,100
2019-06-28 09:30:49.054184869,100001,292,99993,392,100018,292,99967,292,100030,100,99957,100,100032,100,99955,100,100053,100,99946,200,100060,100,99945,200,100062,100,99941,100,100065,100,99939,100,100070,100,99938,100,100075,200,99935,100
2019-06-28 09:30:50.000000000,100001,177,99993,277,100018,177,99967,177,100030,177,99957,177,100032,177,99955,177,100053,177,99946,277,100060,100,99945,200,100062,100,99941,100,100065,100,99939,100,100070,100,99938,100,100075,200,99935,100
2019-06-28 09:31:00.000000000,100001,231,99993,331,100018,227,99967,227,100030,227,99957,227,100032,100,99955,100,100053,100,99946,200,100060,100,99945,200,100062,100,99941,100,100065,100,99939,100,100070,100,99938,100,100075,200,99935,100
2019-06-28 09:31:10.000000000,100001,177,99993,277,100018,177,99967,177,100030,177,99957,177,100032,177,99955,177,100053,177,99946,277,100060,100,99945,200,100062,100,99941,100,100065,100,99939,100,100070,100,99938,100,100075,200,99935,100
2019-06-28 09:31:10.063385366,100001,177,99993,177,100018,177,99967,177,100030,177,99957,177,100032,177,99955,177,100053,177,99946,277,100060,100,99945,200,100062,100,99941,100,100065,100,99939,100,100075,200,99938,100,100085,100,99935,100
2019-06-28 09:31:20.000000000,100001,484,99993,484,100018,100,99967,100,100030,100,99957,100,100032,100,99955,100,100053,100,99946,200,100060,100,99945,200,100062,100,99941,100,100065,100,99939,100,100075,200,99938,100,100085,100,99935,100
2019-06-28 09:31:29.339917831,100001,484,99993,384,100018,100,99967,100,100030,100,99957,100,100032,100,99955,100,100053,100,99946,200,100060,100,99945,200,100065,100,99941,100,100075,200,99939,100,100085,100,99938,100,100088,100,99935,100
2019-06-28 09:31:30.000000000,100001,177,99967,177,100018,177,99957,177,100030,177,99955,177,100032,177,99946,277,100053,177,99945,277,100060,100,99941,100,100065,100,99939,100,100075,200,99938,100,100085,100,99935,100,100088,100,99928,100
2019-06-28 09:31:35.476347432,100001,177,99967,77,100018,177,99957,177,100030,177,99955,177,100032,177,99946,277,100053,177,99945,277,100060,100,99941,100,100065,100,99939,100,100075,200,99938,100,100085,100,99935,100,100088,100,99902,100
2019-06-28 09:31:37.930700981,99967,23,99957,177,100001,177,99955,177,100018,177,99946,277,100030,177,99945,277,100032,177,99941,100,100053,177,99939,100,100060,100,99938,100,100065,100,99935,100,100075,200,99902,100,100085,100,99874,200
2019-06-28 09:31:40.000000000,99967,100,99957,177,100001,177,99955,177,100018,177,99946,277,100030,177,99945,277,100032,177,99941,177,100053,100,99939,100,100060,100,99938,100,100065,100,99935,100,100075,200,99902,100,100085,100,99874,200
2019-06-28 09:31:44.787962979,99967,100,99957,177,100001,177,99955,177,100018,177,99946,277,100030,177,99945,277,100032,177,99941,177,100053,100,99939,100,100060,100,99938,100,100065,100,99935,100,100075,200,99902,100,100085,100,99874,200
2019-06-28 09:31:50.000000000,99967,100,99957,177,100001,177,99955,177,100018,177,99946,277,100030,177,99945,277,100032,177,99941,177,100053,100,99939,100,100060,100,99938,100,100065,100,99935,100,100075,200,99902,100,100085,100,99874,200
2019-06-28 09:32:00.000000000,99967,215,99957,292,100001,292,99955,292,100018,100,99946,200,100030,100,99945,200,100032,100,99941,100,100053,100,99939,100,100060,100,99938,100,100065,100,99935,100,100075,200,99902,100,100085,100,99874,200
2019-06-28 09:32:00.753420850,99967,215,99957,292,100001,292,99955,292,100018,100,99946,200,100030,100,99945,200,100032,100,99941,100,100053,100,99939,100,100060,100,99938,100,100065,100,99935,100,100075,200,99902,100,100085,100,99874,200
2019-06-28 09:32:09.373661994,99967,215,99957,192,100001,292,99955,292,100018,100,99946,200,100030,100,99945,200,100032,100,99941,100,100053,100,99939,100,100060,100,99938,100,100065,100,99935,100,100075,200,99902,100,100085,100,99874,200
2019-06-28 09:32:10.000000000,99967,215,99955,292,100001,292,99946,392,100018,100,99945,200,100030,100,99941,100,100032,100,99939,100,100053,100,99938,100,100060,100,99935,100,100065,100,99902,100,100075,200,99874,200,100085,100,99873,100
2019-06-28 09:32:20.000000000,99967,407,99955,484,100001,100,99946,200,100018,100,99945,200,100030,100,99941,100,100032,100,99939,100,100053,100,99938,100,100060,100,99935,100,100065,100,99902,100,100075,200,99874,200,100085,100,99873,100
2019-06-28 09:32:20.684984195,99967,407,99955,484,100001,100,99946,200,100018,100,99945,200,100030,100,99941,100,100032,100,99939,100,100053,100,99938,100,100060,100,99935,100,100065,100,99902,100,100075,200,99874,200,100085,100,99873,100
2019-06-28 09:32:30.000000000,99967,119,99955,196,100001,196,99946,296,100018,196,99945,296,100030,196,99941,196,100032,100,99939,100,100053,100,99938,100,100060,100,99935,100,100065,100,99902,100,100075,200,99874,200,100085,100,99873,100
2019-06-28 09:32:31.116609259,99967,19,99955,196,100001,196,99946,296,100018,196,99945,296,100030,196,99941,196,100032,100,99939,100,100053,100,99938,100,100060,100,99935,100,100065,100,99902,100,100075,200,99874,200,100085,100,99873,100
2019-06-28 09:32:40.000000000,100001,292,99955,292,100018,292,99946,392,100030,100,99945,200,100032,100,99941,100,100053,100,99939,100,100060,100,99938,100,100065,100,99935,100,100075,200,99902,100,100085,100,99874,200,100088,100,99873,100
2019-06-28 09:32:50.000000000,100001,484,99955,484,100018,100,99946,200,100030,100,99945,200,100032,100,99941,100,100053,100,99939,100,100060,100,99938,100,100065,100,99935,100,100075,200,99902,100,100085,100,99874,200,100088,100,99873,100
2019-06-28 09:32:53.146228027,100001,484,99955,484,100018,100,99946,200,100030,100,99945,200,100032,100,99941,100,100053,100,99939,100,100060,100,99938,100,100065,100,99935,100,100075,200,99874,200,100085,100,99873,100,100088,100,99872,100
2019-06-28 09:33:00.000000000,100001,196,99955,196,100018,196,99946,296,100030,196,99945,296,100032,196,99941,196,100053,100,99939,100,100060,100,99938,100,100065,100,99935,100,100075,200,99874,200,100085,100,99873,100,100088,100,99872,100
2019-06-28 09:33:02.962496185,100001,196,99955,96,100018,196,99946,296,100030,196,99945,296,100032,196,99941,196,100053,100,99939,100,100060,100,99938,100,100065,100,99935,100,100075,200,99874,200,100085,100,99873,100,100088,100,99872,100
2019-06-28 09:33:03.841904656,100001,196,99955,96,100018,196,99946,296,100030,196,99945,296,100032,196,99941,196,100053,100,99939,100,100060,100,99935,100,100065,100,99874,200,100075,200,99873,100,100085,100,99872,100,100088,100,99845,100
2019-06-28 09:33:10.000000000,100001,231,99946,331,100018,227,99945,327,100030,227,99941,227,100032,100,99939,100,100053,100,99935,100,100060,100,99874,200,100065,100,99873,100,100075,200,99872,100,100085,100,99845,100,100088,100,99839,100
2019-06-28 09:33:12.916635482,99966,100,99946,331,100001,231,99945,327,100018,227,99941,227,100030,227,99939,100,100032,100,99935,100,100053,100,99874,200,100060,100,99873,100,100065,100,99872,100,100075,200,99845,100,100085,100,99839,100
2019-06-28 09:33:15.672464489,99966,100,99946,331,100001,231,99945,327,100018,227,99941,227,100030,227,99935,100,100032,100,99874,200,100053,100,99873,100,100060,100,99872,100,100065,100,99865,100,100075,200,99845,100,100085,100,99839,100
2019-06-28 09:33:20.000000000,99966,177,99946,277,100001,177,99945,277,100018,177,99941,177,100030,177,99935,177,100032,177,99874,277,100053,100,99873,100,100060,100,99872,100,100065,100,99865,100,100075,200,99845,100,100085,100,99839,100
2019-06-28 09:33:26.297514012,99966,177,99946,277,100001,177,99945,277,100008,100,99941,177,100018,177,99935,177,100030,177,99874,277,100032,177,99873,100,100053,100,99872,100,100060,100,99865,100,100065,100,99845,100,100075,200,99839,100
2019-06-28 09:33:30.000000000,99966,196,99946,296,100001,196,99945,296,100008,196,99941,196,100018,196,99935,196,100030,100,99874,200,100032,100,99873,100,100053,100,99872,100,100060,100,99865,100,100065,100,99845,100,100075,200,99839,100
2019-06-28 09:33:39.354484216,99966,296,99946,196,100001,196,99945,296,100008,196,99941,196,100018,196,99935,196,100030,100,99874,200,100032,100,99873,100,100053,100,99872,100,100060,100,99865,100,100065,100,99845,100,100075,200,99839,100
2019-06-28 09:33:40.000000000,99966,392,99946,292,100001,292,99945,392,100008,100,99941,100,100018,100,99935,100,100030,100,99874,200,100032,100,99873,100,100053,100,99872,100,100060,100,99865,100,100065,100,99845,100,100075,200,99839,100
2019-06-28 09:33:50.000000000,99966,331,99946,231,100001,227,99945,327,100008,227,99941,227,100018,100,99935,100,100030,100,99874,200,100032,100,99873,100,100053,100,99872,100,100060,100,99865,100,100065,100,99845,100,100075,200,99839,100
2019-06-28 09:34:00.000000000,99966,277,99946,177,100001,177,99945,277,100008,177,99941,177,100018,177,99935,177,100030,177,99874,277,100032,100,99873,100,100053,100,99872,100,100060,100,99865,100,100065,100,99845,100,100075,200,99839,100
2019-06-28 09:34:06.180407121,99966,277,99946,77,100001,177,99945,277,100008,177,99941,177,100018,177,99935,177,100030,177,99874,277,100032,100,99873,100,100053,100,99872,100,100060,100,99865,100,100065,100,99845,100,100075,200,99839,100
2019-06-28 09:34:10.000000000,99966,296,99945,296,100001,196,99941,196,100008,196,99935,196,100018,196,99874,296,100030,100,99873,100,100032,100,99872,100,100053,100,99865,100,100060,100,99845,100,100065,100,99839,100,100075,200,99828,100
2019-06-28 09:34:20.000000000,99966,296,99945,296,100001,196,99941,196,100008,196,99935,196,100018,196,99874,296,100030,100,99873,100,100032,100,99872,100,100053,100,99865,100,100060,100,99845,100,100065,100,99839,100,100075,200,99828,100
2019-06-28 09:34:24.537980453,99966,296,99945,196,100001,196,99941,196,100008,196,99935,196,100018,196,99874,296,100030,100,99873,100,100032,100,99872,100,100053,100,99865,100,100060,100,99845,100,100065,100,99839,100,100075,200,99828,100
2019-06-28 09:34:30.000000000,99966,296,99945,196,100001,196,99941,196,100008,196,99935,196,100018,196,99874,296,100030,100,99873,100,100032,100,99872,100,100053,100,99865,100,100060,100,99845,100,100065,100,99839,100,100075,200,99828,100
2019-06-28 09:34:37.794437837,99966,296,99945,196,100001,196,99941,196,100008,196,99935,196,100018,196,99874,296,100030,100,99873,100,100032,100,99872,100,100053,100,99865,100,100060,100,99845,100,100065,100,99839,100,100075,200,99828,100
2019-06-28 09:34:40.000000000,99966,392,99945,292,100001,292,99941,292,100008,100,99935,100,100018,100,99874,200,100030,100,99873,100,100032,100,99872,100,100053,100,99865,100,100060,100,99845,100,100065,100,99839,100,100075,200,99828,100
2019-06-28 09:34:45.184918041,99966,392,99945,192,100001,292,99941,292,100008,100,99935,100,100018,100,99874,200,100030,100,99873,100,100032,100,99872,100,100053,100,99865,100,100060,100,99845,100,100065,100,99839,100,100075,200,99828,100
2019-06-28 09:34:50.000000000,99966,392,99941,292,100001,292,99935,292,100008,100,99874,200,100018,100,99873,100,100030,100,99872,100,100032,100,99865,100,100053,100,99845,100,100060,100,99839,100,100065,100,99828,100,100075,200,99784,100
2019-06-28 09:35:00.000000000,99966,331,99941,231,100001,227,99935,227,100008,227,99874,327,100018,100,99873,100,100030,100,99872,100,100032,100,99865,100,100053,100,99845,100,100060,100,99839,100,100065,100,99828,100,100075,200,99784,100
2019-06-28 09:35:07.256366069,99966,331,99941,231,100001,227,99935,227,100008,227,99874,327,100018,100,99873,100,100030,100,99872,100,100032,100,99865,100,100053,100,99845,100,100060,100,99839,100,100065,100,99828,100,100075,200,99784,100
2019-06-28 09:35:07.908525577,99945,100,99941,231,99966,331,99935,227,100001,227,99874,327,100008,227,99873,100,100018,100,99872,100,100030,100,99865,100,100032,100,99845,100,100053,100,99839,100,100060,100,99828,100,100065,100,99784,100
2019-06-28 09:35:10.000000000,99945,177,99941,177,99966,277,99935,177,100001,177,99874,277,100008,177,99873,177,100018,177,99872,177,100030,100,99865,100,100032,100,99845,100,100053,100,99839,100,100060,100,99828,100,100065,100,99784,100
2019-06-28 09:35:15.055811835,99945,177,99941,177,99966,277,99935,177,100001,177,99874,277,100008,177,99873,177,100018,177,99872,177,100030,100,99865,100,100032,100,99845,100,100053,100,99839,100,100060,100,99828,100,100065,100,99784,100
2019-06-28 09:35:20.000000000,99945,292,99941,292,99966,392,99935,292,100001,100,99874,200,100008,100,99873,100,100018,100,99872,100,100030,100,99865,100,100032,100,99845,100,100053,100,99839,100,100060,100,99828,100,100065,100,99784,100
2019-06-28 09:35:26.019785267,99945,292,99941,192,99966,392,99935,292,100001,100,99874,200,100008,100,99873,100,100018,100,99872,100,100030,100,99865,100,100032,100,99845,100,100053,100,99839,100,100060,100,99828,100,100065,100,99784,100
2019-06-28 09:35:30.000000000,99945,292,99935,292,99966,392,99874,392,100001,100,99873,100,100008,100,99872,100,100018,100,99865,100,100030,100,99845,100,100032,100,99839,100,100053,100,99828,100,100060,100,99784,100,100065,100,99615,100
2019-06-28 09:35:36.395286550,99945,292,99935,292,99966,392,99874,392,100001,100,99873,100,100008,100,99872,100,100018,100,99865,100,100030,100,99845,100,100032,100,99839,100,100053,100,99828,100,100060,100,99784,100,100065,100,99615,100
2019-06-28 09:35:40.000000000,99945,177,99935,177,99966,277,99874,277,100001,177,99873,177,100008,177,99872,177,100018,177,99865,177,100030,100,99845,100,100032,100,99839,100,100053,100,99828,100,100060,100,99784,100,100065,100,99615,100
2019-06-28 09:35:50.000000000,99945,292,99935,292,99966,392,99874,392,100001,100,99873,100,100008,100,99872,100,100018,100,99865,100,100030,100,99845,100,100032,100,99839,100,100053,100,99828,100,100060,100,99784,100,100065,100,99615,100
2019-06-28 09:35:56.967546763,99945,292,99935,192,99966,392,99874,392,100001,100,99873,100,100008,100,99872,100,100018,100,99865,100,100030,100,99845,100,100032,100,99839,100,100053,100,99828,100,100060,100,99784,100,100065,100,99615,100
2019-06-28 09:36:00.000000000,99945,484,99874,584,99966,200,99873,100,100001,100,99872,100,100008,100,99865,100,100018,100,99845,100,100030,100,99839,100,100032,100,99828,100,100053,100,99784,100,100060,100,99615,100,100065,100,99558,100
2019-06-28 09:36:01.476387850,99945,484,99874,484,99966,200,99873,100,100001,100,99872,100,100008,100,99865,100,100018,100,99845,100,100030,100,99839,100,100032,100,99828,100,100053,100,99784,100,100060,100,99615,100,100065,100,99558,100
2019-06-28 09:36:10.000000000,99945,196,99874,196,99966,296,99873,196,100001,196,99872,196,100008,196,99865,196,100018,100,99845,100,100030,100,99839,100,100032,100,99828,100,100053,100,99784,100,100060,100,99615,100,100065,100,99558,100
2019-06-28 09:36:18.153615983,99945,196,99874,96,99966,296,99873,196,100001,196,99872,196,100008,196,99865,196,100018,100,99845,100,100030,100,99839,100,100032,100,99828,100,100053,100,99784,100,100060,100,99615,100,100065,100,99558,100
2019-06-28 09:36:19.014343779,99874,4,99873,196,99945,196,99872,196,99966,296,99865,196,100001,196,99845,100,100008,196,99839,100,100018,100,99828,100,100030,100,99784,100,100032,100,99558,100,100053,100,99557,100,100060,100,99510,100
2019-06-28 09:36:20.000000000,99874,81,99873,177,99945,177,99872,177,99966,277,99865,177,100001,177,99845,177,100008,177,99839,177,100018,100,99828,100,100030,100,99784,100,100032,100,99558,100,100053,100,99557,100,100060,100,99510,100
2019-06-28 09:36:22.483309106,99874,81,99873,177,99945,177,99872,177,99966,277,99865,177,100001,177,99845,177,100008,177,99839,177,100018,100,99784,100,100030,100,99558,100,100032,100,99557,100,100053,100,99510,100,100060,100,99328,100
2019-06-28 09:36:30.000000000,99874,388,99873,484,99945,100,99872,100,99966,200,99865,100,100001,100,99845,100,100008,100,99839,100,100018,100,99784,100,100030,100,99558,100,100032,100,99557,100,100053,100,99510,100,100060,100,99328,100
2019-06-28 09:36:35.411178647,99874,388,99873,384,99945,100,99872,100,99966,200,99845,100,100001,100,99839,100,100008,100,99784,100,100018,100,99558,100,100030,100,99557,100,100032,100,99510,100,100053,100,99328,100,100060,100,99158,100
2019-06-28 09:36:40.000000000,99874,100,99872,196,99945,196,99845,196,99966,296,99839,196,100001,196,99784,196,100008,100,99558,100,100018,100,99557,100,100030,100,99510,100,100032,100,99328,100,100053,100,99158,100,100060,100,,
2019-06-28 09:36:50.000000000,99874,388,99872,484,99945,100,99845,100,99966,200,99839,100,100001,100,99784,100,100008,100,99558,100,100018,100,99557,100,100030,100,99510,100,100032,100,99328,100,100053,100,99158,100,100060,100,,
2019-06-28 09:37:00.000000000,99874,100,99872,196,99945,196,99845,196,99966,296,99839,196,100001,196,99784,196,100008,100,99558,100,100018,100,99557,100,100030,100,99510,100,100032,100,99328,100,100053,100,99158,100,100060,100,,
2019-06-28 09:37:00.968408529,99873,100,99872,196,99874,100,99845,196,99945,196,99839,196,99966,296,99784,196,100001,196,99558,100,100008,100,99557,100,100018,100,99510,100,100030,100,99328,100,100032,100,99158,100,100053,100,,
2019-06-28 09:37:04.407009364,99873,100,99872,96,99874,100,99845,196,99945,196,99839,196,99966,296,99784,196,100001,196,99558,100,100008,100,99557,100,100018,100,99510,100,100030,100,99328,100,100053,100,99158,100,100060,100,,
2019-06-28 09:37:10.000000000,99873,177,99845,177,99874,81,99839,177,99945,177,99784,177,99966,277,99558,177,100001,177,99557,177,100008,100,99510,100,100018,100,99328,100,100030,100,99158,100,100053,100,,,100060,100,,
2019-06-28 09:37:20.000000000,99873,196,99845,196,99874,100,99839,196,99945,196,99784,196,99966,296,99558,196,100001,100,99557,100,100008,100,99510,100,100018,100,99328,100,100030,100,99158,100,100053,100,,,100060,100,,
2019-06-28 09:37:30.000000000,99873,484,99845,484,99874,4,99839,100,99945,100,99784,100,99966,200,99558,100,100001,100,99557,100,100008,100,99510,100,100018,100,99328,100,100030,100,99158,100,100053,100,,,100060,100,,
2019-06-28 09:37:35.774877873,99872,100,99845,484,99873,484,99839,100,99874,4,99784,100,99945,100,99558,100,99966,100,99557,100,100001,100,99510,100,100008,100,99328,100,100018,100,99158,100,100030,100,,,100053,100,,
2019-06-28 09:37:40.000000000,99872,231,99845,231,99873,227,99839,227,99874,131,99784,227,99945,100,99558,100,99966,100,99557,100,100001,100,99510,100,100008,100,99328,100,100018,100,99158,100,100030,100,,,100053,100,,
2019-06-28 09:37:43.460965954,99872,231,99845,131,99873,227,99839,227,99874,131,99784,227,99945,100,99558,100,99966,100,99557,100,100001,100,99510,100,100008,100,99328,100,100018,100,99158,100,100030,100,,,100053,100,,
2019-06-28 09:37:50.000000000,99872,177,99839,177,99873,177,99784,177,99874,81,99558,177,99945,177,99557,177,99966,177,99510,177,100001,100,99328,100,100008,100,99158,100,100018,100,,,100030,100,,,100053,100,,
2019-06-28 09:37:58.985474060,99872,177,99839,77,99873,177,99784,177,99874,81,99558,177,99945,177,99557,177,99966,177,99510,177,100001,100,99328,100,100008,100,99158,100,100018,100,,,100030,100,,,100053,100,,
2019-06-28 09:37:59.671493571,99845,100,99839,77,99872,177,99784,177,99873,77,99558,177,99874,81,99557,177,99945,177,99510,177,99966,177,99328,100,100001,100,99158,100,100008,100,,,100018,100,,,100030,100,,
2019-06-28 09:38:00.000000000,99845,196,99784,196,99872,196,99558,196,99874,100,99557,196,99945,196,99510,196,99966,100,99328,100,100001,100,99158,100,100008,100,,,100018,100,,,100030,100,,,100053,100,,
2019-06-28 09:38:06.923659625,99809,100,99784,196,99845,196,99558,196,99872,196,99557,196,99874,100,99510,196,99945,196,99328,100,99966,100,99158,100,100001,100,,,100008,100,,,100018,100,,,100030,100,,
2019-06-28 09:38:10.000000000,99809,177,99784,177,99845,177,99558,177,99872,177,99557,177,99874,81,99510,177,99945,177,99328,177,99966,100,99158,100,100001,100,,,100008,100,,,100018,100,,,100030,100,,
2019-06-28 09:38:20.000000000,99809,484,99784,484,99845,100,99558,100,99872,100,99557,100,99874,4,99510,100,99945,100,99328,100,99966,100,99158,100,100001,100,,,100008,100,,,100018,100,,,100030,100,,
2019-06-28 09:38:30.000000000,99809,177,99784,177,99845,177,99558,177,99872,177,99557,177,99874,81,99510,177,99945,177,99328,177,99966,100,99158,100,100001,100,,,100008,100,,,100018,100,,,100030,100,,
2019-06-28 09:38:31.416166354,99809,77,99784,177,99845,177,99558,177,99872,177,99557,177,99874,81,99510,177,99945,177,99328,177,99966,100,99158,100,100001,100,,,100008,100,,,100018,100,,,100030,100,,
2019-06-28 09:38:34.236663450,99808,100,99784,177,99809,77,99558,177,99845,177,99557,177,99872,177,99510,177,99874,81,99328,177,99945,177,99158,100,100001,100,,,100008,100,,,100018,100,,,100030,100,,
2019-06-28 09:38:40.000000000,99808,292,99784,292,99845,292,99558,292,99872,100,99557,100,99874,4,99510,100,99945,100,99328,100,100001,100,99158,100,100008,100,,,100018,100,,,100030,100,,,100053,100,,
2019-06-28 09:38:50.000000000,99808,292,99784,292,99845,292,99558,292,99872,100,99557,100,99874,4,99510,100,99945,100,99328,100,100001,100,99158,100,100008,100,,,100018,100,,,100030,100,,,100053,100,,
2019-06-28 09:39:00.000000000,99808,196,99784,196,99845,196,99558,196,99872,196,99557,196,99874,100,99510,196,99945,100,99328,100,100001,100,99158,100,100008,100,,,100018,100,,,100030,100,,,100053,100,,
2019-06-28 09:39:10.000000000,99808,196,99784,196,99845,196,99558,196,99872,196,99557,196,99874,100,99510,196,99945,100,99328,100,100001,100,99158,100,100008,100,,,100018,100,,,100030,100,,,100053,100,,
2019-06-28 09:39:14.031301793,99808,196,99784,196,99845,196,99558,196,99872,196,99557,196,99874,100,99510,196,99945,100,99328,100,100001,100,99158,100,100008,100,,,100018,100,,,100030,100,,,100053,100,,
2019-06-28 09:39:20.000000000,99808,231,99784,231,99845,227,99558,227,99872,227,99557,227,99874,4,99510,100,99945,100,99328,100,100001,100,99158,100,100008,100,,,100018,100,,,100030,100,,,100053,100,,
2019-06-28 09:39:30.000000000,99808,196,99784,196,99845,196,99558,196,99872,196,99557,196,99874,100,99510,196,99945,100,99328,100,100001,100,99158,100,100008,100,,,100018,100,,,100030,100,,,100053,100,,
2019-06-28 09:39:37.653105415,99808,196,99784,96,99845,196,99558,196,99872,196,99557,196,99874,100,99510,196,99945,100,99328,100,100001,100,99158,100,100008,100,,,100018,100,,,100030,100,,,100053,100,,
2019-06-28 09:39:40.000000000,99808,484,99558,484,99845,100,99557,100,99872,100,99510,100,99874,4,99328,100,99945,100,99158,100,100001,100,,,100008,100,,,100018,100,,,100030,100,,,100053,100,,
2019-06-28 09:39:50.000000000,99808,484,99558,484,99845,100,99557,100,99872,100,99510,100,99874,4,99328,100,99945,100,99158,100,100001,100,,,100008,100,,,100018,100,,,100030,100,,,100053,100,,
2019-06-28 09:40:00.000000000,99808,196,99558,196,99845,196,99557,196,99872,196,99510,196,99874,100,99328,196,99945,100,99158,100,100001,100,,,100008,100,,,100018,100,,,100030,100,,,100053,100,,
2019-06-28 09:40:10.000000000,99808,196,99558,196,99845,196,99557,196,99872,196,99510,196,99874,100,99328,196,99945,100,99158,100,100001,100,,,100008,100,,,100018,100,,,100030,100,,,100053,100,,
2019-06-28 09:40:20.000000000,99808,231,99558,231,99845,227,99557,227,99872,227,99510,227,99874,4,99328,100,99945,100,99158,100,100001,100,,,100008,100,,,100018,100,,,100030,100,,,100053,100,,
2019-06-28 09:40:27.159894491,99807,100,99558,231,99808,231,99557,227,99845,227,99510,227,99872,227,99328,100,99874,4,99158,100,99945,100,,,100001,100,,,100008,100,,,100018,100,,,100030,100,,
2019-06-28 09:40:30.000000000,99807,177,99558,177,99808,177,99557,177,99845,177,99510,177,99872,177,99328,177,99874,81,99158,177,99945,100,,,100001,100,,,100008,100,,,100018,100,,,100030,100,,
2019-06-28 09:40:30.838857478,99674,100,99558,177,99807,177,99557,177,99808,177,99510,177,99845,177,99328,177,99872,177,99158,177,99874,81,,,99945,100,,,100001,100,,,100008,100,,,100018,100,,
2019-06-28 09:40:38.989809489,99674,100,99558,77,99807,177,99557,177,99808,177,99510,177,99845,177,99328,177,99872,177,99158,177,99874,81,,,99945,100,,,100008,100,,,100018,100,,,100030,100,,
2019-06-28 09:40:40.000000000,99674,292,99557,292,99807,292,99510,292,99808,100,99328,100,99845,100,99158,100,99872,100,,,99874,4,,,99945,100,,,100008,100,,,100018,100,,,100030,100,,
2019-06-28 09:40:45.880606126,99674,292,99557,292,99807,292,99510,292,99808,100,99328,100,99845,100,99244,100,99872,100,99158,100,99874,4,,,99945,100,,,100008,100,,,100018,100,,,100030,100,,
2019-06-28 09:40:50.000000000,99674,292,99557,292,99807,292,99510,292,99808,100,99328,100,99845,100,99244,100,99872,100,99158,100,99874,4,,,99945,100,,,100008,100,,,100018,100,,,100030,100,,
2019-06-28 09:40:55.401664320,99674,292,99557,292,99807,292,99510,292,99808,100,99328,100,99845,100,99244,100,99872,100,99220,100,99874,4,99158,100,99945,100,,,100008,100,,,100018,100,,,100030,100,,
2019-06-28 09:41:00.000000000,99674,177,99557,177,99807,177,99510,177,99808,177,99328,177,99845,177,99244,177,99872,177,99220,177,99874,4,99158,100,99945,100,,,100008,100,,,100018,100,,,100030,100,,
2019-06-28 09:41:10.000000000,99674,231,99557,231,99807,227,99510,227,99808,227,99328,227,99845,100,99244,100,99872,100,99220,100,99874,4,99158,100,99945,100,,,100008,100,,,100018,100,,,100030,100,,
2019-06-28 09:41:15.958056261,99674,231,99557,231,99807,227,99510,227,99808,227,99328,227,99845,100,99300,100,99872,100,99244,100,99874,4,99220,100,99945,100,99158,100,100008,100,,,100018,100,,,100030,100,,
2019-06-28 09:41:20.000000000,99674,196,99557,196,99807,196,99510,196,99808,196,99328,196,99845,196,99300,196,99872,100,99244,100,99874,4,99220,100,99945,100,99158,100,100008,100,,,100018,100,,,100030,100,,
2019-06-28 09:41:30.000000000,99674,196,99557,196,99807,196,99510,196,99808,196,99328,196,99845,196,99300,196,99872,100,99244,100,99874,4,99220,100,99945,100,99158,100,100008,100,,,100018,100,,,100030,100,,
2019-06-28 09:41:40.000000000,99674,196,99557,196,99807,196,99510,196,99808,196,99328,196,99845,196,99300,196,99872,100,99244,100,99874,4,99220,100,99945,100,99158,100,100008,100,,,100018,100,,,100030,100,,
2019-06-28 09:41:50.000000000,99674,196,99557,196,99807,196,99510,196,99808,196,99328,196,99845,196,99300,196,99872,100,99244,100,99874,4,99220,100,99945,100,99158,100,100008,100,,,100018,100,,,100030,100,,
2019-06-28 09:41:54.274943486,99674,196,99557,96,99807,196,99510,196,99808,196,99328,196,99845,196,99300,196,99872,100,99244,100,99945,100,99220,100,100008,100,99158,100,100018,100,,,100030,100,,,100053,100,,
2019-06-28 09:42:00.000000000,99674,292,99510,292,99807,292,99328,292,99808,100,99300,100,99845,100,99244,100,99872,100,99220,100,99945,100,99158,100,100008,100,,,100018,100,,,100030,100,,,100053,100,,
2019-06-28 09:42:10.000000000,99674,231,99510,231,99807,227,99328,227,99808,227,99300,227,99845,100,99244,100,99872,100,99220,100,99945,100,99158,100,100008,100,,,100018,100,,,100030,100,,,100053,100,,
2019-06-28 09:42:20.000000000,99674,196,99510,196,99807,196,99328,196,99808,196,99300,196,99845,196,99244,196,99872,100,99220,100,99945,100,99158,100,100008,100,,,100018,100,,,100030,100,,,100053,100,,
2019-06-28 09:42:29.542367094,99674,196,99541,100,99807,196,99510,196,99808,196,99328,196,99845,196,99300,196,99872,100,99244,196,99945,100,99220,100,100008,100,99158,100,100018,100,,,100030,100,,,100053,100,,
2019-06-28 09:42:30.000000000,99674,196,99541,196,99807,196,99510,196,99808,196,99328,196,99845,196,99300,196,99872,100,99244,100,99945,100,99220,100,100008,100,99158,100,100018,100,,,100030,100,,,100053,100,,
2019-06-28 09:42:40.000000000,99674,231,99541,231,99807,227,99510,227,99808,227,99328,227,99845,100,99300,100,99872,100,99244,100,99945,100,99220,100,100008,100,99158,100,100018,100,,,100030,100,,,100053,100,,
2019-06-28 09:42:50.000000000,99674,231,99541,231,99807,227,99510,227,99808,227,99328,227,99845,100,99300,100,99872,100,99244,100,99945,100,99220,100,100008,100,99158,100,100018,100,,,100030,100,,,100053,100,,
2019-06-28 09:42:50.492637238,99674,231,99541,231,99764,100,99510,227,99807,227,99328,227,99808,227,99300,100,99845,100,99244,100,99872,100,99220,100,99945,100,99158,100,100008,100,,,100018,100,,,100030,100,,
2019-06-28 09:42:50.842220682,99674,231,99541,231,99764,100,99510,227,99807,227,99328,227,99808,227,99300,100,99835,100,99244,100,99845,100,99158,100,99872,100,,,99945,100,,,100008,100,,,100018,100,,
2019-06-28 09:42:54.368060310,99674,131,99541,231,99764,100,99510,227,99807,227,99328,227,99808,227,99300,100,99835,100,99244,100,99845,100,99158,100,99872,100,,,99945,100,,,100008,100,,,100018,100,,
2019-06-28 09:42:55.490529172,99674,31,99541,131,99764,100,99510,227,99807,227,99328,227,99808,227,99300,100,99835,100,99244,100,99845,100,99158,100,99872,100,,,99945,100,,,100008,100,,,100018,100,,
2019-06-28 09:43:00.000000000,99764,292,99510,292,99807,292,99328,292,99808,100,99300,100,99835,100,99244,100,99845,100,99158,100,99872,100,,,99945,100,,,100008,100,,,100018,100,,,100030,100,,
2019-06-28 09:43:10.000000000,99764,484,99510,484,99807,100,99328,100,99808,100,99300,100,99835,100,99244,100,99845,100,99158,100,99872,100,,,99945,100,,,100008,100,,,100018,100,,,100030,100,,
2019-06-28 09:43:20.000000000,99764,292,99510,292,99807,292,99328,292,99808,100,99300,100,99835,100,99244,100,99845,100,99158,100,99872,100,,,99945,100,,,100008,100,,,100018,100,,,100030,100,,
2019-06-28 09:43:23.861584221,99764,292,99510,292,99807,292,99350,100,99808,100,99328,292,99835,100,99300,100,99845,100,99244,100,99872,100,99158,100,99945,100,,,100008,100,,,100018,100,,,100053,100,,
2019-06-28 09:43:30.000000000,99764,177,99510,177,99807,177,99350,177,99808,177,99328,177,99835,177,99300,177,99845,177,99244,177,99872,100,99158,100,99945,100,,,100008,100,,,100018,100,,,100053,100,,
2019-06-28 09:43:35.257276900,99764,177,99604,100,99807,177,99510,177,99808,177,99350,177,99835,177,99328,177,99845,177,99300,177,99872,100,99244,177,99945,100,99158,100,100008,100,,,100018,100,,,100053,100,,
2019-06-28 09:43:38.885685023,99764,177,99604,100,99807,177,99510,177,99808,177,99504,100,99835,177,99350,177,99845,177,99328,177,99872,100,99300,177,99945,100,99244,177,100008,100,99158,100,100018,100,,,100053,100,,
2019-06-28 09:43:40.000000000,99764,177,99604,177,99807,177,99510,177,99808,177,99504,177,99835,177,99350,177,99845,177,99328,177,99872,100,99300,100,99945,100,99244,100,100008,100,99158,100,100018,100,,,100053,100,,
2019-06-28 09:43:50.000000000,99764,292,99604,292,99807,292,99510,292,99808,100,99504,100,99835,100,99350,100,99845,100,99328,100,99872,100,99300,100,99945,100,99244,100,100008,100,99158,100,100018,100,,,100053,100,,
2019-06-28 09:44:00.000000000,99764,484,99604,484,99807,100,99510,100,99808,100,99504,100,99835,100,99350,100,99845,100,99328,100,99872,100,99300,100,99945,100,99244,100,100008,100,99158,100,100018,100,,,100053,100,,
2019-06-28 09:44:10.000000000,99764,231,99604,231,99807,227,99510,227,99808,227,99504,227,99835,100,99350,100,99845,100,99328,100,99872,100,99300,100,99945,100,99244,100,100008,100,99158,100,100018,100,,,100053,100,,
2019-06-28 09:44:20.000000000,99764,177,99604,177,99807,177,99510,177,99808,177,99504,177,99835,177,99350,177,99845,177,99328,177,99872,100,99300,100,99945,100,99244,100,100008,100,99158,100,100018,100,,,100053,100,,
2019-06-28 09:44:30.000000000,99764,231,99604,231,99807,227,99510,227,99808,227,99504,227,99835,100,99350,100,99845,100,99328,100,99872,100,99300,100,99945,100,99244,100,100008,100,99158,100,100018,100,,,100053,100,,
2019-06-28 09:44:37.426632761,99764,231,99604,231,99807,227,99510,227,99808,227,99504,227,99835,100,99350,100,99845,100,99328,100,99872,100,99300,100,99945,100,99244,100,100008,100,99158,100,100018,100,98701,100,100053,100,,
2019-06-28 09:44:40.000000000,99764,177,99604,177,99807,177,99510,177,99808,177,99504,177,99835,177,99350,177,99845,177,99328,177,99872,100,99300,100,99945,100,99244,100,100008,100,99158,100,100018,100,98701,100,100053,100,,
2019-06-28 09:44:40.018824279,99764,177,99604,177,99807,177,99510,177,99808,177,99504,177,99835,177,99350,177,99845,177,99328,177,99872,100,99300,100,99945,100,99244,100,100008,100,99158,100,100018,100,98741,100,100053,100,98701,100
2019-06-28 09:44:43.197161472,99764,177,99604,177,99807,177,99510,177,99808,177,99504,177,99835,177,99350,177,99845,177,99328,177,99872,100,99300,100,99945,100,99244,100,100008,100,99158,100,100018,100,98825,100,100053,100,98741,100
2019-06-28 09:44:50.000000000,99764,292,99604,292,99807,292,99510,292,99808,100,99504,100,99835,100,99350,100,99845,100,99328,100,99872,100,99300,100,99945,100,99244,100,100008,100,99158,100,100018,100,98825,100,100053,100,98741,100
2019-06-28 09:45:00.000000000,99764,196,99604,196,99807,196,99510,196,99808,196,99504,196,99835,196,99350,196,99845,100,99328,100,99872,100,99300,100,99945,100,99244,100,100008,100,99158,100,100018,100,98825,100,100053,100,98741,100
2019-06-28 09:45:10.000000000,99764,292,99604,292,99807,292,99510,292,99808,100,99504,100,99835,100,99350,100,99845,100,99328,100,99872,100,99300,100,99945,100,99244,100,100008,100,99158,100,100018,100,98825,100,100053,100,98741,100
2019-06-28 09:45:20.000000000,99764,177,99604,177,99807,177,99510,177,99808,177,99504,177,99835,177,99350,177,99845,177,99328,177,99872,100,99300,100,99945,100,99244,100,100008,100,99158,100,100018,100,98825,100,100053,100,98741,100
2019-06-28 09:45:30.000000000,99764,177,99604,177,99807,177,99510,177,99808,177,99504,177,99835,177,99350,177,99845,177,99328,177,99872,100,99300,100,99945,100,99244,100,100008,100,99158,100,100018,100,98825,100,100053,100,98741,100
2019-06-28 09:45:39.875493507,99764,177,99609,100,99807,177,99604,177,99808,177,99510,177,99835,177,99504,177,99845,177,99350,177,99872,100,99328,177,99945,100,99300,100,100008,100,99244,100,100018,100,99158,100,100053,100,98825,100
2019-06-28 09:45:40.000000000,99764,484,99609,484,99807,100,99604,100,99808,100,99510,100,99835,100,99504,100,99845,100,99350,100,99872,100,99328,100,99945,100,99300,100,100008,100,99244,100,100018,100,99158,100,100053,100,98825,100
2019-06-28 09:45:48.117772460,99673,100,99609,484,99764,484,99604,100,99807,100,99510,100,99808,100,99504,100,99835,100,99350,100,99845,100,99328,100,99872,100,99300,100,100008,100,99244,100,100018,100,99158,100,100053,100,98825,100
2019-06-28 09:45:50.000000000,99673,292,99609,292,99764,292,99604,292,99807,100,99510,100,99808,100,99504,100,99835,100,99350,100,99845,100,99328,100,99872,100,99300,100,100008,100,99244,100,100018,100,99158,100,100053,100,98825,100
2019-06-28 09:46:00.000000000,99673,231,99609,231,99764,227,99604,227,99807,227,99510,227,99808,100,99504,100,99835,100,99350,100,99845,100,99328,100,99872,100,99300,100,100008,100,99244,100,100018,100,99158,100,100053,100,98825,100
2019-06-28 09:46:10.000000000,99673,231,99609,231,99764,227,99604,227,99807,227,99510,227,99808,100,99504,100,99835,100,99350,100,99845,100,99328,100,99872,100,99300,100,100008,100,99244,100,100018,100,99158,100,100053,100,98825,100
2019-06-28 09:46:17.284683850,99673,231,99609,131,99764,227,99604,227,99807,227,99510,227,99808,100,99504,100,99835,100,99350,100,99845,100,99300,100,99872,100,99244,100,100008,100,99158,100,100018,100,98825,100,100053,100,98741,100
2019-06-28 09:46:20.000000000,99673,484,99604,484,99764,100,99510,100,99807,100,99504,100,99808,100,99350,100,99835,100,99300,100,99845,100,99244,100,99872,100,99158,100,100008,100,98825,100,100018,100,98741,100,100053,100,98701,100
2019-06-28 09:46:30.000000000,99673,484,99604,484,99764,100,99510,100,99807,100,99504,100,99808,100,99350,100,99835,100,99300,100,99845,100,99244,100,99872,100,99158,100,100008,100,98825,100,100018,100,98741,100,100053,100,98701,100
2019-06-28 09:46:33.541835152,99673,484,99604,484,99764,100,99510,100,99807,100,99504,100,99808,100,99350,100,99835,100,99300,100,99845,100,99244,100,99872,100,99158,100,100008,100,98825,100,100018,100,98787,100,100053,100,98741,100
2019-06-28 09:46:40.000000000,99673,484,99604,484,99764,100,99510,100,99807,100,99504,100,99808,100,99350,100,99835,100,99300,100,99845,100,99244,100,99872,100,99158,100,100008,100,98825,100,100018,100,98787,100,100053,100,98741,100
2019-06-28 09:46:46.095134000,99673,484,99604,384,99764,100,99510,100,99807,100,99504,100,99808,100,99350,100,99835,100,99300,100,99845,100,99244,100,99872,100,99158,100,100008,100,98825,100,100018,100,98787,100,100053,100,98741,100
2019-06-28 09:46:50.000000000,99673,484,99510,484,99764,100,99504,100,99807,100,99350,100,99808,100,99300,100,99835,100,99244,100,99845,100,99158,100,99872,100,98825,100,100008,100,98787,100,100018,100,98741,100,100053,100,98701,100
2019-06-28 09:46:52.809875854,99673,484,99510,384,99764,100,99504,100,99807,100,99350,100,99808,100,99300,100,99835,100,99244,100,99845,100,99158,100,99872,100,98825,100,100008,100,98787,100,100018,100,98741,100,100053,100,98701,100
2019-06-28 09:46:55.072862076,99604,100,99510,384,99673,484,99504,100,99764,100,99350,100,99807,100,99300,100,99808,100,99244,100,99835,100,99158,100,99872,100,98825,100,100008,100,98787,100,100018,100,98741,100,100053,100,98701,100
2019-06-28 09:47:00.000000000,99604,231,99504,231,99673,227,99350,227,99764,227,99300,227,99807,100,99244,100,99808,100,99158,100,99835,100,98825,100,99872,100,98787,100,100008,100,98741,100,100018,100,98701,100,100053,100,,
2019-06-28 09:47:04.600879171,99604,231,99504,131,99673,227,99350,227,99764,227,99300,227,99807,100,99244,100,99808,100,99158,100,99835,100,98825,100,99872,100,98787,100,100008,100,98741,100,100018,100,98701,100,100053,100,,
2019-06-28 09:47:09.830480380,99604,231,99504,131,99673,227,99350,227,99764,227,99322,100,99807,100,99300,227,99808,100,99244,100,99835,100,99158,100,99872,100,98825,100,100008,100,98787,100,100018,100,98741,100,100053,100,98701,100
2019-06-28 09:47:10.000000000,99604,484,99350,484,99673,100,99322,100,99764,100,99300,100,99807,100,99244,100,99808,100,99158,100,99835,100,98825,100,99872,100,98787,100,100008,100,98741,100,100018,100,98701,100,100053,100,,
2019-06-28 09:47:20.000000000,99604,196,99350,196,99673,196,99322,196,99764,196,99300,196,99807,196,99244,196,99808,100,99158,100,99835,100,98825,100,99872,100,98787,100,100008,100,98741,100,100018,100,98701,100,100053,100,,
2019-06-28 09:47:24.771434620,99604,196,99350,196,99673,196,99322,196,99764,196,99300,196,99807,196,99244,196,99835,100,99158,100,99872,100,98825,100,100008,100,98787,100,100018,100,98741,100,100053,100,98701,100,100060,100,,
2019-06-28 09:47:30.000000000,99604,231,99350,231,99673,227,99322,227,99764,227,99300,227,99807,100,99244,100,99835,100,99158,100,99872,100,98825,100,100008,100,98787,100,100018,100,98741,100,100053,100,98701,100,100060,100,,
2019-06-28 09:47:33.309219031,99604,231,99350,231,99673,227,99332,100,99764,227,99322,227,99807,100,99300,227,99835,100,99244,100,99872,100,99158,100,100008,100,98825,100,100018,100,98787,100,100053,100,98741,100,100060,100,98701,100
2019-06-28 09:47:35.726061812,99604,231,99474,100,99673,227,99350,231,99764,227,99332,100,99807,100,99322,227,99835,100,99300,227,99872,100,99158,100,100008,100,98825,100,100018,100,98787,100,100053,100,98741,100,100060,100,98701,100
2019-06-28 09:47:40.000000000,99604,292,99474,292,99673,292,99350,292,99764,100,99332,100,99807,100,99322,100,99835,100,99300,100,99872,100,99158,100,100008,100,98825,100,100018,100,98787,100,100053,100,98741,100,100060,100,98701,100
2019-06-28 09:47:50.000000000,99604,196,99474,196,99673,196,99350,196,99764,196,99332,196,99807,196,99322,196,99835,100,99300,100,99872,100,99158,100,100008,100,98825,100,100018,100,98787,100,100053,100,98741,100,100060,100,98701,100
2019-06-28 09:48:00.000000000,99604,231,99474,231,99673,227,99350,227,99764,227,99332,227,99807,100,99322,100,99835,100,99300,100,99872,100,99158,100,100008,100,98825,100,100018,100,98787,100,100053,100,98741,100,100060,100,98701,100
2019-06-28 09:48:10.000000000,99604,292,99474,292,99673,292,99350,292,99764,100,99332,100,99807,100,99322,100,99835,100,99300,100,99872,100,99158,100,100008,100,98825,100,100018,100,98787,100,100053,100,98741,100,100060,100,98701,100
2019-06-28 09:48:20.000000000,99604,231,99474,231,99673,227,99350,227,99764,227,99332,227,99807,100,99322,100,99835,100,99300,100,99872,100,99158,100,100008,100,98825,100,100018,100,98787,100,100053,100,98741,100,100060,100,98701,100
2019-06-28 09:48:26.573531073,99604,231,99474,231,99668,100,99350,227,99673,227,99332,227,99764,227,99322,100,99807,100,99300,100,99835,100,99158,100,99872,100,98825,100,100008,100,98787,100,100018,100,98741,100,100053,100,98701,100
2019-06-28 09:48:27.805004080,99604,231,99474,231,99668,100,99350,227,99673,227,99332,227,99758,100,99322,100,99764,227,99300,100,99807,100,99158,100,99835,100,98825,100,99872,100,98787,100,100008,100,98741,100,100018,100,98701,100
2019-06-28 09:48:30.000000000,99604,231,99474,231,99668,227,99350,227,99673,227,99332,227,99758,100,99322,100,99764,100,99300,100,99807,100,99158,100,99835,100,98825,100,99872,100,98787,100,100008,100,98741,100,100018,100,98701,100
2019-06-28 09:48:31.892990115,99604,231,99511,100,99668,227,99474,231,99673,227,99350,227,99758,100,99332,227,99764,100,99322,100,99807,100,99300,100,99835,100,99158,100,99872,100,98825,100,100008,100,98787,100,100018,100,98741,100
2019-06-28 09:48:36.265109457,99604,231,99574,100,99668,227,99511,100,99673,227,99474,231,99758,100,99350,227,99764,100,99332,227,99807,100,99322,100,99835,100,99300,100,99872,100,99158,100,100008,100,98825,100,100018,100,98787,100
2019-06-28 09:48:40.000000000,99604,196,99574,196,99668,196,99511,196,99673,196,99474,196,99758,196,99350,196,99764,100,99332,100,99807,100,99322,100,99835,100,99300,100,99872,100,99158,100,100008,100,98825,100,100018,100,98787,100
2019-06-28 09:48:44.903815355,99604,196,99588,100,99668,196,99574,196,99673,196,99511,196,99758,196,99474,196,99764,100,99350,196,99807,100,99332,100,99835,100,99322,100,99872,100,99300,100,100008,100,99158,100,100053,100,98825,100
2019-06-28 09:48:50.000000000,99604,177,99588,177,99668,177,99574,177,99673,177,99511,177,99758,177,99474,177,99764,177,99350,177,99807,100,99332,100,99835,100,99322,100,99872,100,99300,100,100008,100,99158,100,100053,100,98825,100
2019-06-28 09:48:54.061377197,99591,100,99588,177,99604,177,99574,177,99668,177,99511,177,99673,177,99474,177,99758,177,99350,177,99764,177,99332,100,99807,100,99322,100,99835,100,99300,100,99872,100,99158,100,100008,100,98825,100
2019-06-28 09:48:55.857412162,99591,100,99588,77,99604,177,99574,177,99668,177,99511,177,99673,177,99474,177,99758,177,99350,177,99764,177,99332,100,99807,100,99322,100,99835,100,99300,100,99872,100,99158,100,100008,100,98825,100
2019-06-28 09:49:00.000000000,99591,484,99574,484,99604,100,99511,100,99668,100,99474,100,99673,100,99350,100,99758,100,99332,100,99764,100,99322,100,99807,100,99300,100,99835,100,99158,100,99872,100,98825,100,100008,100,98787,100
2019-06-28 09:49:10.000000000,99591,484,99574,484,99604,100,99511,100,99668,100,99474,100,99673,100,99350,100,99758,100,99332,100,99764,100,99322,100,99807,100,99300,100,99835,100,99158,100,99872,100,98825,100,100008,100,98787,100
2019-06-28 09:49:15.202538249,99591,484,99574,384,99604,100,99511,100,99668,100,99474,100,99673,100,99350,100,99758,100,99332,100,99764,100,99322,100,99807,100,99300,100,99835,100,99158,100,99872,100,98825,100,100008,100,98787,100
2019-06-28 09:49:20.000000000,99591,177,99511,177,99604,177,99474,177,99668,177,99350,177,99673,177,99332,177,99758,177,99322,177,99764,100,99300,100,99807,100,99158,100,99835,100,98825,100,99872,100,98787,100,100008,100,98741,100
2019-06-28 09:49:21.367653298,99591,177,99511,177,99604,177,99474,177,99668,177,99350,177,99673,177,99332,177,99758,177,99322,177,99764,100,99300,100,99807,100,99224,100,99835,100,99158,100,99872,100,98825,100,100008,100,98787,100
2019-06-28 09:49:21.940003260,99591,177,99511,177,99604,177,99474,177,99668,177,99403,100,99673,177,99350,77,99758,177,99332,177,99764,100,99322,177,99807,100,99300,100,99835,100,99224,100,99872,100,99158,100,100008,100,98825,100
2019-06-28 09:49:30.000000000,99591,196,99511,196,99604,196,99474,196,99668,196,99403,196,99673,196,99332,196,99758,100,99322,100,99764,100,99300,100,99807,100,99224,100,99835,100,99158,100,99872,100,98825,100,100008,100,98787,100
2019-06-28 09:49:40.000000000,99591,292,99511,292,99604,292,99474,292,99668,100,99403,100,99673,100,99332,100,99758,100,99322,100,99764,100,99300,100,99807,100,99224,100,99835,100,99158,100,99872,100,98825,100,100008,100,98787,100
2019-06-28 09:49:43.950021570,99591,292,99511,292,99604,292,99492,100,99668,100,99474,292,99673,100,99403,100,99758,100,99332,100,99764,100,99322,100,99807,100,99300,100,99835,100,99224,100,99872,100,99158,100,100008,100,98825,100
2019-06-28 09:49:50.000000000,99591,196,99511,196,99604,196,99492,196,99668,196,99474,196,99673,196,99403,196,99758,100,99332,100,99764,100,99322,100,99807,100,99300,100,99835,100,99224,100,99872,100,99158,100,100008,100,98825,100
2019-06-28 09:49:58.677744607,99591,196,99511,96,99604,196,99492,196,99668,196,99474,196,99673,196,99403,196,99758,100,99332,100,99764,100,99322,100,99807,100,99300,100,99835,100,99224,100,99872,100,99158,100,100008,100,98825,100
2019-06-28 09:50:00.000000000,99591,177,99492,177,99604,177,99474,177,99668,177,99403,177,99673,177,99332,177,99758,177,99322,177,99764,100,99300,100,99807,100,99224,100,99835,100,99158,100,99872,100,98825,100,100008,100,98787,100
2019-06-28 09:50:05.556699748,99574,100,99492,177,99591,177,99474,177,99604,177,99403,177,99668,177,99332,177,99673,177,99322,177,99758,177,99300,100,99764,100,99224,100,99835,100,99158,100,99872,100,98825,100,100008,100,98787,100
2019-06-28 09:50:10.000000000,99574,196,99492,196,99591,196,99474,196,99604,196,99403,196,99668,196,99332,196,99673,100,99322,100,99758,100,99300,100,99764,100,99224,100,99835,100,99158,100,99872,100,98825,100,100008,100,98787,100
2019-06-28 09:50:20.000000000,99574,177,99492,177,99591,177,99474,177,99604,177,99403,177,99668,177,99332,177,99673,177,99322,177,99758,100,99300,100,99764,100,99224,100,99835,100,99158,100,99872,100,98825,100,100008,100,98787,100
2019-06-28 09:50:30.000000000,99574,196,99492,196,99591,196,99474,196,99604,196,99403,196,99668,196,99332,196,99673,100,99322,100,99758,100,99300,100,99764,100,99224,100,99835,100,99158,100,99872,100,98825,100,100008,100,98787,100
2019-06-28 09:50:38.555143083,99574,196,99492,196,99591,196,99474,196,99604,196,99403,196,99657,100,99332,196,99668,196,99322,100,99673,100,99300,100,99758,100,99224,100,99764,100,99158,100,99835,100,98825,100,99872,100,98741,100
2019-06-28 09:50:40.000000000,99574,196,99492,196,99591,196,99474,196,99604,196,99403,196,99657,196,99332,196,99668,100,99322,100,99673,100,99300,100,99758,100,99224,100,99764,100,99158,100,99835,100,98825,100,99872,100,98741,100
2019-06-28 09:50:50.000000000,99574,196,99492,196,99591,196,99474,196,99604,196,99403,196,99657,196,99332,196,99668,100,99322,100,99673,100,99300,100,99758,100,99224,100,99764,100,99158,100,99835,100,98825,100,99872,100,98741,100
2019-06-28 09:50:50.748753047,99574,96,99492,196,99591,196,99474,196,99604,196,99403,196,99657,196,99332,196,99668,100,99322,100,99673,100,99300,100,99758,100,99224,100,99764,100,99158,100,99835,100,98825,100,99872,100,98741,100
2019-06-28 09:51:00.000000000,99591,484,99492,484,99604,100,99474,100,99657,100,99403,100,99668,100,99332,100,99673,100,99322,100,99758,100,99300,100,99764,100,99224,100,99835,100,99158,100,99872,100,98825,100,100008,100,98741,100
2019-06-28 09:51:05.642776142,99591,384,99492,484,99604,100,99474,100,99657,100,99403,100,99668,100,99332,100,99673,100,99322,100,99758,100,99300,100,99764,100,99224,100,99835,100,99158,100,99872,100,98825,100,100008,100,98741,100
2019-06-28 09:51:10.000000000,99604,292,99492,292,99657,292,99474,292,99668,100,99403,100,99673,100,99332,100,99758,100,99322,100,99764,100,99300,100,99835,100,99224,100,99872,100,99158,100,100008,100,98825,100,100053,100,98741,100
2019-06-28 09:51:13.907040470,99604,292,99574,100,99657,292,99492,292,99668,100,99474,292,99673,100,99403,100,99758,100,99332,100,99764,100,99322,100,99835,100,99300,100,99872,100,99224,100,100008,100,99158,100,100053,100,98825,100
2019-06-28 09:51:20.000000000,99604,484,99574,484,99657,100,99492,100,99668,100,99474,100,99673,100,99403,100,99758,100,99332,100,99764,100,99322,100,99835,100,99300,100,99872,100,99224,100,100008,100,99158,100,100053,100,98825,100
2019-06-28 09:51:30.000000000,99604,196,99574,196,99657,196,99492,196,99668,196,99474,196,99673,196,99403,196,99758,100,99332,100,99764,100,99322,100,99835,100,99300,100,99872,100,99224,100,100008,100,99158,100,100053,100,98825,100
2019-06-28 09:51:40.000000000,99604,292,99574,292,99657,292,99492,292,99668,100,99474,100,99673,100,99403,100,99758,100,99332,100,99764,100,99322,100,99835,100,99300,100,99872,100,99224,100,100008,100,99158,100,100053,100,98825,100
2019-06-28 09:51:50.000000000,99604,196,99574,196,99657,196,99492,196,99668,196,99474,196,99673,196,99403,196,99758,100,99332,100,99764,100,99322,100,99835,100,99300,100,99872,100,99224,100,100008,100,99158,100,100053,100,98825,100
2019-06-28 09:52:00.000000000,99604,484,99574,484,99657,100,99492,100,99668,100,99474,100,99673,100,99403,100,99758,100,99332,100,99764,100,99322,100,99835,100,99300,100,99872,100,99224,100,100008,100,99158,100,100053,100,98825,100
2019-06-28 09:52:04.718013097,99604,484,99574,384,99657,100,99492,100,99668,100,99474,100,99673,100,99403,100,99758,100,99332,100,99764,100,99322,100,99835,100,99300,100,99872,100,99224,100,100008,100,99158,100,100053,100,98825,100
2019-06-28 09:52:09.281203361,99604,384,99574,384,99657,100,99474,100,99668,100,99403,100,99673,100,99332,100,99758,100,99322,100,99764,100,99300,100,99835,100,99224,100,99872,100,99158,100,100008,100,98825,100,100053,100,98741,100
2019-06-28 09:52:10.000000000,99657,292,99474,292,99668,292,99403,292,99673,100,99332,100,99758,100,99322,100,99764,100,99300,100,99835,100,99224,100,99872,100,99158,100,100008,100,98825,100,100053,100,98741,100,100065,100,98701,100
2019-06-28 09:52:20.000000000,99657,196,99474,196,99668,196,99403,196,99673,196,99332,196,99758,196,99322,196,99764,100,99300,100,99835,100,99224,100,99872,100,99158,100,100008,100,98825,100,100053,100,98741,100,100065,100,98701,100
2019-06-28 09:52:30.000000000,99657,484,99474,484,99668,100,99403,100,99673,100,99332,100,99758,100,99322,100,99764,100,99300,100,99835,100,99224,100,99872,100,99158,100,100008,100,98825,100,100053,100,98741,100,100065,100,98701,100
2019-06-28 09:52:40.000000000,99657,484,99474,484,99668,100,99403,100,99673,100,99332,100,99758,100,99322,100,99764,100,99300,100,99835,100,99224,100,99872,100,99158,100,100008,100,98825,100,100053,100,98741,100,100065,100,98701,100
2019-06-28 09:52:42.931612474,99657,484,99474,484,99668,100,99332,100,99673,100,99322,100,99758,100,99300,100,99764,100,99224,100,99835,100,99158,100,99843,100,98825,100,99872,100,98741,100,100008,100,98701,100,100053,100,,
2019-06-28 09:52:46.896399575,99657,484,99474,484,99668,100,99332,100,99673,100,99322,100,99758,100,99300,100,99764,100,99224,100,99835,100,99158,100,99843,100,98825,100,99872,100,98741,100,99932,100,98701,100,100008,100,,
2019-06-28 09:52:50.000000000,99657,231,99474,231,99668,227,99332,227,99673,227,99322,227,99758,100,99300,100,99764,100,99224,100,99835,100,99158,100,99843,100,98825,100,99872,100,98741,100,99932,100,98701,100,100008,100,,
2019-06-28 09:53:00.000000000,99657,484,99474,484,99668,100,99332,100,99673,100,99322,100,99758,100,99300,100,99764,100,99224,100,99835,100,99158,100,99843,100,98825,100,99872,100,98741,100,99932,100,98701,100,100008,100,,
2019-06-28 09:53:10.000000000,99657,177,99474,177,99668,177,99332,177,99673,177,99322,177,99758,177,99300,177,99764,177,99224,177,99835,100,99158,100,99843,100,98825,100,99872,100,98741,100,99932,100,98701,100,100008,100,,
2019-06-28 09:53:11.848439112,99657,177,99474,177,99668,177,99332,177,99673,177,99322,177,99758,177,99300,177,99764,177,99224,177,99804,100,99158,100,99835,100,98825,100,99843,100,98741,100,99872,100,98701,100,99932,100,,
2019-06-28 09:53:20.000000000,99657,177,99474,177,99668,177,99332,177,99673,177,99322,177,99758,177,99300,177,99764,177,99224,177,99804,100,99158,100,99835,100,98825,100,99843,100,98741,100,99872,100,98701,100,99932,100,,
2019-06-28 09:53:26.927420322,99657,177,99474,177,99668,177,99381,100,99673,177,99332,177,99758,177,99322,177,99764,177,99300,177,99804,100,99224,177,99835,100,99158,100,99843,100,98825,100,99872,100,98741,100,99932,100,98701,100
2019-06-28 09:53:30.000000000,99657,177,99474,177,99668,177,99381,177,99673,177,99332,177,99758,177,99322,177,99764,177,99300,177,99804,100,99224,100,99835,100,99158,100,99843,100,98825,100,99872,100,98741,100,99932,100,98701,100
2019-06-28 09:53:30.611395735,99657,77,99474,177,99668,177,99381,177,99673,177,99332,177,99758,177,99322,177,99764,177,99300,177,99804,100,99224,100,99835,100,99158,100,99843,100,98825,100,99872,100,98741,100,99932,100,98701,100
2019-06-28 09:53:40.000000000,99668,484,99474,484,99673,100,99381,100,99758,100,99332,100,99764,100,99322,100,99804,100,99300,100,99835,100,99224,100,99843,100,99158,100,99872,100,98825,100,99932,100,98741,100,100008,100,98701,100
2019-06-28 09:53:42.460733406,99668,484,99474,484,99673,100,99381,100,99764,100,99332,100,99804,100,99322,100,99835,100,99300,100,99843,100,99224,100,99872,100,99158,100,99932,100,98825,100,100008,100,98741,100,100026,100,98701,100
2019-06-28 09:53:50.000000000,99668,292,99474,292,99673,292,99381,292,99764,100,99332,100,99804,100,99322,100,99835,100,99300,100,99843,100,99224,100,99872,100,99158,100,99932,100,98825,100,100008,100,98741,100,100026,100,98701,100
2019-06-28 09:53:50.335025926,99668,292,99604,100,99673,192,99474,292,99764,100,99381,292,99804,100,99332,100,99835,100,99322,100,99843,100,99300,100,99872,100,99224,100,99932,100,99158,100,100008,100,98825,100,100026,100,98741,100
2019-06-28 09:54:00.000000000,99668,292,99604,292,99764,292,99474,292,99804,100,99381,100,99835,100,99332,100,99843,100,99322,100,99872,100,99300,100,99932,100,99224,100,100008,100,99158,100,100026,100,98825,100,100053,100,98741,100
2019-06-28 09:54:10.000000000,99668,196,99604,196,99764,196,99474,196,99804,196,99381,196,99835,196,99332,196,99843,100,99322,100,99872,100,99300,100,99932,100,99224,100,100008,100,99158,100,100026,100,98825,100,100053,100,98741,100
2019-06-28 09:54:20.000000000,99668,231,99604,231,99764,227,99474,227,99804,227,99381,227,99835,100,99332,100,99843,100,99322,100,99872,100,99300,100,99932,100,99224,100,100008,100,99158,100,100026,100,98825,100,100053,100,98741,100
2019-06-28 09:54:30.000000000,99668,484,99604,484,99764,100,99474,100,99804,100,99381,100,99835,100,99332,100,99843,100,99322,100,99872,100,99300,100,99932,100,99224,100,100008,100,99158,100,100026,100,98825,100,100053,100,98741,100
2019-06-28 09:54:30.368839299,99668,484,99604,484,99764,100,99474,100,99804,100,99381,100,99835,100,99332,100,99843,100,99322,100,99872,100,99300,100,99932,100,99234,100,100008,100,99224,100,100026,100,99158,100,100053,100,98825,100
2019-06-28 09:54:31.251131191,99668,484,99604,384,99764,100,99474,100,99804,100,99381,100,99835,100,99332,100,99872,100,99322,100,99932,100,99300,100,100008,100,99234,100,100026,100,99224,100,100053,100,99158,100,100065,100,98825,100
2019-06-28 09:54:40.000000000,99668,292,99474,292,99764,292,99381,292,99804,100,99332,100,99835,100,99322,100,99872,100,99300,100,99932,100,99234,100,100008,100,99224,100,100026,100,99158,100,100053,100,98825,100,100065,100,98741,100
2019-06-28 09:54:50.000000000,99668,292,99474,292,99764,292,99381,292,99804,100,99332,100,99835,100,99322,100,99872,100,99300,100,99932,100,99234,100,100008,100,99224,100,100026,100,99158,100,100053,100,98825,100,100065,100,98741,100
2019-06-28 09:54:51.048071137,99668,192,99474,292,99764,292,99381,292,99804,100,99332,100,99835,100,99322,100,99872,100,99300,100,99932,100,99234,100,100008,100,99224,100,100026,100,99158,100,100053,100,98825,100,100075,200,98741,100
2019-06-28 09:55:00.000000000,99764,231,99474,231,99804,227,99381,227,99835,227,99332,227,99872,100,99322,100,99932,100,99300,100,100008,100,99234,100,100026,100,99224,100,100053,100,99158,100,100075,200,98825,100,100078,100,98741,100
2019-06-28 09:55:10.000000000,99764,177,99474,177,99804,177,99381,177,99835,177,99332,177,99872,177,99322,177,99932,177,99300,177,100008,100,99234,100,100026,100,99224,100,100053,100,99158,100,100075,200,98825,100,100078,100,98741,100
2019-06-28 09:55:20.000000000,99764,196,99474,196,99804,196,99381,196,99835,196,99332,196,99872,196,99322,196,99932,100,99300,100,100008,100,99234,100,100026,100,99224,100,100053,100,99158,100,100075,200,98825,100,100078,100,98741,100
2019-06-28 09:55:22.302650585,99715,100,99474,196,99764,196,99381,196,99804,196,99332,196,99835,196,99322,196,99872,196,99300,100,99932,100,99234,100,100008,100,99224,100,100026,100,99158,100,100053,100,98825,100,100075,200,98741,100
2019-06-28 09:55:30.000000000,99715,177,99474,177,99764,177,99381,177,99804,177,99332,177,99835,177,99322,177,99872,177,99300,177,99932,100,99234,100,100008,100,99224,100,100026,100,99158,100,100053,100,98825,100,100075,200,98741,100
2019-06-28 09:55:40.000000000,99715,177,99474,177,99764,177,99381,177,99804,177,99332,177,99835,177,99322,177,99872,177,99300,177,99932,100,99234,100,100008,100,99224,100,100026,100,99158,100,100053,100,98825,100,100075,200,98741,100
2019-06-28 09:55:50.000000000,99715,292,99474,292,99764,292,99381,292,99804,100,99332,100,99835,100,99322,100,99872,100,99300,100,99932,100,99234,100,100008,100,99224,100,100026,100,99158,100,100053,100,98825,100,100075,200,98741,100
2019-06-28 09:56:00.000000000,99715,484,99474,484,99764,100,99381,100,99804,100,99332,100,99835,100,99322,100,99872,100,99300,100,99932,100,99234,100,100008,100,99224,100,100026,100,99158,100,100053,100,98825,100,100075,200,98741,100
2019-06-28 09:56:10.000000000,99715,231,99474,231,99764,227,99381,227,99804,227,99332,227,99835,100,99322,100,99872,100,99300,100,99932,100,99234,100,100008,100,99224,100,100026,100,99158,100,100053,100,98825,100,100075,200,98741,100
2019-06-28 09:56:17.242677250,99667,100,99474,231,99715,231,99381,227,99764,227,99332,227,99804,227,99322,100,99835,100,99300,100,99872,100,99234,100,99932,100,99224,100,100008,100,99158,100,100026,100,98825,100,100053,100,98741,100
2019-06-28 09:56:20.000000000,99667,292,99474,292,99715,292,99381,292,99764,100,99332,100,99804,100,99322,100,99835,100,99300,100,99872,100,99234,100,99932,100,99224,100,100008,100,99158,100,100026,100,98825,100,100053,100,98741,100
2019-06-28 09:56:21.702890587,99667,192,99474,292,99715,292,99381,292,99764,100,99332,100,99804,100,99300,100,99835,100,99234,100,99872,100,99224,100,99932,100,99158,100,100008,100,98825,100,100026,100,98741,100,100053,100,98701,100
2019-06-28 09:56:28.487852659,99667,192,99481,100,99715,292,99474,292,99764,100,99381,292,99804,100,99332,100,99835,100,99300,100,99872,100,99234,100,99932,100,99224,100,100008,100,99158,100,100026,100,98825,100,100053,100,98741,100
2019-06-28 09:56:30.000000000,99715,484,99481,484,99764,100,99474,100,99804,100,99381,100,99835,100,99332,100,99872,100,99300,100,99932,100,99234,100,100008,100,99224,100,100026,100,99158,100,100053,100,98825,100,100075,200,98741,100
2019-06-28 09:56:40.000000000,99715,231,99481,231,99764,227,99474,227,99804,227,99381,227,99835,100,99332,100,99872,100,99300,100,99932,100,99234,100,100008,100,99224,100,100026,100,99158,100,100053,100,98825,100,100075,200,98741,100
2019-06-28 09:56:50.000000000,99715,196,99481,196,99764,196,99474,196,99804,196,99381,196,99835,196,99332,196,99872,100,99300,100,99932,100,99234,100,100008,100,99224,100,100026,100,99158,100,100053,100,98825,100,100075,200,98741,100
2019-06-28 09:56:59.586236381,99715,196,99562,100,99764,196,99481,196,99804,196,99474,196,99835,196,99381,196,99872,100,99332,196,99932,100,99300,100,100008,100,99234,100,100026,100,99224,100,100053,100,99158,100,100075,200,98825,100
2019-06-28 09:57:00.000000000,99715,196,99562,196,99764,196,99481,196,99804,196,99474,196,99835,196,99381,196,99872,100,99332,100,99932,100,99300,100,100008,100,99234,100,100026,100,99224,100,100053,100,99158,100,100075,200,98825,100
2019-06-28 09:57:10.000000000,99715,484,99562,484,99764,100,99481,100,99804,100,99474,100,99835,100,99381,100,99872,100,99332,100,99932,100,99300,100,100008,100,99234,100,100026,100,99224,100,100053,100,99158,100,100075,200,98825,100
2019-06-28 09:57:14.894783734,99715,484,99633,100,99764,100,99562,484,99804,100,99481,100,99835,100,99474,100,99872,100,99381,100,99932,100,99332,100,100008,100,99300,100,100026,100,99234,100,100053,100,99224,100,100075,200,99158,100
2019-06-28 09:57:20.000000000,99715,292,99633,292,99764,292,99562,292,99804,100,99481,100,99835,100,99474,100,99872,100,99381,100,99932,100,99332,100,100008,100,99300,100,100026,100,99234,100,100053,100,99224,100,100075,200,99158,100
2019-06-28 09:57:27.008869411,99715,292,99633,192,99764,292,99562,292,99804,100,99481,100,99835,100,99474,100,99872,100,99381,100,99932,100,99332,100,100008,100,99300,100,100026,100,99234,100,100053,100,99224,100,100075,200,99158,100
2019-06-28 09:57:30.000000000,99715,196,99562,196,99764,196,99481,196,99804,196,99474,196,99835,196,99381,196,99872,100,99332,100,99932,100,99300,100,100008,100,99234,100,100026,100,99224,100,100053,100,99158,100,100075,200,98741,100
2019-06-28 09:57:32.773548524,99715,196,99562,196,99764,196,99537,100,99804,196,99481,196,99835,196,99474,196,99872,100,99381,196,99932,100,99332,100,100008,100,99300,100,100026,100,99234,100,100053,100,99224,100,100075,200,99158,100
2019-06-28 09:57:38.378989286,99715,196,99562,96,99764,196,99481,196,99804,196,99474,196,99835,196,99381,196,99872,100,99332,100,99932,100,99300,100,100008,100,99234,100,100026,100,99224,100,100053,100,99158,100,100075,200,98741,100
2019-06-28 09:57:40.000000000,99715,231,99481,231,99764,227,99474,227,99804,227,99381,227,99835,100,99332,100,99872,100,99300,100,99932,100,99234,100,100008,100,99224,100,100026,100,99158,100,100053,100,98741,100,100075,200,98701,100
2019-06-28 09:57:50.000000000,99715,177,99481,177,99764,177,99474,177,99804,177,99381,177,99835,177,99332,177,99872,177,99300,177,99932,100,99234,100,100008,100,99224,100,100026,100,99158,100,100053,100,98741,100,100075,200,98701,100
2019-06-28 09:57:52.975289949,99715,77,99481,177,99764,177,99474,177,99804,177,99381,177,99835,177,99332,177,99872,177,99306,100,99932,100,99300,177,100008,100,99234,100,100026,100,99224,100,100053,100,99158,100,100075,200,98741,100
2019-06-28 09:58:00.000000000,99764,177,99481,177,99804,177,99474,177,99835,177,99381,177,99872,177,99332,177,99932,177,99306,177,100008,100,99300,100,100026,100,99234,100,100053,100,99224,100,100075,200,99158,100,100078,100,98741,100
2019-06-28 09:58:03.090883054,99583,100,99481,177,99764,177,99474,177,99804,177,99381,177,99835,177,99332,177,99872,177,99306,177,99932,177,99300,100,100008,100,99234,100,100026,100,99224,100,100053,100,99158,100,100075,200,98741,100
2019-06-28 09:58:05.270118960,99583,100,99519,100,99764,177,99481,177,99804,177,99474,177,99835,177,99381,177,99872,177,99332,177,99932,177,99306,177,100008,100,99300,100,100026,100,99234,100,100053,100,99224,100,100075,200,99158,100
2019-06-28 09:58:07.757223171,99583,100,99563,100,99764,177,99519,100,99804,177,99481,177,99835,177,99474,177,99872,177,99381,177,99932,177,99332,177,100008,100,99306,177,100026,100,99300,100,100053,100,99234,100,100075,200,99224,100
2019-06-28 09:58:10.000000000,99583,177,99563,177,99764,177,99519,177,99804,177,99481,177,99835,177,99474,177,99872,177,99381,177,99932,100,99332,100,100008,100,99306,100,100026,100,99300,100,100053,100,99234,100,100075,200,99224,100
2019-06-28 09:58:20.000000000,99583,484,99563,484,99764,100,99519,100,99804,100,99481,100,99835,100,99474,100,99872,100,99381,100,99932,100,99332,100,100008,100,99306,100,100026,100,99300,100,100053,100,99234,100,100075,200,99224,100
2019-06-28 09:58:24.667313922,99583,384,99563,484,99764,100,99519,100,99804,100,99481,100,99835,100,99474,100,99872,100,99381,100,99932,100,99332,100,100008,100,99306,100,100026,100,99300,100,100053,100,99234,100,100075,200,99224,100
2019-06-28 09:58:30.000000000,99764,231,99563,231,99804,227,99519,227,99835,227,99481,227,99872,100,99474,100,99932,100,99381,100,100008,100,99332,100,100026,100,99306,100,100053,100,99300,100,100075,200,99234,100,100078,100,99224,100
2019-06-28 09:58:40.000000000,99764,177,99563,177,99804,177,99519,177,99835,177,99481,177,99872,177,99474,177,99932,177,99381,177,100008,100,99332,100,100026,100,99306,100,100053,100,99300,100,100075,200,99234,100,100078,100,99224,100
2019-06-28 09:58:50.000000000,99764,231,99563,231,99804,227,99519,227,99835,227,99481,227,99872,100,99474,100,99932,100,99381,100,100008,100,99332,100,100026,100,99306,100,100053,100,99300,100,100075,200,99234,100,100078,100,99224,100
2019-06-28 09:58:50.636166068,99764,231,99563,231,99804,227,99519,227,99835,227,99481,227,99872,100,99474,100,99932,100,99381,100,100008,100,99332,100,100026,100,99306,100,100053,100,99300,100,100075,200,99299,100,100078,100,99234,100
2019-06-28 09:59:00.000000000,99764,292,99563,292,99804,292,99519,292,99835,100,99481,100,99872,100,99474,100,99932,100,99381,100,100008,100,99332,100,100026,100,99306,100,100053,100,99300,100,100075,200,99299,100,100078,100,99234,100
2019-06-28 09:59:10.000000000,99764,231,99563,231,99804,227,99519,227,99835,227,99481,227,99872,100,99474,100,99932,100,99381,100,100008,100,99332,100,100026,100,99306,100,100053,100,99300,100,100075,200,99299,100,100078,100,99234,100
2019-06-28 09:59:20.000000000,99764,177,99563,177,99804,177,99519,177,99835,177,99481,177,99872,177,99474,177,99932,177,99381,177,100008,100,99332,100,100026,100,99306,100,100053,100,99300,100,100075,200,99299,100,100078,100,99234,100
2019-06-28 09:59:22.000216543,99683,100,99563,177,99764,177,99519,177,99804,177,99481,77,99835,177,99474,177,99872,177,99381,177,99932,177,99332,100,100008,100,99306,100,100026,100,99300,100,100053,100,99299,100,100075,200,99234,100
2019-06-28 09:59:23.904560909,99683,100,99564,100,99764,177,99563,177,99804,177,99519,177,99835,177,99481,77,99872,177,99474,177,99932,177,99381,177,100008,100,99332,100,100026,100,99306,100,100053,100,99300,100,100075,200,99299,100
2019-06-28 09:59:30.000000000,99683,292,99564,292,99764,292,99563,292,99804,100,99519,100,99835,100,99474,100,99872,100,99381,100,99932,100,99332,100,100008,100,99306,100,100026,100,99300,100,100053,100,99299,100,100075,200,99234,100
2019-06-28 09:59:40.000000000,99683,292,99564,292,99764,292,99563,292,99804,100,99519,100,99835,100,99474,100,99872,100,99381,100,99932,100,99332,100,100008,100,99306,100,100026,100,99300,100,100053,100,99299,100,100075,200,99234,100
2019-06-28 09:59:50.000000000,99683,231,99564,231,99764,227,99563,227,99804,227,99519,227,99835,100,99474,100,99872,100,99381,100,99932,100,99332,100,100008,100,99306,100,100026,100,99300,100,100053,100,99299,100,100075,200,99234,100
2019-06-28 10:00:00.000000000,99683,196,99564,196,99764,196,99563,196,99804,196,99519,196,99835,196,99474,196,99872,100,99381,100,99932,100,99332,100,100008,100,99306,100,100026,100,99300,100,100053,100,99299,100,100075,200,99234,100
2019-06-28 10:00:10.000000000,99683,196,99564,196,99764,196,99563,196,99804,196,99519,196,99835,196,99474,196,99872,100,99381,100,99932,100,99332,100,100008,100,99306,100,100026,100,99300,100,100053,100,99299,100,100075,200,99234,100
2019-06-28 10:00:11.064253389,99683,196,99564,196,99764,196,99563,196,99804,196,99519,196,99835,196,99474,196,99872,100,99381,100,99932,100,99332,100,100008,100,99306,100,100026,100,99300,100,100028,100,99299,100,100053,100,99234,100
2019-06-28 10:00:12.151578884,99683,96,99564,196,99764,196,99563,196,99804,196,99519,196,99835,196,99474,196,99872,100,99381,100,99932,100,99332,100,100008,100,99306,100,100026,100,99300,100,100028,100,99299,100,100053,100,99234,100
2019-06-28 10:00:20.000000000,99764,196,99564,196,99804,196,99563,196,99835,196,99519,196,99872,196,99474,196,99932,100,99381,100,100008,100,99332,100,100026,100,99306,100,100028,100,99300,100,100053,100,99299,100,100075,200,99234,100
2019-06-28 10:00:30.000000000,99764,177,99564,177,99804,177,99563,177,99835,177,99519,177,99872,177,99474,177,99932,177,99381,177,100008,100,99332,100,100026,100,99306,100,100028,100,99300,100,100053,100,99299,100,100075,200,99234,100
2019-06-28 10:00:40.000000000,99764,177,99564,177,99804,177,99563,177,99835,177,99519,177,99872,177,99474,177,99932,177,99381,177,100008,100,99332,100,100026,100,99306,100,100028,100,99300,100,100053,100,99299,100,100075,200,99234,100
2019-06-28 10:00:50.000000000,99764,177,99564,177,99804,177,99563,177,99835,177,99519,177,99872,177,99474,177,99932,177,99381,177,100008,100,99332,100,100026,100,99306,100,100028,100,99300,100,100053,100,99299,100,100075,200,99234,100
2019-06-28 10:00:50.085318482,99764,77,99564,177,99804,177,99563,177,99835,177,99519,177,99872,177,99474,177,99932,177,99381,177,100008,100,99332,100,100026,100,99306,100,100028,100,99300,100,100053,100,99299,100,100075,200,99234,100
2019-06-28 10:00:55.745457138,99764,77,99564,177,99804,77,99563,177,99835,177,99519,177,99872,177,99474,177,99932,177,99381,177,100008,100,99332,100,100026,100,99306,100,100028,100,99300,100,100053,100,99299,100,100075,200,99234,100
2019-06-28 10:01:00.000000000,99835,484,99564,484,99872,100,99563,100,99932,100,99519,100,100008,100,99474,100,100026,100,99381,100,100028,100,99332,100,100053,100,99306,100,100075,200,99300,100,100078,100,99299,100,100088,100,99234,100
2019-06-28 10:01:08.407811696,99835,384,99564,484,99872,100,99563,100,99932,100,99519,100,100008,100,99474,100,100026,100,99381,100,100028,100,99332,100,100053,100,99306,100,100075,200,99300,100,100078,100,99299,100,100088,100,99234,100
2019-06-28 10:01:10.000000000,99872,231,99564,231,99932,227,99563,227,100008,227,99519,227,100026,100,99474,100,100028,100,99381,100,100053,100,99332,100,100075,200,99306,100,100078,100,99300,100,100088,100,99299,100,100509,100,99234,100
2019-06-28 10:01:20.000000000,99872,196,99564,196,99932,196,99563,196,100008,196,99519,196,100026,196,99474,196,100028,100,99381,100,100053,100,99332,100,100075,200,99306,100,100078,100,99300,100,100088,100,99299,100,100509,100,99234,100
2019-06-28 10:01:23.975396476,99872,96,99564,196,99932,196,99563,196,100008,196,99519,196,100026,196,99474,196,100028,100,99381,100,100053,100,99332,100,100075,200,99306,100,100078,100,99300,100,100088,100,99299,100,100509,100,99234,100
2019-06-28 10:01:30.000000000,99932,177,99564,177,100008,177,99563,177,100026,177,99519,177,100028,177,99474,177,100053,177,99381,177,100075,200,99332,100,100078,100,99306,100,100088,100,99300,100,100509,100,99299,100,,,99234,100
2019-06-28 10:01:39.289358359,99932,77,99564,177,100008,177,99563,177,100026,177,99519,177,100028,177,99474,177,100053,177,99381,177,100075,100,99332,100,100078,100,99306,100,100088,100,99300,100,100509,100,99299,100,,,99234,100
2019-06-28 10:01:40.000000000,100008,196,99564,196,100026,196,99563,196,100028,196,99519,196,100053,196,99474,196,100075,100,99381,100,100078,100,99332,100,100088,100,99306,100,100509,100,99300,100,,,99299,100,,,99234,100
2019-06-28 10:01:43.074819269,100008,196,99564,196,100026,196,99563,196,100028,196,99519,196,100053,196,99474,196,100075,100,99381,100,100078,100,99332,100,100088,100,99306,100,100124,100,99300,100,100509,100,99299,100,,,99234,100
2019-06-28 10:01:50.000000000,100008,196,99564,196,100026,196,99563,196,100028,196,99519,196,100053,196,99474,196,100075,100,99381,100,100078,100,99332,100,100088,100,99306,100,100124,100,99300,100,100509,100,99299,100,,,99234,100
2019-06-28 10:02:00.000000000,100008,484,99564,484,100026,100,99563,100,100028,100,99519,100,100053,100,99474,100,100075,100,99381,100,100078,100,99332,100,100088,100,99306,100,100124,100,99300,100,100509,100,99299,100,,,99234,100
2019-06-28 10:02:10.000000000,100008,177,99564,177,100026,177,99563,177,100028,177,99519,177,100053,177,99474,177,100075,177,99381,177,100078,100,99332,100,100088,100,99306,100,100124,100,99300,100,100509,100,99299,100,,,99234,100
2019-06-28 10:02:13.053942440,100008,177,99890,100,100026,177,99564,177,100028,177,99563,177,100053,177,99519,177,100075,177,99474,177,100078,100,99381,177,100088,100,99332,100,100124,100,99306,100,100509,100,99300,100,,,99299,100
2019-06-28 10:02:20.000000000,100008,196,99890,196,100026,196,99564,196,100028,196,99563,196,100053,196,99519,196,100075,100,99474,100,100078,100,99381,100,100088,100,99332,100,100124,100,99306,100,100509,100,99300,100,,,99299,100
2019-06-28 10:02:21.907385445,100008,96,99890,196,100026,196,99564,196,100028,196,99563,196,100053,196,99519,196,100075,100,99474,100,100078,100,99381,100,100124,100,99332,100,100509,100,99306,100,,,99300,100,,,99299,100
2019-06-28 10:02:30.000000000,100026,292,99890,292,100028,292,99564,292,100053,100,99563,100,100075,100,99519,100,100078,100,99474,100,100124,100,99381,100,100509,100,99332,100,,,99306,100,,,99300,100,,,99299,100
2019-06-28 10:02:31.959426142,100026,292,99890,292,100028,292,99564,292,100053,200,99563,100,100075,100,99519,100,100078,100,99474,100,100124,100,99381,100,100509,100,99332,100,,,99306,100,,,99300,100,,,99299,100
2019-06-28 10:02:40.000000000,100026,231,99890,231,100028,227,99564,227,100053,327,99563,227,100075,100,99519,100,100078,100,99474,100,100124,100,99381,100,100509,100,99332,100,,,99306,100,,,99300,100,,,99299,100
2019-06-28 10:02:50.000000000,100026,484,99890,484,100028,100,99564,100,100053,200,99563,100,100075,100,99519,100,100078,100,99474,100,100124,100,99381,100,100509,100,99332,100,,,99306,100,,,99300,100,,,99299,100
2019-06-28 10:03:00.000000000,100026,231,99890,231,100028,227,99564,227,100053,327,99563,227,100075,100,99519,100,100078,100,99474,100,100124,100,99381,100,100509,100,99332,100,,,99306,100,,,99300,100,,,99299,100
2019-06-28 10:03:10.000000000,100026,292,99890,292,100028,292,99564,292,100053,200,99563,100,100075,100,99519,100,100078,100,99474,100,100124,100,99381,100,100509,100,99332,100,,,99306,100,,,99300,100,,,99299,100
2019-06-28 10:03:20.000000000,100026,231,99890,231,100028,227,99564,227,100053,327,99563,227,100075,100,99519,100,100078,100,99474,100,100124,100,99381,100,100509,100,99332,100,,,99306,100,,,99300,100,,,99299,100
2019-06-28 10:03:29.508282544,100026,231,99890,231,100028,227,99564,227,100053,327,99563,227,100075,100,99519,100,100078,100,99474,100,100124,100,99381,100,100799,100,99332,100,,,99306,100,,,99300,100,,,99299,100
2019-06-28 10:03:30.000000000,100026,292,99890,292,100028,292,99564,292,100053,200,99563,100,100075,100,99519,100,100078,100,99474,100,100124,100,99381,100,100799,100,99332,100,,,99306,100,,,99300,100,,,99299,100
2019-06-28 10:03:40.000000000,100026,177,99890,177,100028,177,99564,177,100053,277,99563,177,100075,177,99519,177,100078,177,99474,177,100124,100,99381,100,100799,100,99332,100,,,99306,100,,,99300,100,,,99299,100
2019-06-28 10:03:49.114196820,100026,177,99890,177,100028,177,99564,177,100053,277,99563,177,100075,177,99519,177,100078,177,99474,177,100124,100,99381,100,100799,100,99332,100,100882,100,99306,100,,,99300,100,,,99299,100
2019-06-28 10:03:50.000000000,100026,177,99890,177,100028,177,99564,177,100053,277,99563,177,100075,177,99519,177,100078,177,99474,177,100124,100,99381,100,100799,100,99332,100,100882,100,99306,100,,,99300,100,,,99299,100
2019-06-28 10:03:57.991802613,100026,177,99932,100,100028,177,99890,177,100053,277,99564,177,100075,177,99563,177,100078,177,99519,177,100124,100,99474,177,100799,100,99381,100,100882,100,99332,100,,,99306,100,,,99300,100
2019-06-28 10:04:00.000000000,100026,484,99932,484,100028,100,99890,100,100053,200,99564,100,100075,100,99563,100,100078,100,99519,100,100124,100,99474,100,100799,100,99381,100,100882,100,99332,100,,,99306,100,,,99300,100
2019-06-28 10:04:10.000000000,100026,196,99932,196,100028,196,99890,196,100053,296,99564,196,100075,196,99563,196,100078,100,99519,100,100124,100,99474,100,100799,100,99381,100,100882,100,99332,100,,,99306,100,,,99300,100
2019-06-28 10:04:11.576660476,100026,196,99932,196,100028,196,99890,196,100053,296,99564,196,100075,196,99563,196,100078,100,99519,100,100124,100,99474,100,100799,100,99381,100,100882,100,99332,100,101178,100,99306,100,,,99300,100
2019-06-28 10:04:20.000000000,100026,484,99932,484,100028,100,99890,100,100053,200,99564,100,100075,100,99563,100,100078,100,99519,100,100124,100,99474,100,100799,100,99381,100,100882,100,99332,100,101178,100,99306,100,,,99300,100
2019-06-28 10:04:21.763932528,100026,384,99932,484,100028,100,99890,100,100053,200,99564,100,100075,100,99563,100,100078,100,99519,100,100124,100,99474,100,100799,100,99381,100,100882,100,99332,100,101178,100,99306,100,,,99300,100
2019-06-28 10:04:23.363385132,100026,284,99932,484,100028,100,99890,100,100053,200,99564,100,100075,100,99563,100,100078,100,99519,100,100124,100,99474,100,100799,100,99381,100,100882,100,99332,100,101178,100,99306,100,,,99300,100
2019-06-28 10:04:30.000000000,100028,231,99932,231,100053,327,99890,227,100075,227,99564,227,100078,100,99563,100,100124,100,99519,100,100799,100,99474,100,100882,100,99381,100,101178,100,99332,100,,,99306,100,,,99300,100
2019-06-28 10:04:35.812671574,100028,131,99932,231,100053,327,99890,227,100075,227,99564,227,100078,100,99563,100,100124,100,99519,100,100799,100,99474,100,100882,100,99381,100,101178,100,99332,100,,,99306,100,,,99300,100
2019-06-28 10:04:40.000000000,100053,331,99932,231,100075,227,99890,227,100078,227,99564,227,100124,100,99563,100,100799,100,99519,100,100882,100,99474,100,101178,100,99381,100,,,99332,100,,,99306,100,,,99300,100
2019-06-28 10:04:50.000000000,100053,392,99932,292,100075,292,99890,292,100078,100,99564,100,100124,100,99563,100,100799,100,99519,100,100882,100,99474,100,101178,100,99381,100,,,99332,100,,,99306,100,,,99300,100
2019-06-28 10:04:54.264924766,100053,392,99932,292,100075,292,99890,292,100078,100,99564,100,100124,100,99563,100,100799,100,99519,100,100882,100,99474,100,101178,100,99381,100,101254,100,99332,100,,,99306,100,,,99300,100
2019-06-28 10:05:00.000000000,100053,392,99932,292,100075,292,99890,292,100078,100,99564,100,100124,100,99563,100,100799,100,99519,100,100882,100,99474,100,101178,100,99381,100,101254,100,99332,100,,,99306,100,,,99300,100
2019-06-28 10:05:10.000000000,100053,392,99932,292,100075,292,99890,292,100078,100,99564,100,100124,100,99563,100,100799,100,99519,100,100882,100,99474,100,101178,100,99381,100,101254,100,99332,100,,,99306,100,,,99300,100
2019-06-28 10:05:16.806019504,100053,392,99932,292,100075,292,99890,292,100078,100,99564,100,100124,100,99563,100,100799,100,99519,100,100872,100,99474,100,100882,100,99381,100,101178,100,99332,100,101254,100,99306,100,,,99300,100
2019-06-28 10:05:20.000000000,100053,331,99932,231,100075,227,99890,227,100078,227,99564,227,100124,100,99563,100,100799,100,99519,100,100872,100,99474,100,100882,100,99381,100,101178,100,99332,100,101254,100,99306,100,,,99300,100
2019-06-28 10:05:21.252348636,100053,131,99932,231,100075,227,99890,227,100078,227,99564,227,100124,100,99563,100,100799,100,99519,100,100872,100,99474,100,100882,100,99381,100,101178,100,99332,100,101254,100,99306,100,,,99300,100
2019-06-28 10:05:21.442272623,100053,131,99932,231,100075,227,99890,227,100078,227,99564,227,100124,100,99563,100,100799,100,99519,100,100872,100,99474,100,100882,100,99381,100,101067,100,99332,100,101254,100,99306,100,,,99300,100
2019-06-28 10:05:22.247813530,100053,31,99932,231,100075,227,99890,227,100078,227,99564,227,100124,100,99563,100,100799,100,99519,100,100872,100,99474,100,100882,100,99381,100,101067,100,99332,100,101254,100,99306,100,,,99299,100
2019-06-28 10:05:30.000000000,100075,292,99932,292,100078,292,99890,292,100124,100,99564,100,100799,100,99563,100,100872,100,99519,100,100882,100,99474,100,101067,100,99381,100,101254,100,99332,100,,,99306,100,,,99299,100
2019-06-28 10:05:39.654794387,100075,292,99932,292,100078,292,99890,292,100124,100,99564,100,100745,100,99563,100,100799,100,99519,100,100872,100,99474,100,100882,100,99381,100,101067,100,99332,100,101254,100,99306,100,,,99299,100
2019-06-28 10:05:40.000000000,100075,231,99932,231,100078,227,99890,227,100124,227,99564,227,100745,100,99563,100,100799,100,99519,100,100872,100,99474,100,100882,100,99381,100,101067,100,99332,100,101254,100,99306,100,,,99299,100
2019-06-28 10:05:48.443506256,100075,131,99932,231,100078,227,99890,227,100124,227,99564,227,100745,100,99563,100,100799,100,99519,100,100872,100,99474,100,100882,100,99381,100,101067,100,99332,100,101254,100,99306,100,,,99299,100
2019-06-28 10:05:50.000000000,100078,177,99932,177,100124,177,99890,177,100745,177,99564,177,100799,177,99563,177,100872,177,99519,177,100882,100,99474,100,101067,100,99381,100,101254,100,99332,100,,,99306,100,,,99299,100
2019-06-28 10:05:52.440433855,100078,177,100053,100,100124,177,99932,177,100745,177,99890,177,100799,177,99564,177,100872,177,99563,177,100882,100,99519,177,101067,100,99474,100,101254,100,99381,100,,,99332,100,,,99306,100
2019-06-28 10:05:58.396225872,100078,177,100053,200,100124,177,99932,177,100745,177,99890,177,100799,177,99564,177,100872,177,99563,177,100882,100,99519,177,101067,100,99474,100,101254,100,99381,100,,,99332,100,,,99306,100
2019-06-28 10:06:00.000000000,100078,484,100053,584,100124,100,99932,100,100745,100,99890,100,100799,100,99564,100,100872,100,99563,100,100882,100,99519,100,101067,100,99474,100,101254,100,99381,100,,,99332,100,,,99306,100
2019-06-28 10:06:10.000000000,100078,177,100053,277,100124,177,99932,177,100745,177,99890,177,100799,177,99564,177,100872,177,99563,177,100882,100,99519,100,101067,100,99474,100,101254,100,99381,100,,,99332,100,,,99306,100
2019-06-28 10:06:17.960544626,100078,177,100053,377,100124,177,99932,177,100745,177,99890,177,100799,177,99564,177,100872,177,99563,177,100882,100,99519,100,101067,100,99474,100,101254,100,99381,100,,,99332,100,,,99306,100
2019-06-28 10:06:20.000000000,100078,292,100053,492,100124,292,99932,292,100745,100,99890,100,100799,100,99564,100,100872,100,99563,100,100882,100,99519,100,101067,100,99474,100,101254,100,99381,100,,,99332,100,,,99306,100
2019-06-28 10:06:29.312325405,100078,292,100053,492,100124,292,99932,292,100745,100,99890,100,100799,100,99564,100,100872,100,99563,100,100882,100,99519,100,101067,100,99474,100,101254,100,99381,100,,,99332,100,,,99306,100
2019-06-28 10:06:30.000000000,100078,177,100053,377,100124,177,99932,177,100745,177,99890,177,100799,177,99564,177,100872,177,99563,177,100882,100,99519,100,101067,100,99474,100,101254,100,99381,100,,,99332,100,,,99306,100
2019-06-28 10:06:40.000000000,100078,292,100053,492,100124,292,99932,292,100745,100,99890,100,100799,100,99564,100,100872,100,99563,100,100882,100,99519,100,101067,100,99474,100,101254,100,99381,100,,,99332,100,,,99306,100
2019-06-28 10:06:50.000000000,100078,484,100053,684,100124,100,99932,100,100745,100,99890,100,100799,100,99564,100,100872,100,99563,100,100882,100,99519,100,101067,100,99474,100,101254,100,99381,100,,,99332,100,,,99306,100
2019-06-28 10:06:50.448285191,100078,384,100053,684,100124,100,99932,100,100745,100,99890,100,100799,100,99564,100,100872,100,99563,100,100882,100,99519,100,101067,100,99474,100,101254,100,99381,100,,,99332,100,,,99306,100
2019-06-28 10:07:00.000000000,100124,292,100053,492,100745,292,99932,292,100799,100,99890,100,100872,100,99564,100,100882,100,99563,100,101067,100,99519,100,101254,100,99474,100,,,99381,100,,,99332,100,,,99306,100
2019-06-28 10:07:10.000000000,100124,231,100053,431,100745,227,99932,227,100799,227,99890,227,100872,100,99564,100,100882,100,99563,100,101067,100,99519,100,101254,100,99474,100,,,99381,100,,,99332,100,,,99306,100
2019-06-28 10:07:20.000000000,100124,231,100053,431,100745,227,99932,227,100799,227,99890,227,100872,100,99564,100,100882,100,99563,100,101067,100,99519,100,101254,100,99474,100,,,99381,100,,,99332,100,,,99306,100
2019-06-28 10:07:22.726640630,100124,131,100053,431,100745,227,99932,227,100799,227,99890,127,100872,100,99564,100,100882,100,99563,100,101067,100,99519,100,101254,100,99474,100,,,99381,100,,,99332,100,,,99306,100
2019-06-28 10:07:30.000000000,100745,484,100053,684,100799,100,99932,100,100872,100,99564,100,100882,100,99563,100,101067,100,99519,100,101254,100,99474,100,,,99381,100,,,99332,100,,,99306,100,,,99299,100
2019-06-28 10:07:34.328597275,100745,484,100078,100,100799,100,100053,684,100872,100,99932,100,100882,100,99564,100,101067,100,99563,100,101254,100,99519,100,,,99474,100,,,99381,100,,,99332,100,,,99306,100
2019-06-28 10:07:40.000000000,100745,231,100078,231,100799,227,100053,427,100872,227,99932,227,100882,100,99564,100,101067,100,99563,100,101254,100,99519,100,,,99474,100,,,99381,100,,,99332,100,,,99306,100
2019-06-28 10:07:45.582070049,100745,231,100078,231,100799,227,100053,427,100872,227,99932,227,100882,100,99564,100,101067,100,99519,100,101254,100,99474,100,,,99381,100,,,99332,100,,,99306,100,,,99299,100
2019-06-28 10:07:48.281942732,100709,100,100078,231,100745,231,100053,427,100799,227,99932,227,100872,227,99564,100,100882,100,99519,100,101067,100,99474,100,101254,100,99381,100,,,99332,100,,,99306,100,,,99299,100
2019-06-28 10:07:48.716005471,100709,100,100078,331,100745,231,100053,427,100799,227,99932,227,100872,227,99564,100,100882,100,99519,100,101067,100,99474,100,101254,100,99381,100,,,99332,100,,,99306,100,,,99299,100
2019-06-28 10:07:50.000000000,100709,196,100078,296,100745,196,100053,396,100799,196,99932,196,100872,196,99564,196,100882,100,99519,100,101067,100,99474,100,101254,100,99381,100,,,99332,100,,,99306,100,,,99299,100
2019-06-28 10:08:00.000000000,100709,484,100078,584,100745,100,100053,300,100799,100,99932,100,100872,100,99564,100,100882,100,99519,100,101067,100,99474,100,101254,100,99381,100,,,99332,100,,,99306,100,,,99299,100
2019-06-28 10:08:02.217600407,100709,484,100078,584,100710,100,100053,300,100745,100,99932,100,100799,100,99564,100,100872,100,99519,100,100882,100,99474,100,101067,100,99381,100,101254,100,99306,100,,,99299,100,,,99234,100
2019-06-28 10:08:10.000000000,100709,292,100078,392,100710,292,100053,492,100745,100,99932,100,100799,100,99564,100,100872,100,99519,100,100882,100,99474,100,101067,100,99381,100,101254,100,99306,100,,,99299,100,,,99234,100
2019-06-28 10:08:20.000000000,100709,484,100078,584,100710,100,100053,300,100745,100,99932,100,100799,100,99564,100,100872,100,99519,100,100882,100,99474,100,101067,100,99381,100,101254,100,99306,100,,,99299,100,,,99234,100
2019-06-28 10:08:22.419203295,100709,484,100078,684,100710,100,100053,300,100745,100,99932,100,100799,100,99564,100,100872,100,99519,100,100882,100,99474,100,101067,100,99381,100,101254,100,99306,100,,,99299,100,,,99234,100
2019-06-28 10:08:30.000000000,100709,177,100078,377,100710,177,100053,377,100745,177,99932,177,100799,177,99564,177,100872,177,99519,177,100882,100,99474,100,101067,100,99381,100,101254,100,99306,100,,,99299,100,,,99234,100
