,ask_price_1,ask_size_1,bid_price_1,bid_size_1,ask_price_2,ask_size_2,bid_price_2,bid_size_2,ask_price_3,ask_size_3,bid_price_3,bid_size_3,ask_price_4,ask_size_4,bid_price_4,bid_size_4,ask_price_5,ask_size_5,bid_price_5,bid_size_5,ask_price_6,ask_size_6,bid_price_6,bid_size_6,ask_price_7,ask_size_7,bid_price_7,bid_size_7,ask_price_8,ask_size_8,bid_price_8,bid_size_8,ask_price_9,ask_size_9,bid_price_9,bid_size_9,ask_price_10,ask_size_10,bid_price_10,bid_size_10
2019-06-28 09:30:00.000000000,,,99846,100,,,99824,100,,,,,,,,,,,,,,,,,,,,,,,,,,,,,,,,
2019-06-28 09:30:00.000000003,,,99846,100,,,99824,100,,,99814,100,,,,,,,,,,,,,,,,,,,,,,,,,,,,
2019-06-28 09:30:00.000000006,99993,100,99846,100,,,99824,100,,,99814,100,,,,,,,,,,,,,,,,,,,,,,,,,,,,
2019-06-28 09:30:00.000000007,99993,100,99846,100,100035,100,99824,100,,,99814,100,,,,,,,,,,,,,,,,,,,,,,,,,,,,
2019-06-28 09:30:00.000000009,99993,100,99939,100,100035,100,99846,100,,,99845,100,,,99824,100,,,99814,100,,,,,,,,,,,,,,,,,,,,
2019-06-28 09:30:00.000000011,99993,100,99939,100,100035,100,99899,100,,,99846,100,,,99845,100,,,99824,100,,,99814,100,,,,,,,,,,,,,,,,
2019-06-28 09:30:00.000000012,99993,100,99939,100,100024,100,99899,100,100032,100,99846,100,100035,100,99845,100,100036,100,99824,100,100071,100,99814,100,,,,,,,,,,,,,,,,
2019-06-28 09:30:00.000000020,99993,100,99939,100,100024,100,99899,100,100032,100,99846,100,100035,100,99845,100,100036,100,99824,100,100071,100,99814,100,100075,100,,,,,,,,,,,,,,
2019-06-28 09:30:00.000000022,99993,100,99939,100,100024,100,99899,100,100032,100,99846,100,100033,100,99845,100,100035,100,99824,100,100036,100,99814,100,100071,100,,,100075,100,,,100096,100,,,100118,100,,
2019-06-28 09:30:00.000000023,99993,100,99939,100,100024,100,99901,100,100032,100,99899,100,100033,100,99846,100,100035,100,99845,100,100036,100,99824,100,100071,100,99814,100,100075,100,,,100096,100,,,100118,100,,
2019-06-28 09:30:00.000000025,99993,100,99939,100,99999,100,99901,100,100024,100,99899,100,100032,100,99846,100,100033,100,99845,100,100035,100,99824,100,100036,100,99814,100,100063,100,,,100071,100,,,100075,100,,
2019-06-28 09:30:00.000000028,99993,100,99939,100,99999,100,99901,100,100024,100,99899,100,100032,100,99874,100,100033,100,99846,100,100035,100,99845,100,100036,100,99824,100,100063,100,99814,100,100071,100,,,100075,100,,
2019-06-28 09:30:00.000000029,99993,100,99965,100,99999,100,99939,100,100024,100,99901,100,100032,100,99899,100,100033,100,99874,100,100035,100,99846,100,100036,100,99845,100,100063,100,99824,100,100071,100,99814,100,100075,100,,
2019-06-28 09:30:00.000000033,99993,100,99965,100,99999,100,99939,100,100024,100,99901,100,100032,100,99899,100,100033,100,99874,100,100035,100,99846,100,100036,100,99845,100,100063,100,99824,100,100071,100,99816,100,100075,100,99814,100
2019-06-28 09:30:00.000000037,99993,100,99939,100,99999,100,99901,100,100024,100,99899,100,100032,100,99874,100,100033,100,99846,100,100035,100,99845,100,100036,100,99824,100,100063,100,99816,100,100071,100,99814,100,100075,100,,
2019-06-28 09:30:00.000000040,99993,100,99901,100,99999,100,99899,100,100024,100,99874,100,100032,100,99846,100,100033,100,99845,100,100035,100,99824,100,100036,100,99816,100,100063,100,99814,100,100071,100,,,100075,100,,
2019-06-28 09:30:00.000000041,99993,100,99901,100,99999,100,99899,100,100017,100,99874,100,100024,100,99846,100,100032,100,99845,100,100033,100,99824,100,100035,100,99816,100,100036,100,99814,100,100063,100,,,100071,100,,
2019-06-28 09:30:00.000000043,99993,100,99939,100,99999,100,99901,100,100017,100,99899,100,100024,100,99874,100,100032,100,99846,100,100033,100,99845,100,100035,100,99824,100,100036,100,99816,100,100063,100,99814,100,100071,100,,
2019-06-28 09:30:00.000000046,99993,100,99939,200,99999,100,99901,100,100017,100,99899,100,100024,100,99874,100,100032,100,99846,100,100033,100,99845,100,100035,100,99824,100,100036,100,99816,100,100041,100,99814,100,100063,100,,
2019-06-28 09:30:00.000000048,99993,100,99939,300,99999,100,99901,100,100017,100,99899,100,100024,100,99874,100,100032,100,99846,100,100033,100,99845,100,100035,100,99824,100,100036,100,99816,100,100041,100,99814,100,100063,100,,
2019-06-28 09:30:00.000000049,99993,100,99942,100,99999,100,99939,300,100017,100,99901,100,100024,100,99899,100,100032,100,99874,100,100033,100,99846,100,100035,100,99845,100,100036,100,99824,100,100041,100,99816,100,100063,100,99814,100
2019-06-28 09:30:00.000000051,99999,100,99942,100,100017,100,99939,300,100024,100,99901,100,100032,100,99899,100,100033,100,99874,100,100035,100,99846,100,100036,100,99845,100,100041,100,99824,100,100051,100,99816,100,100063,100,99814,100
2019-06-28 09:30:00.000000052,99999,100,99942,100,100017,100,99939,300,100024,100,99901,100,100032,100,99899,100,100033,100,99874,100,100035,100,99851,100,100036,100,99846,100,100041,100,99845,100,100051,100,99824,100,100063,100,99816,100
2019-06-28 09:30:00.000000053,99999,100,99948,100,100017,100,99942,100,100024,100,99939,300,100032,100,99901,100,100033,100,99899,100,100035,100,99874,100,100036,100,99851,100,100041,100,99846,100,100051,100,99845,100,100063,100,99824,100
2019-06-28 09:30:00.000000056,99999,100,99948,100,100017,100,99942,100,100024,100,99939,300,100032,100,99901,100,100033,100,99899,100,100035,100,99874,100,100036,100,99851,100,100041,100,99846,100,100051,100,99845,100,100063,100,99824,100
2019-06-28 09:30:00.000000059,99999,100,99948,100,100017,100,99942,100,100024,100,99939,300,100032,100,99917,100,100033,100,99901,100,100035,100,99899,100,100036,100,99874,100,100041,100,99851,100,100051,100,99846,100,100063,100,99845,100
2019-06-28 09:30:00.000000060,99999,100,99948,100,100017,100,99943,100,100024,100,99942,100,100032,100,99939,300,100033,100,99917,100,100035,100,99901,100,100036,100,99899,100,100041,100,99874,100,100051,100,99851,100,100063,100,99846,100
2019-06-28 09:30:00.000000061,99999,100,99958,100,100017,100,99948,100,100024,100,99943,100,100032,100,99942,100,100033,100,99939,300,100035,100,99917,100,100036,100,99901,100,100041,100,99899,100,100051,100,99874,100,100063,100,99851,100
2019-06-28 09:30:00.000000062,99999,100,99958,100,100017,100,99948,100,100024,100,99943,100,100032,100,99942,100,100033,100,99939,300,100035,100,99934,100,100036,100,99917,100,100041,100,99901,100,100051,100,99899,100,100063,100,99874,100
2019-06-28 09:30:00.000000065,99999,100,99958,100,100017,100,99948,100,100024,100,99943,200,100027,100,99942,100,100032,100,99939,300,100033,100,99934,100,100035,100,99917,100,100036,100,99901,100,100041,100,99899,100,100051,100,99874,100
2019-06-28 09:30:00.000000068,99999,100,99958,100,100005,100,99948,100,100017,100,99943,200,100024,100,99942,100,100027,100,99939,300,100032,100,99934,100,100033,100,99917,100,100035,100,99901,100,100036,100,99899,100,100041,100,99874,100
2019-06-28 09:30:00.000000069,99999,100,99958,100,100005,100,99948,100,100017,100,99943,200,100024,100,99942,100,100027,100,99939,300,100032,100,99934,100,100033,100,99917,100,100035,100,99901,100,100036,100,99899,100,100041,100,99874,100
2019-06-28 09:30:00.000000071,99999,100,99958,100,100005,100,99948,100,100017,100,99943,200,100024,100,99942,100,100027,100,99939,300,100032,100,99936,100,100033,100,99934,100,100035,100,99917,100,100036,100,99901,100,100041,100,99899,100
2019-06-28 09:30:00.000000072,99999,100,99958,100,100005,100,99948,100,100017,100,99943,200,100024,100,99942,100,100027,100,99939,300,100032,100,99936,100,100033,100,99934,100,100035,100,99919,100,100036,100,99917,100,100041,100,99901,100
2019-06-28 09:30:00.000000074,99999,100,99958,100,100005,100,99948,100,100017,100,99943,200,100024,100,99942,100,100027,100,99939,300,100032,100,99936,100,100033,100,99934,100,100035,100,99919,100,100036,100,99917,100,100041,100,99901,100
2019-06-28 09:30:00.000000082,99999,100,99958,100,100005,100,99948,100,100017,100,99943,200,100024,100,99942,100,100027,100,99939,300,100032,100,99936,100,100033,100,99934,100,100035,100,99919,100,100036,100,99917,100,100041,100,99901,100
2019-06-28 09:30:00.000000083,99999,100,99967,100,100005,100,99958,100,100017,100,99948,100,100024,100,99943,200,100027,100,99942,100,100032,100,99939,300,100033,100,99936,100,100035,100,99934,100,100036,100,99919,100,100041,100,99917,100
2019-06-28 09:30:00.000000084,99999,100,99967,100,100005,100,99958,100,100017,100,99948,100,100024,100,99943,300,100027,100,99942,100,100032,100,99939,300,100033,100,99936,100,100035,100,99934,100,100036,100,99919,100,100041,100,99917,100
2019-06-28 09:30:00.000000085,99999,100,99967,100,100005,100,99958,100,100017,100,99948,100,100024,100,99943,300,100027,100,99942,100,100032,100,99939,300,100033,100,99936,100,100035,100,99934,100,100036,100,99919,100,100041,100,99917,100
2019-06-28 09:30:00.000000087,99999,100,99967,100,100005,100,99958,100,100017,100,99948,100,100024,100,99943,300,100027,100,99942,100,100032,100,99939,300,100033,100,99936,100,100035,100,99934,100,100036,100,99919,100,100041,100,99917,100
2019-06-28 09:30:00.000000088,99999,100,99967,100,100005,100,99958,100,100017,100,99948,100,100024,100,99943,400,100027,100,99942,100,100032,100,99939,300,100033,100,99936,100,100035,100,99934,100,100036,100,99919,100,100041,100,99917,100
2019-06-28 09:30:00.000000090,99999,100,99967,100,100005,100,99958,100,100017,100,99948,100,100024,100,99943,400,100027,100,99942,100,100032,100,99939,300,100033,100,99936,100,100035,100,99934,100,100036,100,99919,100,100041,100,99917,100
2019-06-28 09:30:00.000000091,99999,100,99967,100,100005,100,99958,100,100017,100,99948,100,100024,100,99943,500,100027,100,99942,100,100032,100,99939,300,100033,100,99936,100,100035,100,99934,100,100036,100,99919,100,100041,100,99917,100
2019-06-28 09:30:00.000000092,99999,100,99967,100,100005,100,99958,100,100017,100,99948,100,100024,100,99943,600,100027,100,99942,100,100032,100,99939,300,100033,100,99936,100,100035,100,99934,100,100036,100,99919,100,100041,100,99917,100
2019-06-28 09:30:00.000000093,99999,100,99967,100,100005,100,99958,100,100017,100,99948,100,100024,100,99943,700,100027,100,99942,100,100032,100,99939,300,100033,100,99936,100,100035,100,99934,100,100036,100,99919,100,100041,100,99917,100
2019-06-28 09:30:00.000000097,100005,100,99967,100,100017,100,99958,100,100024,100,99948,100,100027,100,99943,700,100032,100,99942,100,100033,100,99939,300,100035,100,99936,100,100036,100,99934,100,100041,100,99919,100,100051,100,99917,100
2019-06-28 09:30:00.000000099,100005,100,99967,100,100017,100,99958,100,100024,100,99948,100,100027,100,99943,700,100032,100,99942,100,100033,100,99939,300,100035,100,99936,100,100036,100,99934,100,100041,100,99919,100,100051,100,99917,100
2019-06-28 09:30:04.228913753,100005,100,99967,100,100017,100,99958,100,100024,100,99948,100,100027,100,99943,700,100032,100,99942,100,100033,100,99939,300,100035,100,99936,100,100041,100,99934,100,100051,100,99919,100,100059,100,99917,100
2019-06-28 09:30:10.000000000,100005,198,99967,198,100017,198,99958,198,100024,198,99948,198,100027,198,99943,798,100032,100,99942,100,100033,100,99939,300,100035,100,99936,100,100041,100,99934,100,100051,100,99919,100,100059,100,99917,100
2019-06-28 09:30:10.809188301,100005,198,99967,198,100013,100,99958,198,100017,198,99948,198,100024,198,99943,798,100027,198,99942,100,100032,100,99939,300,100033,100,99936,100,100035,100,99934,100,100041,100,99919,100,100051,100,99917,100
2019-06-28 09:30:20.000000000,100005,198,99967,198,100013,198,99958,198,100017,198,99948,198,100024,198,99943,798,100027,100,99942,100,100032,100,99939,300,100033,100,99936,100,100035,100,99934,100,100041,100,99919,100,100051,100,99917,100
2019-06-28 09:30:30.000000000,100005,297,99967,297,100013,297,99958,297,100017,100,99948,100,100024,100,99943,700,100027,100,99942,100,100032,100,99939,300,100033,100,99936,100,100035,100,99934,100,100041,100,99919,100,100051,100,99917,100
2019-06-28 09:30:40.000000000,100005,234,99967,234,100013,230,99958,230,100017,230,99948,230,100024,100,99943,700,100027,100,99942,100,100032,100,99939,300,100033,100,99936,100,100035,100,99934,100,100041,100,99919,100,100051,100,99917,100
2019-06-28 09:30:50.000000000,100005,179,99967,179,100013,179,99958,179,100017,179,99948,179,100024,179,99943,779,100027,179,99942,179,100032,100,99939,300,100033,100,99936,100,100035,100,99934,100,100041,100,99919,100,100051,100,99917,100
2019-06-28 09:30:59.861831788,100005,179,99993,100,100013,179,99967,179,100017,179,99958,179,100024,179,99948,179,100027,179,99943,679,100032,100,99942,179,100033,100,99939,300,100035,100,99936,100,100041,100,99934,100,100051,100,99919,100
2019-06-28 09:31:00.000000000,100005,198,99993,198,100013,198,99967,198,100017,198,99958,198,100024,198,99948,198,100027,100,99943,600,100032,100,99942,100,100033,100,99939,300,100035,100,99936,100,100041,100,99934,100,100051,100,99919,100
2019-06-28 09:31:07.697605734,100005,198,99993,198,100013,198,99967,198,100017,198,99958,98,100024,198,99948,198,100027,100,99943,600,100032,100,99942,100,100033,100,99939,300,100035,100,99936,100,100041,100,99934,100,100051,100,99919,100
2019-06-28 09:31:10.000000000,100005,494,99993,494,100013,100,99967,100,100017,100,99948,100,100024,100,99943,600,100027,100,99942,100,100032,100,99939,300,100033,100,99936,100,100035,100,99934,100,100041,100,99919,100,100051,100,99917,100
2019-06-28 09:31:18.861945579,100005,494,99993,494,100013,100,99967,100,100017,100,99948,100,100024,100,99943,600,100027,100,99942,100,100032,100,99939,300,100033,100,99936,100,100035,100,99934,100,100041,100,99919,100,100051,100,99917,100
2019-06-28 09:31:20.000000000,100005,198,99993,198,100013,198,99967,198,100017,198,99948,198,100024,198,99943,698,100027,100,99942,100,100032,100,99939,300,100033,100,99936,100,100035,100,99934,100,100041,100,99919,100,100051,100,99917,100
2019-06-28 09:31:22.046570990,100005,198,99993,198,100013,198,99967,198,100017,198,99948,198,100024,198,99943,698,100027,100,99942,100,100032,100,99939,300,100033,100,99936,100,100035,100,99934,100,100041,100,99919,100,100051,100,99917,100
2019-06-28 09:31:30.000000000,100005,198,99993,198,100013,198,99967,198,100017,198,99948,198,100024,198,99943,698,100027,100,99942,100,100032,100,99939,300,100033,100,99936,100,100035,100,99934,100,100041,100,99919,100,100051,100,99917,100
2019-06-28 09:31:40.000000000,100005,494,99993,494,100013,100,99967,100,100017,100,99948,100,100024,100,99943,600,100027,100,99942,100,100032,100,99939,300,100033,100,99936,100,100035,100,99934,100,100041,100,99919,100,100051,100,99917,100
2019-06-28 09:31:48.217351733,100005,494,100003,100,100013,100,99993,494,100017,100,99967,100,100024,100,99948,100,100027,100,99943,600,100032,100,99942,100,100033,100,99939,300,100035,100,99936,100,100041,100,99934,100,100051,100,99919,100
2019-06-28 09:31:50.000000000,100005,198,100003,198,100013,198,99993,198,100017,198,99967,198,100024,198,99948,198,100027,100,99943,600,100032,100,99942,100,100033,100,99939,300,100035,100,99936,100,100041,100,99934,100,100051,100,99919,100
2019-06-28 09:31:56.191789268,100005,198,100003,198,100013,198,99993,298,100017,198,99967,198,100024,198,99948,198,100027,100,99943,600,100032,100,99942,100,100033,100,99939,300,100035,100,99936,100,100041,100,99934,100,100051,100,99919,100
2019-06-28 09:32:00.000000000,100005,234,100003,234,100013,230,99993,330,100017,230,99967,230,100024,100,99948,100,100027,100,99943,600,100032,100,99942,100,100033,100,99939,300,100035,100,99936,100,100041,100,99934,100,100051,100,99919,100
2019-06-28 09:32:10.000000000,100005,297,100003,297,100013,297,99993,397,100017,100,99967,100,100024,100,99948,100,100027,100,99943,600,100032,100,99942,100,100033,100,99939,300,100035,100,99936,100,100041,100,99934,100,100051,100,99919,100
2019-06-28 09:32:16.907213043,100005,197,100003,297,100013,297,99993,397,100017,100,99967,100,100024,100,99948,100,100027,100,99943,600,100032,100,99942,100,100033,100,99939,300,100035,100,99936,100,100041,100,99934,100,100051,100,99919,100
2019-06-28 09:32:20.000000000,100013,297,100003,297,100017,297,99993,397,100024,100,99967,100,100027,100,99948,100,100032,100,99943,600,100033,100,99942,100,100035,100,99939,300,100041,100,99936,100,100051,100,99934,100,100059,100,99919,100
2019-06-28 09:32:30.000000000,100013,234,100003,234,100017,230,99993,330,100024,230,99967,230,100027,100,99948,100,100032,100,99943,600,100033,100,99942,100,100035,100,99939,300,100041,100,99936,100,100051,100,99934,100,100059,100,99919,100
2019-06-28 09:32:40.000000000,100013,234,100003,234,100017,230,99993,330,100024,230,99967,230,100027,100,99948,100,100032,100,99943,600,100033,100,99942,100,100035,100,99939,300,100041,100,99936,100,100051,100,99934,100,100059,100,99919,100
2019-06-28 09:32:50.000000000,100013,297,100003,297,100017,297,99993,397,100024,100,99967,100,100027,100,99948,100,100032,100,99943,600,100033,100,99942,100,100035,100,99939,300,100041,100,99936,100,100051,100,99934,100,100059,100,99919,100
2019-06-28 09:32:54.445098446,100013,297,100003,297,100017,297,99993,397,100024,100,99967,100,100027,100,99948,100,100032,100,99943,600,100033,100,99942,100,100035,100,99939,300,100041,100,99936,100,100051,100,99934,100,100059,100,99919,100
2019-06-28 09:33:00.000000000,100013,234,100003,234,100017,230,99993,330,100024,230,99967,230,100027,100,99948,100,100032,100,99943,600,100033,100,99942,100,100035,100,99939,300,100041,100,99936,100,100051,100,99934,100,100059,100,99919,100
2019-06-28 09:33:10.000000000,100013,234,100003,234,100017,230,99993,330,100024,230,99967,230,100027,100,99948,100,100032,100,99943,600,100033,100,99942,100,100035,100,99939,300,100041,100,99936,100,100051,100,99934,100,100059,100,99919,100
2019-06-28 09:33:20.000000000,100013,234,100003,234,100017,230,99993,330,100024,230,99967,230,100027,100,99948,100,100032,100,99943,600,100033,100,99942,100,100035,100,99939,300,100041,100,99936,100,100051,100,99934,100,100059,100,99919,100
2019-06-28 09:33:26.824568244,100013,234,100003,234,100017,230,99993,330,100024,230,99967,230,100027,100,99948,100,100032,100,99943,600,100033,100,99942,100,100035,100,99939,300,100041,100,99936,100,100051,100,99934,100,100059,100,99919,100
2019-06-28 09:33:28.598937714,100013,134,100003,234,100017,230,99993,330,100024,230,99967,230,100027,100,99948,100,100032,100,99943,600,100033,100,99942,100,100035,100,99939,300,100041,100,99936,100,100051,100,99934,100,100059,100,99919,100
2019-06-28 09:33:30.000000000,100017,297,100003,297,100024,297,99993,397,100027,100,99967,100,100032,100,99948,100,100033,100,99943,600,100035,100,99942,100,100041,100,99939,300,100051,100,99936,100,100059,100,99934,100,100063,100,99919,100
2019-06-28 09:33:40.000000000,100017,494,100003,494,100024,100,99993,200,100027,100,99967,100,100032,100,99948,100,100033,100,99943,600,100035,100,99942,100,100041,100,99939,300,100051,100,99936,100,100059,100,99934,100,100063,100,99919,100
2019-06-28 09:33:50.000000000,100017,494,100003,494,100024,100,99993,200,100027,100,99967,100,100032,100,99948,100,100033,100,99943,600,100035,100,99942,100,100041,100,99939,300,100051,100,99936,100,100059,100,99934,100,100063,100,99919,100
2019-06-28 09:33:50.615124556,100017,394,100003,494,100024,100,99993,200,100027,100,99967,100,100032,100,99948,100,100033,100,99943,600,100035,100,99942,100,100041,100,99939,300,100051,100,99936,100,100059,100,99934,100,100063,100,99919,100
2019-06-28 09:34:00.000000000,100024,297,100003,297,100027,297,99993,397,100032,100,99967,100,100033,100,99948,100,100035,100,99943,600,100041,100,99942,100,100051,100,99939,300,100059,100,99936,100,100063,100,99934,100,100071,100,99919,100
2019-06-28 09:34:01.849620403,100024,297,100003,297,100027,297,99993,397,100032,100,99967,100,100033,100,99948,100,100035,100,99943,600,100041,100,99942,100,100051,100,99939,300,100059,100,99936,100,100063,100,99934,100,100071,100,99919,100
2019-06-28 09:34:05.129645538,100024,297,100003,297,100027,297,99993,397,100032,100,99967,100,100033,100,99948,100,100035,100,99943,600,100041,100,99942,100,100051,100,99939,300,100059,100,99936,100,100063,100,99934,100,100071,100,99919,100
2019-06-28 09:34:10.000000000,100024,297,100003,297,100027,297,99993,397,100032,100,99967,100,100033,100,99948,100,100035,100,99943,600,100041,100,99942,100,100051,100,99939,300,100059,100,99936,100,100063,100,99934,100,100071,100,99919,100
2019-06-28 09:34:20.000000000,100024,234,100003,234,100027,230,99993,330,100032,230,99967,230,100033,100,99948,100,100035,100,99943,600,100041,100,99942,100,100051,100,99939,300,100059,100,99936,100,100063,100,99934,100,100071,100,99919,100
2019-06-28 09:34:27.365317140,100024,234,100003,234,100027,230,99993,330,100032,230,99967,230,100033,100,99948,100,100035,100,99943,600,100041,100,99942,100,100051,100,99939,300,100059,100,99936,100,100063,100,99934,100,100071,100,99919,100
2019-06-28 09:34:30.000000000,100024,179,100003,179,100027,179,99993,279,100032,179,99967,179,100033,179,99948,179,100035,179,99943,679,100041,100,99942,100,100051,100,99939,300,100059,100,99936,100,100063,100,99934,100,100071,100,99919,100
2019-06-28 09:34:39.431690764,100024,79,100003,179,100027,179,99993,279,100032,179,99967,179,100033,179,99948,179,100035,179,99943,679,100041,100,99942,100,100051,100,99939,300,100059,100,99936,100,100063,100,99934,100,100071,100,99919,100
2019-06-28 09:34:40.000000000,100027,297,100003,297,100032,297,99993,397,100033,100,99967,100,100035,100,99948,100,100041,100,99943,600,100051,100,99942,100,100059,100,99939,300,100063,100,99936,100,100071,100,99934,100,100074,100,99919,100
2019-06-28 09:34:42.662954481,100027,297,100003,297,100032,297,99993,397,100033,100,99967,100,100035,100,99948,100,100041,100,99943,600,100051,100,99942,100,100059,100,99939,300,100063,100,99936,100,100071,100,99934,100,100074,100,99919,100
2019-06-28 09:34:50.000000000,100027,494,100003,494,100032,100,99993,200,100033,100,99967,100,100035,100,99948,100,100041,100,99943,600,100051,100,99942,100,100059,100,99939,300,100063,100,99936,100,100071,100,99934,100,100074,100,99919,100
2019-06-28 09:34:51.761881333,100027,494,100017,100,100032,100,100003,494,100033,100,99993,200,100035,100,99967,100,100041,100,99948,100,100051,100,99943,500,100059,100,99942,100,100063,100,99939,300,100071,100,99936,100,100074,100,99934,100
2019-06-28 09:34:55.377519441,100027,494,100017,100,100032,100,100003,494,100033,100,99993,200,100035,100,99967,100,100041,100,99948,100,100051,100,99943,500,100059,100,99942,100,100063,100,99939,300,100071,100,99936,100,100074,100,99934,100
2019-06-28 09:34:56.719981277,100027,494,100017,100,100032,100,100003,494,100033,100,99993,200,100035,100,99985,100,100041,100,99967,100,100051,100,99948,100,100059,100,99943,500,100063,100,99942,100,100071,100,99939,300,100074,100,99936,100
2019-06-28 09:35:00.000000000,100027,198,100017,198,100032,198,100003,198,100033,198,99993,298,100035,198,99985,198,100041,100,99967,100,100051,100,99948,100,100059,100,99943,500,100063,100,99942,100,100071,100,99939,300,100074,100,99936,100
2019-06-28 09:35:01.972450798,100027,198,100017,198,100032,198,100003,198,100033,198,99993,298,100035,198,99985,198,100041,100,99967,100,100051,100,99948,100,100059,100,99943,500,100063,100,99942,100,100071,100,99939,300,100074,100,99936,200
2019-06-28 09:35:04.511130498,100027,198,100017,98,100032,198,100003,198,100033,198,99993,298,100035,198,99985,198,100041,100,99967,100,100051,100,99948,100,100059,100,99943,500,100063,100,99942,100,100071,100,99939,300,100074,100,99936,200
2019-06-28 09:35:10.000000000,100027,179,100003,179,100032,179,99993,279,100033,179,99985,179,100035,179,99967,179,100041,179,99948,179,100051,100,99943,500,100059,100,99942,100,100063,100,99939,300,100071,100,99936,200,100074,100,99934,100
2019-06-28 09:35:20.000000000,100027,297,100003,297,100032,297,99993,397,100033,100,99985,100,100035,100,99967,100,100041,100,99948,100,100051,100,99943,500,100059,100,99942,100,100063,100,99939,300,100071,100,99936,200,100074,100,99934,100
2019-06-28 09:35:20.169506652,100027,297,100003,297,100032,297,99993,397,100033,100,99967,100,100035,100,99948,100,100041,100,99943,500,100051,100,99942,100,100059,100,99939,300,100063,100,99936,200,100071,100,99934,100,100074,100,99919,100
2019-06-28 09:35:29.491011689,100027,297,100003,297,100032,297,99993,397,100033,100,99967,100,100035,100,99948,100,100041,100,99943,500,100051,100,99942,100,100059,100,99939,300,100063,100,99937,100,100071,100,99936,200,100074,100,99934,100
2019-06-28 09:35:30.000000000,100027,297,100003,297,100032,297,99993,397,100033,100,99967,100,100035,100,99948,100,100041,100,99943,500,100051,100,99942,100,100059,100,99939,300,100063,100,99937,100,100071,100,99936,200,100074,100,99934,100
2019-06-28 09:35:36.897491638,100027,297,100017,100,100032,297,100003,297,100033,100,99993,397,100041,100,99967,100,100051,100,99948,100,100059,100,99943,500,100063,100,99942,100,100071,100,99939,300,100074,100,99937,100,100096,100,99936,200
2019-06-28 09:35:40.000000000,100027,198,100017,198,100032,198,100003,198,100033,198,99993,298,100041,198,99967,198,100051,100,99948,100,100059,100,99943,500,100063,100,99942,100,100071,100,99939,300,100074,100,99937,100,100096,100,99936,200
2019-06-28 09:35:46.783656420,100027,198,100017,198,100032,198,100003,198,100033,198,99993,298,100041,198,99967,198,100051,100,99948,100,100059,100,99943,500,100063,100,99942,100,100071,100,99939,300,100074,100,99937,100,100096,100,99936,200
2019-06-28 09:35:47.160402510,100027,98,100017,198,100032,198,100003,198,100033,198,99993,298,100041,198,99967,198,100051,100,99948,100,100059,100,99943,500,100063,100,99942,100,100071,100,99939,300,100074,100,99937,100,100096,100,99936,200
2019-06-28 09:35:50.000000000,100032,234,100017,234,100033,230,100003,230,100041,230,99993,330,100051,100,99967,100,100059,100,99948,100,100063,100,99943,500,100071,100,99942,100,100074,100,99939,300,100096,100,99937,100,100106,100,99936,200
2019-06-28 09:35:54.332693967,100032,234,100017,234,100033,230,100003,230,100041,230,99993,330,100051,100,99967,200,100059,100,99943,500,100063,100,99942,100,100071,100,99939,300,100074,100,99937,100,100096,100,99936,200,100106,100,99934,100
2019-06-28 09:36:00.000000000,100032,179,100017,179,100033,179,100003,179,100041,179,99993,279,100051,179,99967,279,100059,179,99943,579,100063,100,99942,100,100071,100,99939,300,100074,100,99937,100,100096,100,99936,200,100106,100,99934,100
2019-06-28 09:36:08.458644071,100032,179,100017,179,100033,179,100003,179,100041,179,99993,279,100051,179,99967,279,100059,179,99943,579,100063,100,99942,100,100071,100,99939,300,100074,100,99937,100,100096,100,99936,200,100106,100,99934,100
2019-06-28 09:36:10.000000000,100032,297,100017,297,100033,297,100003,297,100041,100,99993,200,100051,100,99967,200,100059,100,99943,500,100063,100,99942,100,100071,100,99939,300,100074,100,99937,100,100096,100,99936,200,100106,100,99934,100
2019-06-28 09:36:20.000000000,100032,297,100017,297,100033,297,100003,297,100041,100,99993,200,100051,100,99967,200,100059,100,99943,500,100063,100,99942,100,100071,100,99939,300,100074,100,99937,100,100096,100,99936,200,100106,100,99934,100
2019-06-28 09:36:30.000000000,100032,179,100017,179,100033,179,100003,179,100041,179,99993,279,100051,179,99967,279,100059,179,99943,579,100063,100,99942,100,100071,100,99939,300,100074,100,99937,100,100096,100,99936,200,100106,100,99934,100
2019-06-28 09:36:31.631049055,100032,179,100017,79,100033,179,100003,179,100041,179,99993,279,100051,179,99967,279,100059,179,99943,579,100063,100,99942,100,100071,100,99939,300,100074,100,99937,100,100096,100,99936,200,100106,100,99934,100
2019-06-28 09:36:39.578203340,100032,179,100017,79,100033,179,100003,179,100041,179,99993,279,100051,179,99967,279,100059,179,99943,579,100063,100,99942,100,100071,100,99939,300,100074,100,99937,100,100096,100,99936,200,100106,100,99934,100
2019-06-28 09:36:40.000000000,100032,234,100003,234,100033,230,99993,330,100041,230,99967,330,100051,100,99943,500,100059,100,99942,100,100063,100,99939,300,100071,100,99937,100,100074,100,99936,200,100096,100,99934,100,100106,100,99919,100
2019-06-28 09:36:48.465190028,100032,234,100003,134,100033,230,99993,330,100041,230,99967,330,100051,100,99943,500,100059,100,99942,100,100063,100,99939,300,100071,100,99937,100,100074,100,99936,100,100096,100,99934,100,100106,100,99919,100
2019-06-28 09:36:50.000000000,100032,198,99993,298,100033,198,99967,298,100041,198,99943,598,100051,198,99942,198,100059,100,99939,300,100063,100,99937,100,100071,100,99936,100,100074,100,99934,100,100096,100,99919,100,100106,100,99917,100
2019-06-28 09:36:50.236408824,100026,100,99993,298,100032,198,99967,298,100033,198,99943,498,100041,198,99942,198,100051,198,99939,300,100059,100,99937,100,100063,100,99936,100,100071,100,99934,100,100074,100,99919,100,100096,100,99917,100
2019-06-28 09:36:57.700974497,100026,200,99993,298,100032,198,99967,298,100033,198,99943,498,100041,198,99942,198,100051,198,99939,300,100059,100,99937,100,100063,100,99936,100,100071,100,99934,100,100074,100,99919,100,100096,100,99917,100
2019-06-28 09:37:00.000000000,100026,397,99993,397,100032,297,99967,397,100033,100,99943,400,100041,100,99942,100,100051,100,99939,300,100059,100,99937,100,100063,100,99936,100,100071,100,99934,100,100074,100,99919,100,100096,100,99917,100
2019-06-28 09:37:01.165088750,100026,397,99993,397,100032,297,99967,397,100033,100,99943,400,100041,100,99942,100,100051,100,99939,300,100059,100,99937,100,100063,100,99936,100,100071,100,99934,100,100074,100,99919,100,100106,100,99917,100
2019-06-28 09:37:04.275774104,100026,397,99993,397,100032,297,99967,297,100033,100,99943,400,100041,100,99942,100,100051,100,99939,300,100059,100,99937,100,100063,100,99936,100,100071,100,99934,100,100074,100,99919,100,100106,100,99917,100
2019-06-28 09:37:10.000000000,100026,397,99993,397,100032,297,99967,297,100033,100,99943,400,100041,100,99942,100,100051,100,99939,300,100059,100,99937,100,100063,100,99936,100,100071,100,99934,100,100074,100,99919,100,100106,100,99917,100
2019-06-28 09:37:17.016976161,100026,497,99993,397,100032,297,99967,297,100033,100,99943,400,100041,100,99942,100,100051,100,99939,300,100059,100,99937,100,100063,100,99936,100,100071,100,99934,100,100074,100,99919,100,100106,100,99917,100
2019-06-28 09:37:18.685000014,100026,497,99993,397,100032,297,99967,297,100033,100,99943,400,100041,100,99942,100,100051,100,99939,300,100059,100,99937,100,100063,100,99936,100,100071,100,99934,100,100074,100,99919,100,100106,100,99917,100
2019-06-28 09:37:20.000000000,100026,398,99993,298,100032,198,99967,198,100033,198,99943,498,100041,198,99942,198,100051,100,99939,300,100059,100,99937,100,100063,100,99936,100,100071,100,99934,100,100074,100,99919,100,100106,100,99917,100
2019-06-28 09:37:21.325780786,100026,398,99993,298,100032,198,99967,198,100033,198,99943,498,100041,198,99942,198,100051,100,99939,200,100059,100,99937,100,100063,100,99936,100,100071,100,99934,100,100074,100,99919,100,100106,100,99917,100
2019-06-28 09:37:26.266513507,100026,398,99993,298,100032,198,99967,198,100033,198,99943,498,100041,198,99942,198,100051,100,99939,200,100059,100,99937,100,100063,100,99936,100,100071,100,99934,100,100074,100,99919,100,100106,100,99917,100
2019-06-28 09:37:27.359858317,100026,398,99993,198,100032,198,99967,198,100033,198,99943,498,100041,198,99942,198,100051,100,99939,200,100059,100,99937,100,100063,100,99936,100,100071,100,99934,100,100074,100,99919,100,100106,100,99917,100
2019-06-28 09:37:30.000000000,100026,694,99993,494,100032,100,99967,100,100033,100,99943,400,100041,100,99942,100,100051,100,99939,200,100059,100,99937,100,100063,100,99936,100,100071,100,99934,100,100074,100,99919,100,100106,100,99917,100
2019-06-28 09:37:40.000000000,100026,434,99993,234,100032,230,99967,230,100033,230,99943,530,100041,100,99942,100,100051,100,99939,200,100059,100,99937,100,100063,100,99936,100,100071,100,99934,100,100074,100,99919,100,100106,100,99917,100
2019-06-28 09:37:50.000000000,100026,694,99993,494,100032,100,99967,100,100033,100,99943,400,100041,100,99942,100,100051,100,99939,200,100059,100,99937,100,100063,100,99936,100,100071,100,99934,100,100074,100,99919,100,100106,100,99917,100
2019-06-28 09:38:00.000000000,100026,379,99993,179,100032,179,99967,179,100033,179,99943,479,100041,179,99942,179,100051,179,99939,279,100059,100,99937,100,100063,100,99936,100,100071,100,99934,100,100074,100,99919,100,100106,100,99917,100
2019-06-28 09:38:10.000000000,100026,497,99993,297,100032,297,99967,297,100033,100,99943,400,100041,100,99942,100,100051,100,99939,200,100059,100,99937,100,100063,100,99936,100,100071,100,99934,100,100074,100,99919,100,100106,100,99917,100
2019-06-28 09:38:12.196796833,100017,100,99993,297,100026,497,99967,297,100032,297,99943,400,100033,100,99942,100,100041,100,99939,100,100051,100,99937,100,100059,100,99936,100,100063,100,99934,100,100071,100,99919,100,100074,100,99917,100
2019-06-28 09:38:13.760236706,100017,200,99993,297,100026,497,99967,297,100032,297,99943,300,100033,100,99942,100,100041,100,99939,100,100051,100,99937,100,100059,100,99936,100,100063,100,99934,100,100071,100,99919,100,100074,100,99917,100
2019-06-28 09:38:13.820583329,100017,200,99993,297,100026,397,99967,297,100032,297,99943,300,100033,100,99942,100,100041,100,99939,100,100051,100,99937,100,100059,100,99936,100,100063,100,99934,100,100071,100,99919,100,100074,100,99917,100
2019-06-28 09:38:16.478048922,100017,200,99993,197,100026,397,99967,297,100032,297,99943,300,100033,100,99942,100,100041,100,99939,100,100051,100,99937,100,100059,100,99936,100,100063,100,99934,100,100071,100,99919,100,100074,100,99917,100
2019-06-28 09:38:20.000000000,100017,594,99967,494,100026,200,99943,300,100032,100,99942,100,100033,100,99939,100,100041,100,99937,100,100051,100,99936,100,100059,100,99934,100,100063,100,99919,100,100071,100,99917,100,100074,100,99910,100
2019-06-28 09:38:30.000000000,100017,594,99967,494,100026,200,99943,300,100032,100,99942,100,100033,100,99939,100,100041,100,99937,100,100051,100,99936,100,100059,100,99934,100,100063,100,99919,100,100071,100,99917,100,100074,100,99910,100
2019-06-28 09:38:40.000000000,100017,594,99967,494,100026,200,99943,300,100032,100,99942,100,100033,100,99939,100,100041,100,99937,100,100051,100,99936,100,100059,100,99934,100,100063,100,99919,100,100071,100,99917,100,100074,100,99910,100
2019-06-28 09:38:50.000000000,100017,594,99967,494,100026,200,99943,300,100032,100,99942,100,100033,100,99939,100,100041,100,99937,100,100051,100,99936,100,100059,100,99934,100,100063,100,99919,100,100071,100,99917,100,100074,100,99910,100
2019-06-28 09:39:00.000000000,100017,594,99967,494,100026,200,99943,300,100032,100,99942,100,100033,100,99939,100,100041,100,99937,100,100051,100,99936,100,100059,100,99934,100,100063,100,99919,100,100071,100,99917,100,100074,100,99910,100
2019-06-28 09:39:10.000000000,100017,594,99967,494,100026,200,99943,300,100032,100,99942,100,100033,100,99939,100,100041,100,99937,100,100051,100,99936,100,100059,100,99934,100,100063,100,99919,100,100071,100,99917,100,100074,100,99910,100
2019-06-28 09:39:19.543132634,100017,594,99967,494,100026,200,99943,300,100032,100,99942,100,100033,100,99939,100,100041,100,99937,100,100051,100,99936,100,100059,100,99934,100,100063,100,99919,100,100071,100,99917,100,100074,100,99910,100
2019-06-28 09:39:20.000000000,100017,298,99967,198,100026,298,99943,398,100032,198,99942,198,100033,198,99939,198,100041,100,99937,100,100051,100,99936,100,100059,100,99934,100,100063,100,99919,100,100071,100,99917,100,100074,100,99910,100
2019-06-28 09:39:30.000000000,100017,594,99967,494,100026,200,99943,300,100032,100,99942,100,100033,100,99939,100,100041,100,99937,100,100051,100,99936,100,100059,100,99934,100,100063,100,99919,100,100071,100,99917,100,100074,100,99910,100
2019-06-28 09:39:40.000000000,100017,397,99967,297,100026,397,99943,497,100032,100,99942,100,100033,100,99939,100,100041,100,99937,100,100051,100,99936,100,100059,100,99934,100,100063,100,99919,100,100071,100,99917,100,100074,100,99910,100
2019-06-28 09:39:50.000000000,100017,279,99967,179,100026,279,99943,379,100032,179,99942,179,100033,179,99939,179,100041,179,99937,179,100051,100,99936,100,100059,100,99934,100,100063,100,99919,100,100071,100,99917,100,100074,100,99910,100
2019-06-28 09:40:00.000000000,100017,594,99967,494,100026,200,99943,300,100032,100,99942,100,100033,100,99939,100,100041,100,99937,100,100051,100,99936,100,100059,100,99934,100,100063,100,99919,100,100071,100,99917,100,100074,100,99910,100
2019-06-28 09:40:10.000000000,100017,594,99967,494,100026,200,99943,300,100032,100,99942,100,100033,100,99939,100,100041,100,99937,100,100051,100,99936,100,100059,100,99934,100,100063,100,99919,100,100071,100,99917,100,100074,100,99910,100
2019-06-28 09:40:20.000000000,100017,594,99967,494,100026,200,99943,300,100032,100,99942,100,100033,100,99939,100,100041,100,99937,100,100051,100,99936,100,100059,100,99934,100,100063,100,99919,100,100071,100,99917,100,100074,100,99910,100
2019-06-28 09:40:22.374738378,99993,100,99967,494,100017,594,99943,300,100026,100,99942,100,100032,100,99939,100,100033,100,99937,100,100041,100,99936,100,100051,100,99934,100,100059,100,99919,100,100063,100,99917,100,100071,100,99910,100
2019-06-28 09:40:24.433237153,99993,100,99967,494,100017,594,99943,300,100026,100,99942,100,100032,100,99939,100,100033,100,99937,100,100041,100,99936,100,100051,100,99934,100,100059,100,99919,100,100063,100,99917,100,100071,100,99910,100
2019-06-28 09:40:30.000000000,99993,297,99967,297,100017,397,99943,497,100026,100,99942,100,100032,100,99939,100,100033,100,99937,100,100041,100,99936,100,100051,100,99934,100,100059,100,99919,100,100063,100,99917,100,100071,100,99910,100
2019-06-28 09:40:32.042317449,99993,297,99967,297,100017,397,99943,497,100026,100,99939,100,100032,100,99937,100,100033,100,99936,100,100041,100,99934,100,100051,100,99919,100,100059,100,99917,100,100063,100,99910,100,100071,100,99908,100
2019-06-28 09:40:40.000000000,99993,494,99967,494,100017,200,99943,300,100026,100,99939,100,100032,100,99937,100,100033,100,99936,100,100041,100,99934,100,100051,100,99919,100,100059,100,99917,100,100063,100,99910,100,100071,100,99908,100
2019-06-28 09:40:50.000000000,99993,198,99967,198,100017,298,99943,398,100026,198,99939,198,100032,198,99937,198,100033,100,99936,100,100041,100,99934,100,100051,100,99919,100,100059,100,99917,100,100063,100,99910,100,100071,100,99908,100
2019-06-28 09:40:54.880203874,99993,198,99967,198,100017,298,99943,398,100026,198,99939,198,100032,198,99937,98,100033,100,99936,100,100041,100,99934,100,100051,100,99919,100,100059,100,99917,100,100063,100,99910,100,100071,100,99908,100
2019-06-28 09:41:00.000000000,99993,198,99967,198,100017,298,99943,398,100026,198,99939,198,100032,198,99936,198,100033,100,99934,100,100041,100,99919,100,100051,100,99917,100,100059,100,99910,100,100063,100,99908,100,100071,100,99874,100
2019-06-28 09:41:08.306359678,99993,198,99967,198,100017,298,99943,398,100026,198,99939,198,100032,198,99936,198,100033,100,99934,100,100041,100,99919,100,100051,100,99917,100,100059,100,99910,100,100063,100,99908,100,100071,100,99874,100
2019-06-28 09:41:10.000000000,99993,494,99967,494,100017,200,99943,300,100026,100,99939,100,100032,100,99936,100,100033,100,99934,100,100041,100,99919,100,100051,100,99917,100,100059,100,99910,100,100063,100,99908,100,100071,100,99874,100
2019-06-28 09:41:11.763858481,99993,494,99967,494,100017,200,99943,300,100026,100,99939,100,100032,100,99936,100,100033,100,99934,100,100041,100,99919,100,100051,100,99917,100,100059,100,99910,100,100063,100,99908,100,100071,100,99874,100
2019-06-28 09:41:20.000000000,99993,297,99967,297,100017,397,99943,497,100026,100,99939,100,100032,100,99936,100,100033,100,99934,100,100041,100,99919,100,100051,100,99917,100,100059,100,99910,100,100063,100,99908,100,100071,100,99874,100
2019-06-28 09:41:30.000000000,99993,234,99967,234,100017,330,99943,430,100026,230,99939,230,100032,100,99936,100,100033,100,99934,100,100041,100,99919,100,100051,100,99917,100,100059,100,99910,100,100063,100,99908,100,100071,100,99874,100
2019-06-28 09:41:36.777399287,99993,234,99967,234,100017,330,99943,430,100026,230,99939,230,100032,100,99936,100,100033,100,99934,100,100041,100,99919,100,100051,100,99917,100,100059,100,99910,100,100063,100,99908,100,100071,100,99874,100
2019-06-28 09:41:39.124413820,99993,234,99967,134,100017,330,99943,430,100026,230,99939,230,100032,100,99936,100,100033,100,99934,100,100041,100,99919,100,100051,100,99917,100,100059,100,99910,100,100063,100,99908,100,100071,100,99874,100
2019-06-28 09:41:40.000000000,99993,234,99943,434,100017,330,99939,230,100026,230,99936,230,100032,100,99934,100,100033,100,99919,100,100041,100,99917,100,100051,100,99910,100,100059,100,99908,100,100063,100,99874,100,100071,100,99798,100
2019-06-28 09:41:43.551805771,99993,234,99943,334,100017,330,99939,230,100026,230,99936,230,100032,100,99934,100,100033,100,99919,100,100041,100,99917,100,100051,100,99910,100,100059,100,99908,100,100063,100,99874,100,100071,100,99798,100
2019-06-28 09:41:50.000000000,99993,179,99943,279,100017,279,99939,179,100026,179,99936,179,100032,179,99934,179,100033,179,99919,179,100041,100,99917,100,100051,100,99910,100,100059,100,99908,100,100063,100,99874,100,100071,100,99798,100
2019-06-28 09:41:57.355597166,99967,100,99943,279,99993,179,99939,179,100017,279,99936,179,100026,179,99934,179,100032,179,99919,179,100033,179,99917,100,100041,100,99910,100,100051,100,99908,100,100059,100,99874,100,100063,100,99798,100
2019-06-28 09:42:00.000000000,99967,297,99943,397,99993,297,99939,297,100017,200,99936,100,100026,100,99934,100,100032,100,99919,100,100033,100,99917,100,100041,100,99910,100,100051,100,99908,100,100059,100,99874,100,100063,100,99798,100
2019-06-28 09:42:10.000000000,99967,297,99943,397,99993,297,99939,297,100017,200,99936,100,100026,100,99934,100,100032,100,99919,100,100033,100,99917,100,100041,100,99910,100,100051,100,99908,100,100059,100,99874,100,100063,100,99798,100
2019-06-28 09:42:20.000000000,99967,494,99943,594,99993,100,99939,100,100017,200,99936,100,100026,100,99934,100,100032,100,99919,100,100033,100,99917,100,100041,100,99910,100,100051,100,99908,100,100059,100,99874,100,100063,100,99798,100
2019-06-28 09:42:30.000000000,99967,234,99943,334,99993,230,99939,230,100017,330,99936,230,100026,100,99934,100,100032,100,99919,100,100033,100,99917,100,100041,100,99910,100,100051,100,99908,100,100059,100,99874,100,100063,100,99798,100
2019-06-28 09:42:35.685247980,99967,334,99943,334,99993,230,99939,230,100017,330,99936,230,100026,100,99934,100,100032,100,99919,100,100033,100,99917,100,100041,100,99910,100,100051,100,99908,100,100059,100,99874,100,100063,100,99798,100
2019-06-28 09:42:40.000000000,99967,397,99943,397,99993,297,99939,297,100017,200,99936,100,100026,100,99934,100,100032,100,99919,100,100033,100,99917,100,100041,100,99910,100,100051,100,99908,100,100059,100,99874,100,100063,100,99798,100
2019-06-28 09:42:41.659964363,99967,497,99943,397,99993,297,99939,297,100017,200,99936,100,100032,100,99934,100,100033,100,99919,100,100041,100,99917,100,100051,100,99910,100,100059,100,99908,100,100063,100,99874,100,100071,100,99798,100
2019-06-28 09:42:48.943969036,99967,397,99943,397,99993,297,99939,297,100017,200,99936,100,100032,100,99934,100,100033,100,99919,100,100041,100,99917,100,100051,100,99910,100,100059,100,99908,100,100063,100,99874,100,100071,100,99798,100
2019-06-28 09:42:50.000000000,99967,334,99943,334,99993,230,99939,230,100017,330,99936,230,100032,100,99934,100,100033,100,99919,100,100041,100,99917,100,100051,100,99910,100,100059,100,99908,100,100063,100,99874,100,100071,100,99798,100
2019-06-28 09:42:54.565755555,99967,334,99943,234,99993,230,99939,230,100017,330,99936,230,100032,100,99934,100,100033,100,99919,100,100041,100,99917,100,100051,100,99910,100,100059,100,99908,100,100063,100,99874,100,100071,100,99798,100
2019-06-28 09:42:55.558907731,99967,334,99943,234,99993,230,99939,230,100017,330,99936,230,100032,100,99934,100,100033,100,99919,100,100041,100,99917,100,100051,100,99910,100,100059,100,99908,100,100063,100,99874,100,100071,100,99798,100
2019-06-28 09:43:00.000000000,99967,334,99943,234,99993,230,99939,230,100017,330,99936,230,100032,100,99934,100,100033,100,99919,100,100041,100,99917,100,100051,100,99910,100,100059,100,99908,100,100063,100,99874,100,100071,100,99798,100
2019-06-28 09:43:10.000000000,99967,298,99943,198,99993,198,99939,198,100017,298,99936,198,100032,198,99934,198,100033,100,99919,100,100041,100,99917,100,100051,100,99910,100,100059,100,99908,100,100063,100,99874,100,100071,100,99798,100
2019-06-28 09:43:20.000000000,99967,397,99943,297,99993,297,99939,297,100017,200,99936,100,100032,100,99934,100,100033,100,99919,100,100041,100,99917,100,100051,100,99910,100,100059,100,99908,100,100063,100,99874,100,100071,100,99798,100
2019-06-28 09:43:24.363424284,99967,297,99943,297,99993,297,99939,297,100017,200,99936,100,100032,100,99934,100,100033,100,99919,100,100041,100,99917,100,100051,100,99910,100,100059,100,99908,100,100063,100,99874,100,100071,100,99798,100
2019-06-28 09:43:30.000000000,99967,198,99943,198,99993,198,99939,198,100017,298,99936,198,100032,198,99934,198,100033,100,99919,100,100041,100,99917,100,100051,100,99910,100,100059,100,99908,100,100063,100,99874,100,100071,100,99798,100
2019-06-28 09:43:30.022011809,99967,198,99944,100,99993,198,99943,198,100017,198,99939,198,100032,198,99936,198,100033,100,99934,198,100041,100,99919,100,100051,100,99917,100,100059,100,99910,100,100063,100,99908,100,100071,100,99874,100
2019-06-28 09:43:40.000000000,99967,179,99944,179,99993,179,99943,179,100017,179,99939,179,100032,179,99936,179,100033,179,99934,179,100041,100,99919,100,100051,100,99917,100,100059,100,99910,100,100063,100,99908,100,100071,100,99874,100
2019-06-28 09:43:40.382924222,99967,179,99944,179,99993,179,99943,179,100017,179,99939,179,100032,179,99936,179,100033,179,99934,179,100041,100,99917,100,100051,100,99910,100,100059,100,99908,100,100063,100,99874,100,100071,100,99798,100
2019-06-28 09:43:45.208520806,99967,79,99944,179,99993,179,99943,179,100017,179,99939,179,100032,179,99936,179,100033,179,99934,179,100041,100,99917,100,100051,100,99910,100,100059,100,99908,100,100063,100,99874,100,100071,100,99798,100
2019-06-28 09:43:50.000000000,99993,297,99944,297,100017,297,99943,297,100032,100,99939,100,100033,100,99936,100,100041,100,99934,100,100051,100,99917,100,100059,100,99910,100,100063,100,99908,100,100071,100,99874,100,100074,100,99798,100
2019-06-28 09:43:59.992932468,99993,297,99944,297,100017,297,99943,297,100032,100,99939,100,100033,100,99936,100,100041,100,99934,100,100051,100,99917,100,100059,100,99910,100,100063,100,99908,100,100071,100,99874,100,100074,100,99798,100
2019-06-28 09:44:00.000000000,99993,494,99944,494,100017,100,99943,100,100032,100,99939,100,100033,100,99936,100,100041,100,99934,100,100051,100,99917,100,100059,100,99910,100,100063,100,99908,100,100071,100,99874,100,100074,100,99798,100
2019-06-28 09:44:04.478346240,99993,394,99944,494,100017,100,99943,100,100032,100,99939,100,100033,100,99936,100,100041,100,99934,100,100051,100,99917,100,100059,100,99910,100,100063,100,99908,100,100071,100,99874,100,100074,100,99798,100
2019-06-28 09:44:10.000000000,100017,198,99944,198,100032,198,99943,198,100033,198,99939,198,100041,198,99936,198,100051,100,99934,100,100059,100,99917,100,100063,100,99910,100,100071,100,99908,100,100074,100,99874,100,100187,100,99798,100
2019-06-28 09:44:20.000000000,100017,179,99944,179,100032,179,99943,179,100033,179,99939,179,100041,179,99936,179,100051,179,99934,179,100059,100,99917,100,100063,100,99910,100,100071,100,99908,100,100074,100,99874,100,100187,100,99798,100
2019-06-28 09:44:30.000000000,100017,234,99944,234,100032,230,99943,230,100033,230,99939,230,100041,100,99936,100,100051,100,99934,100,100059,100,99917,100,100063,100,99910,100,100071,100,99908,100,100074,100,99874,100,100187,100,99798,100
2019-06-28 09:44:32.126653908,100017,234,99967,100,100032,230,99944,234,100033,230,99943,230,100041,100,99939,230,100051,100,99936,100,100059,100,99934,100,100063,100,99917,100,100071,100,99910,100,100074,100,99908,100,100187,100,99874,100
2019-06-28 09:44:40.000000000,100017,198,99967,198,100032,198,99944,198,100033,198,99943,198,100041,198,99939,198,100051,100,99936,100,100059,100,99934,100,100063,100,99917,100,100071,100,99910,100,100074,100,99908,100,100187,100,99874,100
2019-06-28 09:44:46.263812478,100017,198,99967,198,100032,198,99944,198,100033,198,99943,198,100041,198,99939,198,100051,100,99936,100,100059,100,99934,100,100063,100,99917,100,100071,100,99910,100,100074,100,99908,100,100187,100,99874,100
2019-06-28 09:44:50.000000000,100017,198,99967,198,100032,198,99944,198,100033,198,99943,198,100041,198,99939,198,100051,100,99936,100,100059,100,99934,100,100063,100,99917,100,100071,100,99910,100,100074,100,99908,100,100187,100,99874,100
2019-06-28 09:45:00.000000000,100017,234,99967,234,100032,230,99944,230,100033,230,99943,230,100041,100,99939,100,100051,100,99936,100,100059,100,99934,100,100063,100,99917,100,100071,100,99910,100,100074,100,99908,100,100187,100,99874,100
2019-06-28 09:45:03.834714276,100017,134,99967,234,100032,230,99944,230,100033,230,99943,230,100041,100,99939,100,100051,100,99936,100,100059,100,99934,100,100063,100,99917,100,100071,100,99910,100,100074,100,99908,100,100187,100,99874,100
2019-06-28 09:45:10.000000000,100032,297,99967,297,100033,297,99944,297,100041,100,99943,100,100051,100,99939,100,100059,100,99936,100,100063,100,99934,100,100071,100,99917,100,100074,100,99910,100,100187,100,99908,100,100193,100,99874,100
2019-06-28 09:45:18.049008345,100032,297,99967,297,100033,297,99944,297,100041,100,99943,100,100051,100,99939,100,100059,100,99936,100,100063,100,99917,100,100071,100,99910,100,100074,100,99908,100,100187,100,99874,100,100193,100,99798,100
2019-06-28 09:45:20.000000000,100032,198,99967,198,100033,198,99944,198,100041,198,99943,198,100051,198,99939,198,100059,100,99936,100,100063,100,99917,100,100071,100,99910,100,100074,100,99908,100,100187,100,99874,100,100193,100,99798,100
2019-06-28 09:45:30.000000000,100032,494,99967,494,100033,100,99944,100,100041,100,99943,100,100051,100,99939,100,100059,100,99936,100,100063,100,99917,100,100071,100,99910,100,100074,100,99908,100,100187,100,99874,100,100193,100,99798,100
2019-06-28 09:45:40.000000000,100032,297,99967,297,100033,297,99944,297,100041,100,99943,100,100051,100,99939,100,100059,100,99936,100,100063,100,99917,100,100071,100,99910,100,100074,100,99908,100,100187,100,99874,100,100193,100,99798,100
2019-06-28 09:45:50.000000000,100032,234,99967,234,100033,230,99944,230,100041,230,99943,230,100051,100,99939,100,100059,100,99936,100,100063,100,99917,100,100071,100,99910,100,100074,100,99908,100,100187,100,99874,100,100193,100,99798,100
2019-06-28 09:45:55.230648297,100032,234,99993,100,100033,230,99967,234,100041,230,99944,230,100051,100,99943,230,100059,100,99939,100,100063,100,99936,100,100071,100,99917,100,100074,100,99910,100,100187,100,99908,100,100193,100,99874,100
2019-06-28 09:46:00.000000000,100032,494,99993,494,100033,100,99967,100,100041,100,99944,100,100051,100,99943,100,100059,100,99939,100,100063,100,99936,100,100071,100,99917,100,100074,100,99910,100,100187,100,99908,100,100193,100,99874,100
2019-06-28 09:46:10.000000000,100032,179,99993,179,100033,179,99967,179,100041,179,99944,179,100051,179,99943,179,100059,179,99939,179,100063,100,99936,100,100071,100,99917,100,100074,100,99910,100,100187,100,99908,100,100193,100,99874,100
2019-06-28 09:46:20.000000000,100032,494,99993,494,100033,100,99967,100,100041,100,99944,100,100051,100,99943,100,100059,100,99939,100,100063,100,99936,100,100071,100,99917,100,100074,100,99910,100,100187,100,99908,100,100193,100,99874,100
2019-06-28 09:46:30.000000000,100032,494,99993,494,100033,100,99967,100,100041,100,99944,100,100051,100,99943,100,100059,100,99939,100,100063,100,99936,100,100071,100,99917,100,100074,100,99910,100,100187,100,99908,100,100193,100,99874,100
2019-06-28 09:46:40.000000000,100032,297,99993,297,100033,297,99967,297,100041,100,99944,100,100051,100,99943,100,100059,100,99939,100,100063,100,99936,100,100071,100,99917,100,100074,100,99910,100,100187,100,99908,100,100193,100,99874,100
2019-06-28 09:46:50.000000000,100032,494,99993,494,100033,100,99967,100,100041,100,99944,100,100051,100,99943,100,100059,100,99939,100,100063,100,99936,100,100071,100,99917,100,100074,100,99910,100,100187,100,99908,100,100193,100,99874,100
2019-06-28 09:46:59.861308016,100032,394,99993,494,100033,100,99967,100,100041,100,99944,100,100051,100,99943,100,100059,100,99939,100,100063,100,99936,100,100071,100,99917,100,100074,100,99910,100,100187,100,99908,100,100193,100,99874,100
2019-06-28 09:47:00.000000000,100033,297,99993,297,100041,297,99967,297,100051,100,99944,100,100059,100,99943,100,100063,100,99939,100,100071,100,99936,100,100074,100,99917,100,100187,100,99910,100,100193,100,99908,100,100278,100,99874,100
2019-06-28 09:47:10.000000000,100033,179,99993,179,100041,179,99967,179,100051,179,99944,179,100059,179,99943,179,100063,179,99939,179,100071,100,99936,100,100074,100,99917,100,100187,100,99910,100,100193,100,99908,100,100278,100,99874,100
2019-06-28 09:47:20.000000000,100033,234,99993,234,100041,230,99967,230,100051,230,99944,230,100059,100,99943,100,100063,100,99939,100,100071,100,99936,100,100074,100,99917,100,100187,100,99910,100,100193,100,99908,100,100278,100,99874,100
2019-06-28 09:47:23.436715830,100033,234,99993,134,100041,230,99967,230,100051,230,99944,230,100059,100,99943,100,100063,100,99939,100,100071,100,99936,100,100074,100,99917,100,100187,100,99910,100,100193,100,99908,100,100278,100,99874,100
2019-06-28 09:47:30.000000000,100033,234,99967,234,100041,230,99944,230,100051,230,99943,230,100059,100,99939,100,100063,100,99936,100,100071,100,99917,100,100074,100,99910,100,100187,100,99908,100,100193,100,99874,100,100278,100,99798,100
2019-06-28 09:47:34.473713562,100033,234,99988,100,100041,230,99967,234,100051,230,99944,230,100059,100,99943,230,100063,100,99939,100,100071,100,99936,100,100074,100,99917,100,100187,100,99910,100,100193,100,99908,100,100278,100,99874,100
2019-06-28 09:47:37.793585944,100033,234,99967,234,100041,230,99944,230,100051,230,99943,230,100059,100,99939,100,100063,100,99936,100,100071,100,99917,100,100074,100,99910,100,100187,100,99908,100,100193,100,99874,100,100278,100,99798,100
2019-06-28 09:47:40.000000000,100033,179,99967,179,100041,179,99944,179,100051,179,99943,179,100059,179,99939,179,100063,179,99936,179,100071,100,99917,100,100074,100,99910,100,100187,100,99908,100,100193,100,99874,100,100278,100,99798,100
2019-06-28 09:47:50.000000000,100033,198,99967,198,100041,198,99944,198,100051,198,99943,198,100059,198,99939,198,100063,100,99936,100,100071,100,99917,100,100074,100,99910,100,100187,100,99908,100,100193,100,99874,100,100278,100,99798,100
2019-06-28 09:48:00.000000000,100033,494,99967,494,100041,100,99944,100,100051,100,99943,100,100059,100,99939,100,100063,100,99936,100,100071,100,99917,100,100074,100,99910,100,100187,100,99908,100,100193,100,99874,100,100278,100,99798,100
2019-06-28 09:48:06.949740755,100033,494,99967,394,100041,100,99944,100,100051,100,99943,100,100059,100,99939,100,100063,100,99936,100,100071,100,99917,100,100074,100,99910,100,100187,100,99908,100,100193,100,99874,100,100278,100,99798,100
2019-06-28 09:48:10.000000000,100033,198,99944,198,100041,198,99943,198,100051,198,99939,198,100059,198,99936,198,100063,100,99917,100,100071,100,99910,100,100074,100,99908,100,100187,100,99874,100,100193,100,99798,100,100278,100,99778,100
2019-06-28 09:48:12.987603531,99988,100,99944,198,100033,198,99943,198,100041,198,99939,198,100051,198,99936,198,100059,198,99917,100,100063,100,99910,100,100071,100,99908,100,100074,100,99874,100,100187,100,99798,100,100193,100,99778,100
2019-06-28 09:48:14.223302454,99988,100,99944,98,100033,198,99943,198,100041,198,99939,198,100051,198,99936,198,100059,198,99917,100,100063,100,99910,100,100071,100,99908,100,100074,100,99874,100,100187,100,99798,100,100193,100,99778,100
2019-06-28 09:48:20.000000000,99988,297,99943,297,100033,297,99939,297,100041,100,99936,100,100051,100,99917,100,100059,100,99910,100,100063,100,99908,100,100071,100,99874,100,100074,100,99798,100,100187,100,99778,100,100193,100,99710,200
2019-06-28 09:48:30.000000000,99988,234,99943,234,100033,230,99939,230,100041,230,99936,230,100051,100,99917,100,100059,100,99910,100,100063,100,99908,100,100071,100,99874,100,100074,100,99798,100,100187,100,99778,100,100193,100,99710,200
2019-06-28 09:48:40.000000000,99988,234,99943,234,100033,230,99939,230,100041,230,99936,230,100051,100,99917,100,100059,100,99910,100,100063,100,99908,100,100071,100,99874,100,100074,100,99798,100,100187,100,99778,100,100193,100,99710,200
2019-06-28 09:48:44.186203860,99967,100,99943,234,99988,234,99939,230,100033,230,99936,230,100041,230,99917,100,100051,100,99910,100,100059,100,99908,100,100063,100,99874,100,100071,100,99798,100,100074,100,99778,100,100187,100,99710,200
2019-06-28 09:48:50.000000000,99967,234,99943,234,99988,230,99939,230,100033,230,99936,230,100041,100,99917,100,100051,100,99910,100,100059,100,99908,100,100063,100,99874,100,100071,100,99798,100,100074,100,99778,100,100187,100,99710,200
2019-06-28 09:48:55.135721429,99967,134,99943,234,99988,230,99939,230,100033,230,99936,230,100041,100,99917,100,100051,100,99910,100,100059,100,99908,100,100063,100,99874,100,100071,100,99798,100,100074,100,99778,100,100187,100,99710,200
2019-06-28 09:49:00.000000000,99988,198,99943,198,100033,198,99939,198,100041,198,99936,198,100051,198,99917,198,100059,100,99910,100,100063,100,99908,100,100071,100,99874,100,100074,100,99798,100,100187,100,99778,100,100193,100,99710,200
2019-06-28 09:49:00.110605213,99988,198,99968,100,100033,198,99943,198,100041,198,99939,198,100051,198,99936,198,100059,100,99917,198,100063,100,99910,100,100071,100,99908,100,100074,100,99874,100,100187,100,99798,100,100193,100,99778,100
2019-06-28 09:49:00.406467616,99988,198,99968,100,100033,198,99943,198,100041,198,99939,198,100051,198,99936,198,100059,100,99917,198,100063,100,99910,100,100071,100,99908,100,100074,100,99874,100,100187,100,99798,100,100193,100,99778,100
2019-06-28 09:49:10.000000000,99988,494,99968,494,100033,100,99943,100,100041,100,99939,100,100051,100,99936,100,100059,100,99917,100,100063,100,99910,100,100071,100,99908,100,100074,100,99874,100,100187,100,99798,100,100193,100,99778,100
2019-06-28 09:49:12.242038001,99988,494,99968,494,100033,100,99943,100,100041,100,99939,100,100051,100,99936,100,100059,100,99917,100,100063,100,99910,100,100071,100,99908,100,100074,100,99874,100,100187,100,99798,100,100193,100,99778,100
2019-06-28 09:49:20.000000000,99988,234,99968,234,100033,230,99943,230,100041,230,99939,230,100051,100,99936,100,100059,100,99917,100,100063,100,99910,100,100071,100,99908,100,100074,100,99874,100,100187,100,99798,100,100193,100,99778,100
2019-06-28 09:49:20.628980008,99988,234,99968,234,100033,230,99943,230,100041,230,99939,230,100051,100,99917,100,100059,100,99910,100,100063,100,99908,100,100071,100,99874,100,100074,100,99798,100,100120,100,99778,100,100187,100,99710,200
2019-06-28 09:49:22.238295240,99988,234,99968,234,99994,100,99943,230,100033,230,99939,230,100041,230,99917,100,100059,100,99910,100,100063,100,99908,100,100071,100,99874,100,100074,100,99798,100,100120,100,99778,100,100187,100,99710,200
2019-06-28 09:49:30.000000000,99988,494,99968,494,99994,100,99943,100,100033,100,99939,100,100041,100,99917,100,100059,100,99910,100,100063,100,99908,100,100071,100,99874,100,100074,100,99798,100,100120,100,99778,100,100187,100,99710,200
2019-06-28 09:49:34.143143732,99988,394,99968,494,100033,100,99943,100,100041,100,99939,100,100059,100,99917,100,100063,100,99910,100,100071,100,99908,100,100074,100,99874,100,100120,100,99798,100,100187,100,99778,100,100193,100,99710,200
2019-06-28 09:49:40.000000000,100033,198,99968,198,100041,198,99943,198,100059,198,99939,198,100063,198,99917,198,100071,100,99910,100,100074,100,99908,100,100120,100,99874,100,100187,100,99798,100,100193,100,99778,100,100271,100,99710,200
2019-06-28 09:49:50.000000000,100033,297,99968,297,100041,297,99943,297,100059,100,99939,100,100063,100,99917,100,100071,100,99910,100,100074,100,99908,100,100120,100,99874,100,100187,100,99798,100,100193,100,99778,100,100271,100,99710,200
2019-06-28 09:49:59.731274371,100033,197,99968,297,100041,297,99943,297,100059,100,99939,100,100071,100,99917,100,100074,100,99910,100,100120,100,99908,100,100187,100,99874,100,100193,100,99798,100,100271,100,99778,100,100292,100,99710,200
2019-06-28 09:50:00.000000000,100041,494,99968,494,100059,100,99943,100,100071,100,99939,100,100074,100,99917,100,100120,100,99910,100,100187,100,99908,100,100193,100,99874,100,100271,100,99798,100,100292,100,99778,100,100304,100,99710,200
2019-06-28 09:50:10.000000000,100041,198,99968,198,100059,198,99943,198,100071,198,99939,198,100074,198,99917,198,100120,100,99910,100,100187,100,99908,100,100193,100,99874,100,100271,100,99798,100,100292,100,99778,100,100304,100,99710,200
2019-06-28 09:50:20.000000000,100041,198,99968,198,100059,198,99943,198,100071,198,99939,198,100074,198,99917,198,100120,100,99910,100,100187,100,99908,100,100193,100,99874,100,100271,100,99798,100,100292,100,99778,100,100304,100,99710,200
2019-06-28 09:50:26.914333134,100041,98,99968,198,100059,198,99943,198,100071,198,99939,198,100074,198,99917,198,100120,100,99910,100,100187,100,99908,100,100193,100,99874,100,100271,100,99798,100,100292,100,99778,100,100304,100,99710,200
2019-06-28 09:50:30.000000000,100059,297,99968,297,100071,297,99943,297,100074,100,99939,100,100120,100,99917,100,100187,100,99910,100,100193,100,99908,100,100271,100,99874,100,100292,100,99798,100,100304,100,99778,100,100322,100,99710,200
2019-06-28 09:50:40.000000000,100059,297,99968,297,100071,297,99943,297,100074,100,99939,100,100120,100,99917,100,100187,100,99910,100,100193,100,99908,100,100271,100,99874,100,100292,100,99798,100,100304,100,99778,100,100322,100,99710,200
2019-06-28 09:50:45.760898345,100059,297,99968,297,100071,297,99943,297,100074,100,99939,100,100120,100,99910,100,100187,100,99908,100,100193,100,99874,100,100271,100,99798,100,100292,100,99778,100,100304,100,99710,200,100322,100,99654,100
2019-06-28 09:50:50.000000000,100059,234,99968,234,100071,230,99943,230,100074,230,99939,230,100120,100,99910,100,100187,100,99908,100,100193,100,99874,100,100271,100,99798,100,100292,100,99778,100,100304,100,99710,200,100322,100,99654,100
2019-06-28 09:50:59.506458474,100059,234,99968,234,100071,230,99943,230,100074,230,99939,230,100120,100,99910,100,100139,100,99908,100,100187,100,99874,100,100193,100,99798,100,100271,100,99778,100,100292,100,99710,200,100304,100,99654,100
2019-06-28 09:51:00.000000000,100059,198,99968,198,100071,198,99943,198,100074,198,99939,198,100120,198,99910,198,100139,100,99908,100,100187,100,99874,100,100193,100,99798,100,100271,100,99778,100,100292,100,99710,200,100304,100,99654,100
2019-06-28 09:51:10.000000000,100059,297,99968,297,100071,297,99943,297,100074,100,99939,100,100120,100,99910,100,100139,100,99908,100,100187,100,99874,100,100193,100,99798,100,100271,100,99778,100,100292,100,99710,200,100304,100,99654,100
2019-06-28 09:51:11.004688580,100059,297,100051,100,100071,297,99968,297,100074,100,99943,297,100120,100,99939,100,100139,100,99910,100,100187,100,99908,100,100193,100,99874,100,100271,100,99798,100,100292,100,99778,100,100304,100,99710,200
2019-06-28 09:51:18.862264116,100059,297,100051,100,100071,297,99968,297,100074,100,99943,197,100120,100,99939,100,100139,100,99910,100,100187,100,99908,100,100193,100,99874,100,100271,100,99798,100,100292,100,99778,100,100304,100,99710,200
2019-06-28 09:51:20.000000000,100059,179,100051,179,100071,179,99968,179,100074,179,99939,179,100120,179,99910,179,100139,179,99908,179,100187,100,99874,100,100193,100,99798,100,100271,100,99778,100,100292,100,99710,200,100304,100,99654,100
2019-06-28 09:51:26.573292729,100059,179,100051,179,100071,179,99968,179,100074,179,99939,179,100120,179,99910,79,100139,179,99908,179,100187,100,99874,100,100193,100,99798,100,100271,100,99778,100,100289,100,99710,200,100292,100,99654,100
2019-06-28 09:51:30.000000000,100059,494,100051,494,100071,100,99968,100,100074,100,99939,100,100120,100,99908,100,100139,100,99874,100,100187,100,99798,100,100193,100,99778,100,100271,100,99710,200,100289,100,99654,100,100292,100,99436,100
2019-06-28 09:51:40.000000000,100059,297,100051,297,100071,297,99968,297,100074,100,99939,100,100120,100,99908,100,100139,100,99874,100,100187,100,99798,100,100193,100,99778,100,100271,100,99710,200,100289,100,99654,100,100292,100,99436,100
2019-06-28 09:51:50.000000000,100059,198,100051,198,100071,198,99968,198,100074,198,99939,198,100120,198,99908,198,100139,100,99874,100,100187,100,99798,100,100193,100,99778,100,100271,100,99710,200,100289,100,99654,100,100292,100,99436,100
2019-06-28 09:52:00.000000000,100059,297,100051,297,100071,297,99968,297,100074,100,99939,100,100120,100,99908,100,100139,100,99874,100,100187,100,99798,100,100193,100,99778,100,100271,100,99710,200,100289,100,99654,100,100292,100,99436,100
2019-06-28 09:52:10.000000000,100059,234,100051,234,100071,230,99968,230,100074,230,99939,230,100120,100,99908,100,100139,100,99874,100,100187,100,99798,100,100193,100,99778,100,100271,100,99710,200,100289,100,99654,100,100292,100,99436,100
2019-06-28 09:52:20.000000000,100059,179,100051,179,100071,179,99968,179,100074,179,99939,179,100120,179,99908,179,100139,179,99874,179,100187,100,99798,100,100193,100,99778,100,100271,100,99710,200,100289,100,99654,100,100292,100,99436,100
2019-06-28 09:52:30.000000000,100059,198,100051,198,100071,198,99968,198,100074,198,99939,198,100120,198,99908,198,100139,100,99874,100,100187,100,99798,100,100193,100,99778,100,100271,100,99710,200,100289,100,99654,100,100292,100,99436,100
2019-06-28 09:52:38.374320493,100059,198,100051,198,100071,198,99968,198,100074,198,99939,198,100106,100,99908,198,100120,198,99874,100,100139,100,99798,100,100187,100,99778,100,100193,100,99710,200,100271,100,99654,100,100289,100,99436,100
2019-06-28 09:52:40.000000000,100059,234,100051,234,100071,230,99968,230,100074,230,99939,230,100106,100,99908,100,100120,100,99874,100,100139,100,99798,100,100187,100,99778,100,100193,100,99710,200,100271,100,99654,100,100289,100,99436,100
2019-06-28 09:52:50.000000000,100059,179,100051,179,100071,179,99968,179,100074,179,99939,179,100106,179,99908,179,100120,179,99874,179,100139,100,99798,100,100187,100,99778,100,100193,100,99710,200,100271,100,99654,100,100289,100,99436,100
2019-06-28 09:53:00.000000000,100059,198,100051,198,100071,198,99968,198,100074,198,99939,198,100106,198,99908,198,100120,100,99874,100,100139,100,99798,100,100187,100,99778,100,100193,100,99710,200,100271,100,99654,100,100289,100,99436,100
2019-06-28 09:53:06.857970598,100059,198,100051,198,100071,198,99968,198,100074,198,99939,198,100106,198,99908,198,100120,100,99874,100,100139,100,99798,100,100187,100,99785,100,100193,100,99778,100,100271,100,99710,200,100289,100,99654,100
2019-06-28 09:53:09.516065463,100059,198,100051,198,100071,198,99968,198,100074,198,99939,198,100106,198,99908,198,100120,100,99874,100,100139,100,99798,100,100187,100,99785,100,100193,100,99778,100,100271,100,99710,200,100289,100,99680,100
2019-06-28 09:53:10.000000000,100059,297,100051,297,100071,297,99968,297,100074,100,99939,100,100106,100,99908,100,100120,100,99874,100,100139,100,99798,100,100187,100,99785,100,100193,100,99778,100,100271,100,99710,200,100289,100,99680,100
2019-06-28 09:53:20.000000000,100059,494,100051,494,100071,100,99968,100,100074,100,99939,100,100106,100,99908,100,100120,100,99874,100,100139,100,99798,100,100187,100,99785,100,100193,100,99778,100,100271,100,99710,200,100289,100,99680,100
2019-06-28 09:53:24.272901828,100059,494,100051,494,100071,100,99968,100,100074,100,99939,100,100106,100,99908,100,100120,100,99874,100,100139,100,99798,100,100187,100,99785,100,100193,100,99778,100,100271,100,99710,200,100289,100,99700,100
2019-06-28 09:53:30.000000000,100059,494,100051,494,100071,100,99968,100,100074,100,99939,100,100106,100,99908,100,100120,100,99874,100,100139,100,99798,100,100187,100,99785,100,100193,100,99778,100,100271,100,99710,200,100289,100,99700,100
2019-06-28 09:53:32.926000012,100059,494,100051,394,100071,100,99968,100,100074,100,99939,100,100106,100,99908,100,100120,100,99874,100,100139,100,99798,100,100187,100,99785,100,100193,100,99778,100,100271,100,99710,100,100289,100,99700,100
2019-06-28 09:53:34.994268433,100059,494,100051,294,100071,100,99968,100,100074,100,99939,100,100106,100,99908,100,100120,100,99874,100,100139,100,99798,100,100187,100,99785,100,100193,100,99778,100,100271,100,99710,100,100289,100,99700,100
2019-06-28 09:53:40.000000000,100059,198,99968,198,100071,198,99939,198,100074,198,99908,198,100106,198,99874,198,100120,100,99798,100,100139,100,99785,100,100187,100,99778,100,100193,100,99710,100,100271,100,99700,100,100289,100,99680,100
2019-06-28 09:53:44.667815905,100059,198,99968,198,100071,198,99939,198,100074,198,99908,198,100106,198,99874,198,100120,100,99798,100,100139,100,99785,100,100187,100,99778,100,100193,100,99710,100,100271,100,99700,100,100289,100,99680,100
2019-06-28 09:53:50.000000000,100059,297,99968,297,100071,297,99939,297,100074,100,99908,100,100106,100,99874,100,100120,100,99798,100,100139,100,99785,100,100187,100,99778,100,100193,100,99710,100,100271,100,99700,100,100289,100,99680,100
2019-06-28 09:53:58.693383535,100059,297,99968,297,100071,297,99939,297,100074,100,99908,100,100106,100,99874,100,100120,100,99798,100,100134,100,99785,100,100139,100,99778,100,100187,100,99710,100,100193,100,99700,100,100271,100,99680,100
2019-06-28 09:54:00.000000000,100059,179,99968,179,100071,179,99939,179,100074,179,99908,179,100106,179,99874,179,100120,179,99798,179,100134,100,99785,100,100139,100,99778,100,100187,100,99710,100,100193,100,99700,100,100271,100,99680,100
2019-06-28 09:54:10.000000000,100059,198,99968,198,100071,198,99939,198,100074,198,99908,198,100106,198,99874,198,100120,100,99798,100,100134,100,99785,100,100139,100,99778,100,100187,100,99710,100,100193,100,99700,100,100271,100,99680,100
2019-06-28 09:54:18.560754113,100059,198,99968,98,100071,198,99939,198,100074,198,99908,198,100106,198,99874,198,100120,100,99798,100,100134,100,99785,100,100139,100,99778,100,100187,100,99710,100,100193,100,99700,100,100271,100,99680,100
2019-06-28 09:54:20.000000000,100059,198,99939,198,100071,198,99908,198,100074,198,99874,198,100106,198,99798,198,100120,100,99785,100,100134,100,99778,100,100139,100,99710,100,100187,100,99700,100,100193,100,99680,100,100271,100,99654,100
2019-06-28 09:54:30.000000000,100059,494,99939,494,100071,100,99908,100,100074,100,99874,100,100106,100,99798,100,100120,100,99785,100,100134,100,99778,100,100139,100,99710,100,100187,100,99700,100,100193,100,99680,100,100271,100,99654,100
2019-06-28 09:54:40.000000000,100059,198,99939,198,100071,198,99908,198,100074,198,99874,198,100106,198,99798,198,100120,100,99785,100,100134,100,99778,100,100139,100,99710,100,100187,100,99700,100,100193,100,99680,100,100271,100,99654,100
2019-06-28 09:54:50.000000000,100059,297,99939,297,100071,297,99908,297,100074,100,99874,100,100106,100,99798,100,100120,100,99785,100,100134,100,99778,100,100139,100,99710,100,100187,100,99700,100,100193,100,99680,100,100271,100,99654,100
2019-06-28 09:55:00.000000000,100059,234,99939,234,100071,230,99908,230,100074,230,99874,230,100106,100,99798,100,100120,100,99785,100,100134,100,99778,100,100139,100,99710,100,100187,100,99700,100,100193,100,99680,100,100271,100,99654,100
2019-06-28 09:55:10.000000000,100059,234,99939,234,100071,230,99908,230,100074,230,99874,230,100106,100,99798,100,100120,100,99785,100,100134,100,99778,100,100139,100,99710,100,100187,100,99700,100,100193,100,99680,100,100271,100,99654,100
2019-06-28 09:55:14.365310852,100059,234,99939,234,100071,230,99908,230,100074,230,99874,230,100106,100,99798,100,100120,100,99785,100,100134,100,99778,100,100139,100,99710,100,100187,100,99700,100,100193,100,99680,100,100271,100,99654,100
2019-06-28 09:55:20.000000000,100059,297,99939,297,100071,297,99908,297,100074,100,99874,100,100106,100,99798,100,100120,100,99785,100,100134,100,99778,100,100139,100,99710,100,100187,100,99700,100,100193,100,99680,100,100271,100,99654,100
2019-06-28 09:55:20.603687346,100059,297,99939,297,100071,297,99908,297,100074,100,99893,100,100106,100,99874,100,100120,100,99798,100,100134,100,99785,100,100139,100,99778,100,100187,100,99710,100,100193,100,99700,100,100271,100,99680,100
2019-06-28 09:55:30.000000000,100059,234,99939,234,100071,230,99908,230,100074,230,99893,230,100106,100,99874,100,100120,100,99798,100,100134,100,99785,100,100139,100,99778,100,100187,100,99710,100,100193,100,99700,100,100271,100,99680,100
2019-06-28 09:55:40.000000000,100059,234,99939,234,100071,230,99908,230,100074,230,99893,230,100106,100,99874,100,100120,100,99798,100,100134,100,99785,100,100139,100,99778,100,100187,100,99710,100,100193,100,99700,100,100271,100,99680,100
2019-06-28 09:55:50.000000000,100059,179,99939,179,100071,179,99908,179,100074,179,99893,179,100106,179,99874,179,100120,179,99798,179,100134,100,99785,100,100139,100,99778,100,100187,100,99710,100,100193,100,99700,100,100271,100,99680,100
2019-06-28 09:56:00.000000000,100059,494,99939,494,100071,100,99908,100,100074,100,99893,100,100106,100,99874,100,100120,100,99798,100,100134,100,99785,100,100139,100,99778,100,100187,100,99710,100,100193,100,99700,100,100271,100,99680,100
2019-06-28 09:56:10.000000000,100059,198,99939,198,100071,198,99908,198,100074,198,99893,198,100106,198,99874,198,100120,100,99798,100,100134,100,99785,100,100139,100,99778,100,100187,100,99710,100,100193,100,99700,100,100271,100,99680,100
2019-06-28 09:56:17.378285112,100059,198,99939,98,100071,198,99908,198,100074,198,99893,198,100106,198,99874,198,100120,100,99798,100,100134,100,99785,100,100139,100,99778,100,100187,100,99710,100,100193,100,99700,100,100271,100,99680,100
2019-06-28 09:56:20.000000000,100059,198,99908,198,100071,198,99893,198,100074,198,99874,198,100106,198,99798,198,100120,100,99785,100,100134,100,99778,100,100139,100,99710,100,100187,100,99700,100,100193,100,99680,100,100271,100,99654,100
2019-06-28 09:56:30.000000000,100059,494,99908,494,100071,100,99893,100,100074,100,99874,100,100106,100,99798,100,100120,100,99785,100,100134,100,99778,100,100139,100,99710,100,100187,100,99700,100,100193,100,99680,100,100271,100,99654,100
2019-06-28 09:56:37.929240295,100059,494,99908,494,100071,100,99893,100,100074,100,99874,100,100106,100,99798,100,100120,100,99785,100,100134,100,99778,100,100139,100,99710,100,100187,100,99700,100,100193,100,99680,100,100271,100,99654,100
2019-06-28 09:56:40.000000000,100059,494,99908,494,100071,100,99893,100,100074,100,99874,100,100106,100,99798,100,100120,100,99785,100,100134,100,99778,100,100139,100,99710,100,100187,100,99700,100,100193,100,99680,100,100271,100,99654,100
2019-06-28 09:56:50.000000000,100059,234,99908,234,100071,230,99893,230,100074,230,99874,230,100106,100,99798,100,100120,100,99785,100,100134,100,99778,100,100139,100,99710,100,100187,100,99700,100,100193,100,99680,100,100271,100,99654,100
2019-06-28 09:56:50.484939745,100014,100,99908,234,100059,234,99893,130,100071,230,99874,230,100074,230,99798,100,100106,100,99785,100,100120,100,99778,100,100134,100,99710,100,100139,100,99700,100,100187,100,99680,100,100193,100,99654,100
2019-06-28 09:56:56.352789581,100014,100,99908,234,100059,234,99893,130,100071,230,99874,230,100074,230,99808,100,100106,100,99798,100,100120,100,99785,100,100134,100,99778,100,100139,100,99710,100,100187,100,99680,100,100193,100,99654,100
2019-06-28 09:56:59.115836690,99968,100,99908,234,100014,100,99893,130,100059,234,99874,230,100071,230,99808,100,100074,230,99798,100,100106,100,99785,100,100120,100,99778,100,100134,100,99710,100,100139,100,99680,100,100187,100,99654,100
2019-06-28 09:57:00.000000000,99968,234,99908,234,100014,230,99874,230,100059,230,99808,230,100071,100,99798,100,100074,100,99785,100,100106,100,99778,100,100120,100,99710,100,100134,100,99680,100,100139,100,99654,100,100187,100,99645,100
2019-06-28 09:57:00.044936847,99968,234,99908,134,100014,230,99874,230,100059,230,99808,230,100071,100,99798,100,100074,100,99785,100,100106,100,99778,100,100120,100,99710,100,100134,100,99680,100,100139,100,99654,100,100187,100,99623,100
2019-06-28 09:57:10.000000000,99968,297,99874,297,100014,297,99808,297,100059,100,99798,100,100071,100,99785,100,100074,100,99778,100,100106,100,99710,100,100120,100,99680,100,100134,100,99654,100,100139,100,99623,100,100187,100,99595,100
2019-06-28 09:57:19.485042211,99968,297,99874,297,100014,297,99808,297,100059,100,99798,100,100074,100,99785,100,100106,100,99778,100,100120,100,99710,100,100134,100,99680,100,100139,100,99658,100,100187,100,99654,100,100193,100,99623,100
2019-06-28 09:57:20.000000000,99968,179,99874,179,100014,179,99808,179,100059,179,99798,179,100074,179,99785,179,100106,179,99778,179,100120,100,99710,100,100134,100,99680,100,100139,100,99658,100,100187,100,99654,100,100193,100,99623,100
2019-06-28 09:57:29.598433770,99968,179,99874,79,100014,179,99808,179,100059,179,99798,179,100074,179,99785,179,100106,179,99778,179,100120,100,99710,100,100139,100,99680,100,100187,100,99658,100,100193,100,99654,100,100271,100,99623,100
2019-06-28 09:57:30.000000000,99968,297,99808,297,100014,297,99798,297,100059,100,99785,100,100074,100,99778,100,100106,100,99710,100,100120,100,99680,100,100139,100,99658,100,100187,100,99654,100,100193,100,99623,100,100271,100,99595,100
2019-06-28 09:57:40.000000000,99968,297,99808,297,100014,297,99798,297,100059,100,99785,100,100074,100,99778,100,100106,100,99710,100,100120,100,99680,100,100139,100,99658,100,100187,100,99654,100,100193,100,99623,100,100271,100,99595,100
2019-06-28 09:57:47.065132677,99968,197,99808,297,100014,297,99798,297,100059,100,99785,100,100074,100,99778,100,100106,100,99710,100,100120,100,99680,100,100139,100,99658,100,100187,100,99654,100,100193,100,99623,100,100271,100,99595,100
2019-06-28 09:57:50.000000000,100014,234,99808,234,100059,230,99798,230,100074,230,99785,230,100106,100,99778,100,100120,100,99710,100,100139,100,99680,100,100187,100,99658,100,100193,100,99654,100,100271,100,99623,100,100289,100,99595,100
2019-06-28 09:57:54.890915269,100014,234,99808,234,100059,230,99798,230,100074,230,99785,230,100106,100,99778,100,100120,100,99710,100,100123,100,99680,100,100139,100,99658,100,100187,100,99654,100,100193,100,99623,100,100271,100,99595,100
2019-06-28 09:57:55.921705645,100014,234,99854,100,100059,230,99808,234,100074,230,99798,230,100106,100,99785,230,100120,100,99778,100,100123,100,99710,100,100139,100,99680,100,100187,100,99658,100,100193,100,99654,100,100271,100,99623,100
2019-06-28 09:58:00.000000000,100014,198,99854,198,100059,198,99808,198,100074,198,99798,198,100106,198,99785,198,100120,100,99778,100,100123,100,99710,100,100139,100,99680,100,100187,100,99658,100,100193,100,99654,100,100271,100,99623,100
2019-06-28 09:58:10.000000000,100014,179,99854,179,100059,179,99808,179,100074,179,99798,179,100106,179,99785,179,100120,179,99778,179,100123,100,99710,100,100139,100,99680,100,100187,100,99658,100,100193,100,99654,100,100271,100,99623,100
2019-06-28 09:58:20.000000000,100014,297,99854,297,100059,297,99808,297,100074,100,99798,100,100106,100,99785,100,100120,100,99778,100,100123,100,99710,100,100139,100,99680,100,100187,100,99658,100,100193,100,99654,100,100271,100,99623,100
2019-06-28 09:58:30.000000000,100014,234,99854,234,100059,230,99808,230,100074,230,99798,230,100106,100,99785,100,100120,100,99778,100,100123,100,99710,100,100139,100,99680,100,100187,100,99658,100,100193,100,99654,100,100271,100,99623,100
2019-06-28 09:58:34.572803705,100014,234,99854,234,100018,100,99808,230,100059,230,99798,230,100074,230,99785,100,100106,100,99778,100,100120,100,99710,100,100123,100,99680,100,100139,100,99658,100,100187,100,99654,100,100193,100,99623,100
2019-06-28 09:58:40.000000000,100014,234,99854,234,100018,230,99808,230,100059,230,99798,230,100074,100,99785,100,100106,100,99778,100,100120,100,99710,100,100123,100,99680,100,100139,100,99658,100,100187,100,99654,100,100193,100,99623,100
2019-06-28 09:58:45.482131675,100014,134,99854,234,100018,230,99808,230,100059,230,99798,230,100074,100,99785,100,100106,100,99778,100,100120,100,99710,100,100123,100,99680,100,100139,100,99658,100,100187,100,99654,100,100193,100,99623,100
2019-06-28 09:58:50.000000000,100018,494,99854,494,100059,100,99808,100,100074,100,99798,100,100106,100,99785,100,100120,100,99778,100,100123,100,99710,100,100139,100,99680,100,100187,100,99658,100,100193,100,99654,100,100271,100,99623,100
2019-06-28 09:59:00.000000000,100018,234,99854,234,100059,230,99808,230,100074,230,99798,230,100106,100,99785,100,100120,100,99778,100,100123,100,99710,100,100139,100,99680,100,100187,100,99658,100,100193,100,99654,100,100271,100,99623,100
2019-06-28 09:59:10.000000000,100018,297,99854,297,100059,297,99808,297,100074,100,99798,100,100106,100,99785,100,100120,100,99778,100,100123,100,99710,100,100139,100,99680,100,100187,100,99658,100,100193,100,99654,100,100271,100,99623,100
2019-06-28 09:59:20.000000000,100018,297,99854,297,100059,297,99808,297,100074,100,99798,100,100106,100,99785,100,100120,100,99778,100,100123,100,99710,100,100139,100,99680,100,100187,100,99658,100,100193,100,99654,100,100271,100,99623,100
2019-06-28 09:59:27.555483576,100018,297,99854,297,100059,297,99808,297,100074,100,99798,100,100106,100,99785,100,100120,100,99778,100,100123,100,99710,100,100139,100,99680,100,100187,100,99658,100,100193,100,99654,100,100271,100,99623,100
2019-06-28 09:59:28.847965729,100018,297,99854,297,100059,297,99808,297,100074,100,99798,100,100106,100,99785,100,100120,100,99778,100,100123,100,99710,100,100139,100,99680,100,100187,100,99658,100,100193,100,99654,100,100271,100,99623,100
2019-06-28 09:59:30.000000000,100018,234,99854,234,100059,230,99808,230,100074,230,99798,230,100106,100,99785,100,100120,100,99778,100,100123,100,99710,100,100139,100,99680,100,100187,100,99658,100,100193,100,99654,100,100271,100,99623,100
2019-06-28 09:59:40.000000000,100018,198,99854,198,100059,198,99808,198,100074,198,99798,198,100106,198,99785,198,100120,100,99778,100,100123,100,99710,100,100139,100,99680,100,100187,100,99658,100,100193,100,99654,100,100271,100,99623,100
2019-06-28 09:59:50.000000000,100018,179,99854,179,100059,179,99808,179,100074,179,99798,179,100106,179,99785,179,100120,179,99778,179,100123,100,99710,100,100139,100,99680,100,100187,100,99658,100,100193,100,99654,100,100271,100,99623,100
2019-06-28 10:00:00.000000000,100018,234,99854,234,100059,230,99808,230,100074,230,99798,230,100106,100,99785,100,100120,100,99778,100,100123,100,99710,100,100139,100,99680,100,100187,100,99658,100,100193,100,99654,100,100271,100,99623,100
2019-06-28 10:00:00.906981001,100018,134,99854,234,100059,230,99808,230,100074,230,99798,230,100106,100,99785,100,100120,100,99778,100,100123,100,99710,100,100139,100,99680,100,100187,100,99658,100,100193,100,99654,100,100271,100,99623,100
2019-06-28 10:00:03.491691792,100018,34,99854,234,100059,230,99808,230,100074,230,99798,230,100106,100,99785,100,100120,100,99778,100,100123,100,99680,100,100139,100,99658,100,100187,100,99654,100,100193,100,99623,100,100271,100,99436,100
2019-06-28 10:00:10.000000000,100059,234,99854,234,100074,230,99808,230,100106,230,99798,230,100120,100,99785,100,100123,100,99778,100,100139,100,99680,100,100187,100,99658,100,100193,100,99654,100,100271,100,99623,100,100282,100,99436,100
2019-06-28 10:00:20.000000000,100059,179,99854,179,100074,179,99808,179,100106,179,99798,179,100120,179,99785,179,100123,179,99778,179,100139,100,99680,100,100187,100,99658,100,100193,100,99654,100,100271,100,99623,100,100282,100,99436,100
2019-06-28 10:00:30.000000000,100059,179,99854,179,100074,179,99808,179,100106,179,99798,179,100120,179,99785,179,100123,179,99778,179,100139,100,99680,100,100187,100,99658,100,100193,100,99654,100,100271,100,99623,100,100282,100,99436,100
2019-06-28 10:00:36.728327110,100059,179,99854,179,100074,179,99808,179,100106,179,99798,179,100120,179,99785,179,100123,179,99778,179,100139,100,99680,100,100187,100,99658,100,100193,100,99654,100,100271,100,99641,100,100282,100,99623,100
2019-06-28 10:00:40.000000000,100059,494,99854,494,100074,100,99808,100,100106,100,99798,100,100120,100,99785,100,100123,100,99778,100,100139,100,99680,100,100187,100,99658,100,100193,100,99654,100,100271,100,99641,100,100282,100,99623,100
2019-06-28 10:00:50.000000000,100059,297,99854,297,100074,297,99808,297,100106,100,99798,100,100120,100,99785,100,100123,100,99778,100,100139,100,99680,100,100187,100,99658,100,100193,100,99654,100,100271,100,99641,100,100282,100,99623,100
2019-06-28 10:00:50.386630360,100001,100,99854,297,100059,297,99808,297,100074,297,99798,100,100106,100,99785,100,100120,100,99778,100,100123,100,99680,100,100187,100,99658,100,100193,100,99654,100,100271,100,99641,100,100282,100,99623,100
2019-06-28 10:00:52.971461641,100001,100,99854,297,100059,297,99808,297,100074,297,99802,100,100106,100,99798,100,100120,100,99785,100,100123,100,99778,100,100187,100,99680,100,100193,100,99658,100,100271,100,99654,100,100282,100,99641,100
2019-06-28 10:01:00.000000000,100001,297,99854,297,100059,297,99808,297,100074,100,99802,100,100106,100,99798,100,100120,100,99785,100,100123,100,99778,100,100187,100,99680,100,100193,100,99658,100,100271,100,99654,100,100282,100,99641,100
2019-06-28 10:01:00.698590954,100001,297,99854,297,100059,297,99808,297,100074,100,99802,100,100106,100,99798,100,100120,100,99785,100,100123,100,99778,100,100187,100,99680,100,100193,100,99658,100,100271,100,99654,100,100282,100,99641,100
2019-06-28 10:01:10.000000000,100001,198,99854,198,100059,198,99808,198,100074,198,99802,198,100106,198,99798,198,100120,100,99785,100,100123,100,99778,100,100187,100,99680,100,100193,100,99658,100,100271,100,99654,100,100282,100,99641,100
2019-06-28 10:01:20.000000000,100001,179,99854,179,100059,179,99808,179,100074,179,99802,179,100106,179,99798,179,100120,179,99785,179,100123,100,99778,100,100187,100,99680,100,100193,100,99658,100,100271,100,99654,100,100282,100,99641,100
2019-06-28 10:01:29.060750675,100001,79,99854,179,100059,179,99808,179,100074,179,99802,179,100106,179,99798,179,100120,179,99785,179,100123,100,99778,100,100187,100,99680,100,100193,100,99658,100,100271,100,99654,100,100282,100,99641,100
2019-06-28 10:01:30.000000000,100059,234,99854,234,100074,230,99808,230,100106,230,99802,230,100120,100,99798,100,100123,100,99785,100,100187,100,99778,100,100193,100,99680,100,100271,100,99658,100,100282,100,99654,100,100429,100,99641,100
2019-06-28 10:01:40.000000000,100059,494,99854,494,100074,100,99808,100,100106,100,99802,100,100120,100,99798,100,100123,100,99785,100,100187,100,99778,100,100193,100,99680,100,100271,100,99658,100,100282,100,99654,100,100429,100,99641,100
2019-06-28 10:01:42.628713150,99978,100,99854,494,100059,494,99808,100,100074,100,99802,100,100106,100,99798,100,100120,100,99785,100,100123,100,99778,100,100187,100,99680,100,100193,100,99658,100,100271,100,99654,100,100282,100,99641,100
2019-06-28 10:01:48.811189089,99978,100,99854,494,100059,494,99808,100,100069,100,99802,100,100106,100,99798,100,100120,100,99785,100,100123,100,99778,100,100187,100,99680,100,100193,100,99658,100,100271,100,99654,100,100282,100,99641,100
2019-06-28 10:01:50.000000000,99978,494,99854,494,100059,100,99808,100,100069,100,99802,100,100106,100,99798,100,100120,100,99785,100,100123,100,99778,100,100187,100,99680,100,100193,100,99658,100,100271,100,99654,100,100282,100,99641,100
2019-06-28 10:01:51.945069432,99978,494,99854,494,100000,100,99808,100,100059,100,99802,100,100069,100,99798,100,100106,100,99785,100,100120,100,99778,100,100123,100,99680,100,100187,100,99658,100,100193,100,99654,100,100271,100,99641,100
2019-06-28 10:02:00.000000000,99978,198,99854,198,100000,198,99808,198,100059,198,99802,198,100069,198,99798,198,100106,100,99785,100,100120,100,99778,100,100123,100,99680,100,100187,100,99658,100,100193,100,99654,100,100271,100,99641,100
2019-06-28 10:02:10.000000000,99978,234,99854,234,100000,230,99808,230,100059,230,99802,230,100069,100,99798,100,100106,100,99785,100,100120,100,99778,100,100123,100,99680,100,100187,100,99658,100,100193,100,99654,100,100271,100,99641,100
2019-06-28 10:02:16.871838200,99904,100,99854,234,99978,234,99808,230,100000,230,99802,230,100059,230,99798,100,100069,100,99785,100,100106,100,99778,100,100120,100,99680,100,100123,100,99658,100,100187,100,99654,100,100193,100,99641,100
2019-06-28 10:02:20.000000000,99904,179,99854,179,99978,179,99808,179,100000,179,99802,179,100059,179,99798,179,100069,179,99785,179,100106,100,99778,100,100120,100,99680,100,100123,100,99658,100,100187,100,99654,100,100193,100,99641,100
2019-06-28 10:02:30.000000000,99904,234,99854,234,99978,230,99808,230,100000,230,99802,230,100059,100,99798,100,100069,100,99785,100,100106,100,99778,100,100120,100,99680,100,100123,100,99658,100,100187,100,99654,100,100193,100,99641,100
2019-06-28 10:02:33.595501629,99904,234,99854,234,99978,230,99811,100,100000,230,99808,230,100059,100,99802,230,100069,100,99798,100,100106,100,99785,100,100120,100,99778,100,100123,100,99680,100,100187,100,99658,100,100193,100,99654,100
2019-06-28 10:02:40.000000000,99904,234,99854,234,99978,230,99811,230,100000,230,99808,230,100059,100,99802,100,100069,100,99798,100,100106,100,99785,100,100120,100,99778,100,100123,100,99680,100,100187,100,99658,100,100193,100,99654,100
2019-06-28 10:02:50.000000000,99904,297,99854,297,99978,297,99811,297,100000,100,99808,100,100059,100,99802,100,100069,100,99798,100,100106,100,99785,100,100120,100,99778,100,100123,100,99680,100,100187,100,99658,100,100193,100,99654,100
2019-06-28 10:03:00.000000000,99904,198,99854,198,99978,198,99811,198,100000,198,99808,198,100059,198,99802,198,100069,100,99798,100,100106,100,99785,100,100120,100,99778,100,100123,100,99680,100,100187,100,99658,100,100193,100,99654,100
2019-06-28 10:03:10.000000000,99904,494,99854,494,99978,100,99811,100,100000,100,99808,100,100059,100,99802,100,100069,100,99798,100,100106,100,99785,100,100120,100,99778,100,100123,100,99680,100,100187,100,99658,100,100193,100,99654,100
2019-06-28 10:03:12.972738213,99904,394,99854,494,99978,100,99811,100,100000,100,99808,100,100059,100,99802,100,100069,100,99798,100,100106,100,99785,100,100120,100,99778,100,100123,100,99680,100,100187,100,99658,100,100193,100,99654,100
2019-06-28 10:03:20.000000000,99978,198,99854,198,100000,198,99811,198,100059,198,99808,198,100069,198,99802,198,100106,100,99798,100,100120,100,99785,100,100123,100,99778,100,100187,100,99680,100,100193,100,99658,100,100271,100,99654,100
2019-06-28 10:03:30.000000000,99978,234,99854,234,100000,230,99811,230,100059,230,99808,230,100069,100,99802,100,100106,100,99798,100,100120,100,99785,100,100123,100,99778,100,100187,100,99680,100,100193,100,99658,100,100271,100,99654,100
2019-06-28 10:03:40.000000000,99978,234,99854,234,100000,230,99811,230,100059,230,99808,230,100069,100,99802,100,100106,100,99798,100,100120,100,99785,100,100123,100,99778,100,100187,100,99680,100,100193,100,99658,100,100271,100,99654,100
2019-06-28 10:03:50.000000000,99978,179,99854,179,100000,179,99811,179,100059,179,99808,179,100069,179,99802,179,100106,179,99798,179,100120,100,99785,100,100123,100,99778,100,100187,100,99680,100,100193,100,99658,100,100271,100,99654,100
2019-06-28 10:03:52.419928380,99972,100,99854,179,99978,179,99811,179,100000,179,99808,179,100059,179,99802,179,100069,179,99798,179,100106,179,99785,100,100120,100,99778,100,100123,100,99680,100,100187,100,99658,100,100193,100,99654,100
2019-06-28 10:03:53.553954729,99972,100,99854,179,99978,179,99811,179,100000,179,99808,179,100059,179,99802,279,100069,179,99798,179,100106,179,99785,100,100120,100,99778,100,100123,100,99680,100,100187,100,99658,100,100193,100,99654,100
2019-06-28 10:03:58.601563498,99972,100,99854,179,99978,179,99811,179,100000,179,99808,179,100002,100,99802,279,100059,179,99798,179,100069,179,99785,100,100106,179,99778,100,100120,100,99680,100,100123,100,99658,100,100187,100,99654,100
2019-06-28 10:04:00.000000000,99972,179,99854,179,99978,179,99811,179,100000,179,99808,179,100002,179,99802,279,100059,179,99798,179,100069,100,99785,100,100106,100,99778,100,100120,100,99680,100,100123,100,99658,100,100187,100,99654,100
2019-06-28 10:04:10.000000000,99972,297,99854,297,99978,297,99811,297,100000,100,99808,100,100002,100,99802,200,100059,100,99798,100,100069,100,99785,100,100106,100,99778,100,100120,100,99680,100,100123,100,99658,100,100187,100,99654,100
2019-06-28 10:04:20.000000000,99972,179,99854,179,99978,179,99811,179,100000,179,99808,179,100002,179,99802,279,100059,179,99798,179,100069,100,99785,100,100106,100,99778,100,100120,100,99680,100,100123,100,99658,100,100187,100,99654,100
2019-06-28 10:04:30.000000000,99972,179,99854,179,99978,179,99811,179,100000,179,99808,179,100002,179,99802,279,100059,179,99798,179,100069,100,99785,100,100106,100,99778,100,100120,100,99680,100,100123,100,99658,100,100187,100,99654,100
2019-06-28 10:04:40.000000000,99972,297,99854,297,99978,297,99811,297,100000,100,99808,100,100002,100,99802,200,100059,100,99798,100,100069,100,99785,100,100106,100,99778,100,100120,100,99680,100,100123,100,99658,100,100187,100,99654,100
2019-06-28 10:04:49.732965713,99972,197,99854,297,99978,297,99811,297,100000,100,99808,100,100002,100,99802,100,100059,100,99798,100,100069,100,99785,100,100106,100,99778,100,100120,100,99680,100,100123,100,99658,100,100187,100,99654,100
2019-06-28 10:04:50.000000000,99978,179,99854,179,100000,179,99811,179,100002,179,99808,179,100059,179,99802,179,100069,179,99798,179,100106,100,99785,100,100120,100,99778,100,100123,100,99680,100,100187,100,99658,100,100193,100,99654,100
2019-06-28 10:04:52.584820491,99978,179,99854,179,100000,179,99811,179,100002,179,99808,179,100059,179,99802,179,100069,179,99798,179,100106,100,99785,100,100120,100,99778,100,100123,100,99680,100,100187,100,99658,100,100193,100,99654,100
2019-06-28 10:04:53.648937640,99978,179,99854,179,100000,179,99811,179,100002,179,99808,179,100059,179,99802,179,100069,179,99798,179,100106,100,99785,100,100120,100,99778,100,100123,100,99680,100,100187,100,99658,100,100191,100,99654,100
2019-06-28 10:05:00.000000000,99978,179,99854,179,100000,179,99811,179,100002,179,99808,179,100059,179,99802,179,100069,179,99798,179,100106,100,99785,100,100120,100,99778,100,100123,100,99680,100,100187,100,99658,100,100191,100,99654,100
2019-06-28 10:05:10.000000000,99978,198,99854,198,100000,198,99811,198,100002,198,99808,198,100059,198,99802,198,100069,100,99798,100,100106,100,99785,100,100120,100,99778,100,100123,100,99680,100,100187,100,99658,100,100191,100,99654,100
2019-06-28 10:05:20.000000000,99978,234,99854,234,100000,230,99811,230,100002,230,99808,230,100059,100,99802,100,100069,100,99798,100,100106,100,99785,100,100120,100,99778,100,100123,100,99680,100,100187,100,99658,100,100191,100,99654,100
2019-06-28 10:05:30.000000000,99978,234,99854,234,100000,230,99811,230,100002,230,99808,230,100059,100,99802,100,100069,100,99798,100,100106,100,99785,100,100120,100,99778,100,100123,100,99680,100,100187,100,99658,100,100191,100,99654,100
2019-06-28 10:05:40.000000000,99978,494,99854,494,100000,100,99811,100,100002,100,99808,100,100059,100,99802,100,100069,100,99798,100,100106,100,99785,100,100120,100,99778,100,100123,100,99680,100,100187,100,99658,100,100191,100,99654,100
2019-06-28 10:05:49.359579449,99978,394,99854,494,100000,100,99811,100,100002,100,99808,100,100059,100,99798,100,100069,100,99785,100,100106,100,99778,100,100120,100,99680,100,100123,100,99658,100,100187,100,99654,100,100191,100,99641,100
2019-06-28 10:05:50.000000000,100000,234,99854,234,100002,230,99811,230,100059,230,99808,230,100069,100,99798,100,100106,100,99785,100,100120,100,99778,100,100123,100,99680,100,100187,100,99658,100,100191,100,99654,100,100193,100,99641,100
2019-06-28 10:05:52.468008972,100000,134,99854,234,100002,230,99811,230,100059,230,99808,230,100069,100,99798,100,100106,100,99785,100,100120,100,99778,100,100123,100,99680,100,100187,100,99658,100,100191,100,99654,100,100193,100,99641,100
2019-06-28 10:06:00.000000000,100002,179,99854,179,100059,179,99811,179,100069,179,99808,179,100106,179,99798,179,100120,179,99785,179,100123,100,99778,100,100187,100,99680,100,100191,100,99658,100,100193,100,99654,100,100203,100,99641,100
2019-06-28 10:06:02.958723386,100002,179,99854,179,100059,179,99811,179,100069,179,99808,179,100106,179,99798,179,100120,179,99785,179,100123,100,99778,100,100187,100,99680,100,100191,100,99658,100,100193,100,99654,100,100203,100,99641,100
2019-06-28 10:06:10.000000000,100002,297,99854,297,100059,297,99811,297,100069,100,99808,100,100106,100,99798,100,100120,100,99785,100,100123,100,99778,100,100187,100,99680,100,100191,100,99658,100,100193,100,99654,100,100203,100,99641,100
2019-06-28 10:06:20.000000000,100002,198,99854,198,100059,198,99811,198,100069,198,99808,198,100106,198,99798,198,100120,100,99785,100,100123,100,99778,100,100187,100,99680,100,100191,100,99658,100,100193,100,99654,100,100203,100,99641,100
2019-06-28 10:06:21.641771334,100002,198,99978,100,100059,198,99854,198,100069,198,99811,198,100106,198,99808,198,100120,100,99798,198,100123,100,99785,100,100187,100,99778,100,100191,100,99680,100,100193,100,99658,100,100203,100,99654,100
2019-06-28 10:06:30.000000000,100002,494,99978,494,100059,100,99854,100,100069,100,99811,100,100106,100,99808,100,100120,100,99798,100,100123,100,99785,100,100187,100,99778,100,100191,100,99680,100,100193,100,99658,100,100203,100,99654,100
2019-06-28 10:06:40.000000000,100002,494,99978,494,100059,100,99854,100,100069,100,99811,100,100106,100,99808,100,100120,100,99798,100,100123,100,99785,100,100187,100,99778,100,100191,100,99680,100,100193,100,99658,100,100203,100,99654,100
2019-06-28 10:06:41.250356391,100002,394,99978,494,100059,100,99854,100,100069,100,99811,100,100106,100,99808,100,100120,100,99798,100,100123,100,99785,100,100187,100,99778,100,100191,100,99680,100,100193,100,99658,100,100203,100,99654,100
2019-06-28 10:06:50.000000000,100059,179,99978,179,100069,179,99854,179,100106,179,99811,179,100120,179,99808,179,100123,179,99798,179,100187,100,99785,100,100191,100,99778,100,100193,100,99680,100,100203,100,99658,100,100271,100,99654,100
2019-06-28 10:06:57.509926105,100059,179,99978,179,100069,179,99854,179,100106,179,99811,179,100120,179,99808,179,100123,179,99798,179,100187,100,99785,100,100191,100,99778,100,100193,100,99680,100,100203,100,99658,100,100271,100,99654,100
2019-06-28 10:07:00.000000000,100059,198,99978,198,100069,198,99854,198,100106,198,99811,198,100120,198,99808,198,100123,100,99798,100,100187,100,99785,100,100191,100,99778,100,100193,100,99680,100,100203,100,99658,100,100271,100,99654,100
2019-06-28 10:07:10.000000000,100059,234,99978,234,100069,230,99854,230,100106,230,99811,230,100120,100,99808,100,100123,100,99798,100,100187,100,99785,100,100191,100,99778,100,100193,100,99680,100,100203,100,99658,100,100271,100,99654,100
2019-06-28 10:07:20.000000000,100059,198,99978,198,100069,198,99854,198,100106,198,99811,198,100120,198,99808,198,100123,100,99798,100,100187,100,99785,100,100191,100,99778,100,100193,100,99680,100,100203,100,99658,100,100271,100,99654,100
2019-06-28 10:07:25.623487800,100059,198,99978,198,100069,198,99854,198,100106,198,99811,198,100120,198,99808,198,100123,100,99785,100,100187,100,99778,100,100191,100,99680,100,100193,100,99658,100,100203,100,99654,100,100271,100,99641,100
2019-06-28 10:07:30.000000000,100059,494,99978,494,100069,100,99854,100,100106,100,99811,100,100120,100,99808,100,100123,100,99785,100,100187,100,99778,100,100191,100,99680,100,100193,100,99658,100,100203,100,99654,100,100271,100,99641,100
