,ask_price_1,ask_size_1,bid_price_1,bid_size_1,ask_price_2,ask_size_2,bid_price_2,bid_size_2,ask_price_3,ask_size_3,bid_price_3,bid_size_3,ask_price_4,ask_size_4,bid_price_4,bid_size_4,ask_price_5,ask_size_5,bid_price_5,bid_size_5,ask_price_6,ask_size_6,bid_price_6,bid_size_6,ask_price_7,ask_size_7,bid_price_7,bid_size_7,ask_price_8,ask_size_8,bid_price_8,bid_size_8,ask_price_9,ask_size_9,bid_price_9,bid_size_9,ask_price_10,ask_size_10,bid_price_10,bid_size_10
2019-06-28 09:30:00.000000000,100064,100,,,,,,,,,,,,,,,,,,,,,,,,,,,,,,,,,,,,,,
2019-06-28 09:30:00.000000002,100024,100,,,100064,100,,,100089,100,,,,,,,,,,,,,,,,,,,,,,,,,,,,,,
2019-06-28 09:30:00.000000004,100024,100,,,100064,100,,,100089,100,,,100139,100,,,,,,,,,,,,,,,,,,,,,,,,,,
2019-06-28 09:30:00.000000005,100024,100,99846,100,100054,100,,,100064,100,,,100089,100,,,100139,100,,,,,,,,,,,,,,,,,,,,,,
2019-06-28 09:30:00.000000006,100024,100,99960,100,100054,100,99846,100,100064,100,,,100089,100,,,100139,100,,,,,,,,,,,,,,,,,,,,,,
2019-06-28 09:30:00.000000007,99972,100,99960,100,100024,100,99846,100,100054,100,,,100064,100,,,100089,100,,,100139,100,,,,,,,,,,,,,,,,,,
2019-06-28 09:30:00.000000012,100024,100,99960,100,100037,100,99846,100,100054,100,,,100064,100,,,100067,100,,,100089,100,,,100139,100,,,,,,,,,,,,,,
2019-06-28 09:30:00.000000013,100024,100,99960,100,100037,100,99846,100,100054,100,,,100064,100,,,100067,100,,,100069,100,,,100089,100,,,100139,100,,,,,,,,,,
2019-06-28 09:30:00.000000015,100024,100,99960,100,100025,100,99846,100,100037,100,,,100054,100,,,100064,100,,,100067,100,,,100069,100,,,100089,100,,,100139,100,,,,,,
2019-06-28 09:30:00.000000019,100024,100,100022,100,100025,100,99960,100,100037,100,99846,100,100054,100,,,100064,100,,,100067,100,,,100069,100,,,100089,100,,,100139,100,,,,,,
2019-06-28 09:30:00.000000020,100024,100,100022,100,100025,100,99988,100,100037,100,99960,100,100054,100,99846,100,100064,100,,,100067,100,,,100069,100,,,100089,100,,,100139,100,,,,,,
2019-06-28 09:30:00.000000023,100024,100,99989,100,100025,100,99988,100,100037,100,99960,100,100054,100,99846,100,100064,100,,,100067,100,,,100069,100,,,100089,100,,,100139,100,,,,,,
2019-06-28 09:30:00.000000026,100024,100,99988,100,100025,100,99960,100,100037,100,99846,100,100054,100,,,100064,100,,,100067,100,,,100069,100,,,100089,100,,,100139,100,,,,,,
2019-06-28 09:30:00.000000027,100024,100,99988,100,100025,100,99960,100,100037,100,99895,100,100054,100,99846,100,100064,100,,,100067,100,,,100069,100,,,100089,100,,,100139,100,,,,,,
2019-06-28 09:30:00.000000030,100024,100,99988,100,100025,100,99969,100,100037,100,99960,100,100054,100,99895,100,100064,100,99846,100,100067,100,,,100069,100,,,100089,100,,,100139,100,,,,,,
2019-06-28 09:30:00.000000032,100024,100,99988,100,100025,100,99969,100,100037,100,99960,100,100054,100,99901,100,100064,100,99895,100,100067,100,99846,100,100069,100,,,100089,100,,,100139,100,,,,,,
2019-06-28 09:30:00.000000033,100024,100,99988,100,100025,100,99969,100,100037,100,99960,100,100054,100,99922,100,100064,100,99901,100,100067,100,99895,100,100069,100,99846,100,100089,100,,,100139,100,,,,,,
2019-06-28 09:30:00.000000037,100025,100,99988,100,100037,100,99969,100,100039,100,99960,100,100054,100,99922,100,100064,100,99901,100,100067,100,99895,100,100069,100,99846,100,100089,100,,,100139,100,,,,,,
2019-06-28 09:30:00.000000038,100025,100,99988,100,100037,100,99969,100,100039,100,99960,100,100054,100,99922,100,100064,100,99901,100,100067,100,99895,100,100069,100,99846,100,100089,100,,,100139,100,,,,,,
2019-06-28 09:30:00.000000039,100025,100,100024,100,100037,100,99988,100,100039,100,99969,100,100054,100,99960,100,100064,100,99922,100,100067,100,99901,100,100069,100,99895,100,100089,100,99846,100,100139,100,,,,,,
2019-06-28 09:30:00.000000041,100025,100,100024,100,100037,100,99988,100,100039,100,99969,100,100054,100,99960,100,100064,100,99922,100,100067,100,99901,100,100069,100,99895,100,100089,100,99846,100,100139,100,99803,100,,,,
2019-06-28 09:30:00.000000045,100025,100,100024,100,100037,100,99988,100,100039,100,99969,100,100054,100,99960,100,100064,100,99941,100,100067,100,99922,100,100069,100,99901,100,100089,100,99895,100,100139,100,99846,100,,,99803,100
2019-06-28 09:30:00.000000049,100025,100,100024,100,100033,100,99988,100,100037,100,99969,100,100039,100,99960,100,100054,100,99941,100,100064,100,99922,100,100067,100,99901,100,100069,100,99895,100,100089,100,99848,100,100139,100,99846,100
2019-06-28 09:30:00.000000051,100025,200,100024,100,100031,100,99988,100,100033,100,99969,100,100037,100,99960,100,100039,100,99941,100,100054,100,99922,100,100064,100,99901,100,100067,100,99895,100,100069,100,99884,100,100089,100,99848,100
2019-06-28 09:30:00.000000054,100025,200,100024,100,100031,100,99988,100,100033,100,99969,100,100037,100,99960,100,100039,100,99941,100,100054,100,99936,100,100064,100,99922,100,100067,100,99910,100,100069,100,99901,100,100089,100,99895,100
2019-06-28 09:30:00.000000056,100025,200,100024,100,100031,100,99988,100,100033,100,99969,100,100037,100,99960,100,100039,100,99941,100,100054,100,99936,100,100064,100,99922,100,100067,100,99910,100,100069,100,99901,100,100089,100,99895,100
2019-06-28 09:30:00.000000057,100025,200,100024,100,100031,100,99988,100,100033,100,99969,100,100037,100,99960,100,100039,100,99941,100,100054,100,99936,100,100064,100,99922,100,100067,100,99910,100,100069,100,99902,100,100089,100,99901,100
2019-06-28 09:30:00.000000061,100025,200,99988,100,100031,100,99983,100,100033,100,99969,100,100037,100,99960,100,100039,100,99941,100,100054,100,99936,100,100064,100,99922,100,100067,100,99910,100,100069,100,99902,100,100089,100,99901,100
2019-06-28 09:30:00.000000062,100025,200,99988,100,100031,100,99983,100,100033,100,99969,100,100037,100,99960,100,100039,100,99941,100,100054,100,99936,100,100064,100,99922,100,100067,100,99910,100,100069,100,99902,100,100089,100,99901,100
2019-06-28 09:30:00.000000063,100025,200,99988,100,100031,100,99983,100,100033,100,99969,100,100037,100,99967,100,100039,100,99960,100,100054,100,99941,100,100064,100,99936,100,100067,100,99922,100,100069,100,99910,100,100089,100,99902,100
2019-06-28 09:30:00.000000065,100025,200,99988,100,100031,100,99983,100,100033,100,99969,100,100037,100,99967,100,100039,100,99960,100,100054,100,99941,100,100064,100,99936,100,100067,100,99922,100,100069,100,99910,100,100089,100,99902,100
2019-06-28 09:30:00.000000069,100025,200,99988,100,100031,100,99983,100,100033,100,99969,100,100037,100,99967,100,100039,100,99960,100,100054,100,99941,100,100064,100,99936,100,100067,100,99922,100,100069,100,99910,100,100071,100,99902,100
2019-06-28 09:30:00.000000071,100025,200,99988,100,100031,100,99983,100,100033,100,99969,100,100037,100,99967,100,100039,100,99960,100,100054,100,99941,100,100064,100,99936,100,100067,100,99922,100,100069,100,99910,100,100071,100,99902,100
2019-06-28 09:30:00.000000073,100025,200,99988,100,100031,100,99983,100,100033,100,99969,100,100037,100,99967,100,100039,100,99960,100,100054,100,99941,100,100064,100,99936,100,100067,100,99922,100,100069,100,99910,100,100071,100,99902,100
2019-06-28 09:30:00.000000084,100025,200,100024,100,100031,100,99988,100,100033,100,99983,100,100037,100,99981,100,100039,100,99969,100,100054,100,99967,100,100064,100,99960,100,100067,100,99941,100,100069,100,99936,100,100071,100,99922,100
2019-06-28 09:30:00.000000086,100025,200,100024,100,100031,100,99988,100,100033,100,99983,100,100037,100,99981,100,100039,100,99969,100,100054,100,99967,100,100064,100,99960,100,100067,100,99941,100,100069,100,99936,100,100071,100,99922,100
2019-06-28 09:30:00.000000087,100025,100,100024,100,100031,100,99988,100,100033,100,99983,100,100037,100,99981,100,100039,100,99969,100,100054,100,99967,100,100064,100,99960,100,100067,100,99941,100,100069,100,99936,100,100071,100,99922,100
2019-06-28 09:30:00.000000089,100025,100,99990,100,100031,100,99988,100,100033,100,99983,100,100037,100,99981,100,100039,100,99969,100,100054,100,99967,100,100064,100,99960,100,100067,100,99941,100,100069,100,99936,100,100071,100,99922,100
2019-06-28 09:30:00.000000090,100025,200,99990,100,100031,100,99988,100,100033,100,99983,100,100037,100,99981,100,100039,100,99969,100,100054,100,99967,100,100064,100,99960,100,100067,100,99941,100,100069,100,99936,100,100071,100,99922,100
2019-06-28 09:30:00.000000091,100025,200,99990,100,100028,100,99988,100,100031,100,99983,100,100033,100,99981,100,100037,100,99969,100,100039,100,99967,100,100054,100,99960,100,100061,100,99941,100,100064,100,99936,100,100067,100,99922,100
2019-06-28 09:30:00.000000092,100025,300,99990,100,100028,100,99988,100,100031,100,99983,100,100033,100,99981,100,100037,100,99969,100,100039,100,99967,100,100054,100,99960,100,100061,100,99955,100,100064,100,99941,100,100067,100,99936,100
2019-06-28 09:30:00.000000099,100009,100,99990,100,100025,300,99988,100,100028,100,99983,100,100031,100,99981,100,100033,100,99969,100,100037,100,99967,100,100039,100,99960,100,100054,100,99955,100,100061,100,99941,100,100064,100,99936,100
2019-06-28 09:30:10.000000000,100009,218,99990,218,100025,418,99988,218,100028,218,99983,218,100031,218,99981,218,100033,100,99969,100,100037,100,99967,100,100039,100,99960,100,100054,100,99955,100,100061,100,99941,100,100064,100,99936,100
2019-06-28 09:30:20.000000000,100009,261,99990,261,100025,456,99988,256,100028,256,99983,256,100031,100,99981,100,100033,100,99969,100,100037,100,99967,100,100039,100,99960,100,100054,100,99955,100,100061,100,99941,100,100064,100,99936,100
2019-06-28 09:30:22.842063548,100009,261,99990,261,100025,456,99988,256,100028,256,99983,256,100031,100,99981,100,100033,100,99969,100,100037,100,99967,100,100039,100,99960,100,100054,100,99955,100,100061,100,99941,100,100064,100,99936,100
2019-06-28 09:30:24.814215851,100009,261,99990,261,100025,456,99988,256,100028,256,99983,256,100031,100,99981,100,100033,100,99969,100,100037,100,99967,100,100039,100,99960,100,100054,100,99955,100,100061,100,99941,100,100064,100,99936,100
2019-06-28 09:30:26.261447140,100009,261,99990,161,100025,456,99988,256,100028,256,99983,256,100031,100,99981,100,100033,100,99969,100,100037,100,99967,100,100039,100,99960,100,100054,100,99955,100,100061,100,99941,100,100064,100,99936,100
2019-06-28 09:30:30.000000000,100009,574,99988,574,100025,300,99983,100,100028,100,99981,100,100031,100,99969,100,100033,100,99967,100,100037,100,99960,100,100039,100,99955,100,100054,100,99941,100,100061,100,99936,100,100064,100,99910,100
2019-06-28 09:30:35.480058702,100009,574,99988,574,100025,300,99983,100,100028,100,99981,100,100031,100,99969,100,100033,100,99967,100,100037,100,99960,100,100039,100,99955,100,100054,100,99941,100,100061,100,99936,100,100064,100,99910,100
2019-06-28 09:30:40.000000000,100009,218,99988,218,100025,418,99983,218,100028,218,99981,218,100031,218,99969,218,100033,100,99967,100,100037,100,99960,100,100039,100,99955,100,100054,100,99941,100,100061,100,99936,100,100064,100,99910,100
2019-06-28 09:30:44.666798443,100009,218,99988,118,100025,418,99983,218,100028,218,99981,218,100031,218,99969,218,100033,100,99967,100,100037,100,99960,100,100039,100,99955,100,100054,100,99941,100,100061,100,99936,100,100064,100,99910,100
2019-06-28 09:30:48.227998002,100009,218,99988,18,100025,418,99983,118,100028,218,99981,218,100031,218,99969,218,100033,100,99967,100,100037,100,99960,100,100039,100,99955,100,100054,100,99941,100,100061,100,99936,100,100064,100,99910,100
2019-06-28 09:30:50.000000000,100009,218,99981,218,100025,418,99969,218,100028,218,99967,218,100031,218,99960,218,100033,100,99955,100,100037,100,99941,100,100039,100,99936,100,100054,100,99910,100,100061,100,99902,100,100064,100,99901,100
2019-06-28 09:31:00.000000000,100009,261,99981,261,100025,456,99969,256,100028,256,99967,256,100031,100,99960,100,100033,100,99955,100,100037,100,99941,100,100039,100,99936,100,100054,100,99910,100,100061,100,99902,100,100064,100,99901,100
2019-06-28 09:31:03.941807740,100009,261,99981,261,100025,456,99969,256,100028,256,99967,256,100031,100,99960,100,100033,100,99955,100,100037,100,99941,100,100039,100,99936,100,100054,100,99910,100,100061,100,99902,100,100064,100,99901,100
2019-06-28 09:31:09.016056317,100009,261,99981,161,100025,456,99969,256,100028,256,99967,256,100031,100,99960,100,100033,100,99955,100,100037,100,99941,100,100039,100,99936,100,100054,100,99910,100,100064,100,99902,100,100067,100,99901,100
2019-06-28 09:31:10.000000000,100009,218,99969,218,100025,418,99967,218,100028,218,99960,218,100031,218,99955,218,100033,100,99941,100,100037,100,99936,100,100039,100,99910,100,100054,100,99902,100,100064,100,99901,100,100067,100,99895,100
2019-06-28 09:31:20.000000000,100009,218,99969,218,100025,418,99967,218,100028,218,99960,218,100031,218,99955,218,100033,100,99941,100,100037,100,99936,100,100039,100,99910,100,100054,100,99902,100,100064,100,99901,100,100067,100,99895,100
2019-06-28 09:31:30.000000000,100009,261,99969,261,100025,456,99967,256,100028,256,99960,256,100031,100,99955,100,100033,100,99941,100,100037,100,99936,100,100039,100,99910,100,100054,100,99902,100,100064,100,99901,100,100067,100,99895,100
2019-06-28 09:31:40.000000000,100009,337,99969,337,100025,537,99967,337,100028,100,99960,100,100031,100,99955,100,100033,100,99941,100,100037,100,99936,100,100039,100,99910,100,100054,100,99902,100,100064,100,99901,100,100067,100,99895,100
2019-06-28 09:31:40.009318593,100009,337,99969,337,100025,537,99967,337,100028,100,99960,100,100031,100,99955,100,100033,100,99941,100,100037,100,99936,100,100054,100,99910,100,100064,100,99902,100,100067,100,99901,100,100069,100,99895,100
2019-06-28 09:31:42.225144002,99988,100,99969,337,100009,337,99967,337,100025,537,99960,100,100028,100,99955,100,100031,100,99941,100,100033,100,99936,100,100037,100,99910,100,100054,100,99902,100,100064,100,99901,100,100067,100,99895,100
2019-06-28 09:31:50.000000000,99988,218,99969,218,100009,218,99967,218,100025,418,99960,218,100028,218,99955,218,100031,100,99941,100,100033,100,99936,100,100037,100,99910,100,100054,100,99902,100,100064,100,99901,100,100067,100,99895,100
2019-06-28 09:32:00.000000000,99988,574,99969,574,100009,100,99967,100,100025,300,99960,100,100028,100,99955,100,100031,100,99941,100,100033,100,99936,100,100037,100,99910,100,100054,100,99902,100,100064,100,99901,100,100067,100,99895,100
2019-06-28 09:32:09.938643328,99988,574,99969,474,100009,100,99967,100,100025,300,99960,100,100028,100,99955,100,100031,100,99941,100,100033,100,99936,100,100037,100,99910,100,100054,100,99902,100,100064,100,99901,100,100067,100,99895,100
2019-06-28 09:32:10.000000000,99988,574,99967,574,100009,100,99960,100,100025,300,99955,100,100028,100,99941,100,100031,100,99936,100,100033,100,99910,100,100037,100,99902,100,100054,100,99901,100,100064,100,99895,100,100067,100,99884,100
2019-06-28 09:32:20.000000000,99988,337,99967,337,100009,337,99960,337,100025,300,99955,100,100028,100,99941,100,100031,100,99936,100,100033,100,99910,100,100037,100,99902,100,100054,100,99901,100,100064,100,99895,100,100067,100,99884,100
2019-06-28 09:32:23.435641108,99988,337,99967,337,100009,337,99960,337,100025,300,99955,100,100028,100,99941,100,100031,100,99936,100,100033,100,99902,100,100037,100,99901,100,100054,100,99895,100,100064,100,99884,100,100067,100,99848,100
2019-06-28 09:32:25.650506002,99988,337,99967,237,100009,337,99960,337,100025,300,99955,100,100028,100,99941,100,100031,100,99936,100,100033,100,99902,100,100037,100,99901,100,100054,100,99895,100,100064,100,99884,100,100067,100,99848,100
2019-06-28 09:32:30.000000000,99988,261,99960,261,100009,256,99955,256,100025,456,99941,256,100028,100,99936,100,100031,100,99902,100,100033,100,99901,100,100037,100,99895,100,100054,100,99884,100,100064,100,99848,100,100067,100,99831,100
2019-06-28 09:32:40.000000000,99988,195,99960,195,100009,195,99955,195,100025,395,99941,195,100028,195,99936,195,100031,195,99902,195,100033,100,99901,100,100037,100,99895,100,100054,100,99884,100,100064,100,99848,100,100067,100,99831,100
2019-06-28 09:32:44.143487861,99988,195,99960,95,100009,195,99955,195,100025,395,99941,195,100028,195,99936,95,100031,195,99902,195,100033,100,99901,100,100037,100,99895,100,100054,100,99884,100,100064,100,99848,100,100067,100,99831,100
2019-06-28 09:32:50.000000000,99988,195,99955,195,100009,195,99941,195,100025,395,99902,195,100028,195,99901,195,100031,195,99895,195,100033,100,99884,100,100037,100,99848,100,100054,100,99831,100,100064,100,99803,100,100067,100,99717,100
2019-06-28 09:32:50.664064229,99988,195,99955,195,100009,195,99941,195,100025,395,99902,195,100028,195,99901,195,100031,195,99895,195,100033,100,99884,100,100037,100,99848,100,100054,100,99831,100,100064,100,99803,100,100069,100,99717,100
2019-06-28 09:32:59.339924354,99988,195,99955,95,100009,195,99941,195,100025,395,99902,195,100028,195,99901,195,100031,195,99895,195,100033,100,99884,100,100037,100,99848,100,100054,100,99831,100,100064,100,99803,100,100069,100,99717,100
2019-06-28 09:33:00.000000000,99988,195,99941,195,100009,195,99902,195,100025,395,99901,195,100028,195,99895,195,100031,195,99884,195,100033,100,99848,100,100037,100,99831,100,100054,100,99803,100,100064,100,99717,100,100069,100,99607,100
2019-06-28 09:33:01.976106650,99988,195,99941,195,100009,195,99902,195,100025,395,99901,195,100028,195,99895,195,100031,195,99884,195,100033,100,99848,100,100037,100,99831,100,100054,100,99803,100,100064,100,99717,100,100069,100,99699,100
2019-06-28 09:33:10.000000000,99988,574,99941,574,100009,100,99902,100,100025,300,99901,100,100028,100,99895,100,100031,100,99884,100,100033,100,99848,100,100037,100,99831,100,100054,100,99803,100,100064,100,99717,100,100069,100,99699,100
2019-06-28 09:33:17.928620336,99988,574,99941,574,100009,100,99902,100,100025,200,99901,100,100028,100,99895,100,100031,100,99884,100,100033,100,99848,100,100037,100,99831,100,100054,100,99803,100,100064,100,99717,100,100069,100,99699,100
2019-06-28 09:33:20.000000000,99988,261,99941,261,100009,256,99902,256,100025,356,99901,256,100028,100,99895,100,100031,100,99884,100,100033,100,99848,100,100037,100,99831,100,100054,100,99803,100,100064,100,99717,100,100069,100,99699,100
2019-06-28 09:33:30.000000000,99988,337,99941,337,100009,337,99902,337,100025,200,99901,100,100028,100,99895,100,100031,100,99884,100,100033,100,99848,100,100037,100,99831,100,100054,100,99803,100,100064,100,99717,100,100069,100,99699,100
2019-06-28 09:33:34.289242867,99988,337,99941,237,100009,337,99902,337,100025,200,99901,100,100028,100,99895,100,100031,100,99884,100,100033,100,99848,100,100037,100,99831,100,100054,100,99803,100,100064,100,99717,100,100069,100,99699,100
2019-06-28 09:33:40.000000000,99988,574,99902,574,100009,100,99901,100,100025,200,99895,100,100028,100,99884,100,100031,100,99848,100,100033,100,99831,100,100037,100,99803,100,100054,100,99717,100,100064,100,99699,100,100069,100,99607,100
2019-06-28 09:33:50.000000000,99988,261,99902,261,100009,256,99901,256,100025,356,99895,256,100028,100,99884,100,100031,100,99848,100,100033,100,99831,100,100037,100,99803,100,100054,100,99717,100,100064,100,99699,100,100069,100,99607,100
2019-06-28 09:33:56.123939974,99955,100,99902,261,99988,261,99901,256,100009,256,99895,256,100025,356,99884,100,100028,100,99848,100,100031,100,99831,100,100033,100,99803,100,100037,100,99717,100,100054,100,99699,100,100064,100,99607,100
2019-06-28 09:33:56.988325227,99955,100,99902,161,99988,261,99901,256,100009,256,99895,256,100025,356,99884,100,100028,100,99848,100,100031,100,99831,100,100033,100,99803,100,100037,100,99717,100,100054,100,99699,100,100064,100,99607,100
2019-06-28 09:34:00.000000000,99955,261,99901,261,99988,256,99895,256,100009,256,99884,256,100025,200,99848,100,100028,100,99831,100,100031,100,99803,100,100033,100,99717,100,100037,100,99699,100,100054,100,99607,100,100064,100,99578,100
2019-06-28 09:34:10.000000000,99955,261,99901,261,99988,256,99895,256,100009,256,99884,256,100025,200,99848,100,100028,100,99831,100,100031,100,99803,100,100033,100,99717,100,100037,100,99699,100,100054,100,99607,100,100064,100,99578,100
2019-06-28 09:34:20.000000000,99955,574,99901,574,99988,100,99895,100,100009,100,99884,100,100025,200,99848,100,100028,100,99831,100,100031,100,99803,100,100033,100,99717,100,100037,100,99699,100,100054,100,99607,100,100064,100,99578,100
2019-06-28 09:34:30.000000000,99955,218,99901,218,99988,218,99895,218,100009,218,99884,218,100025,318,99848,218,100028,100,99831,100,100031,100,99803,100,100033,100,99717,100,100037,100,99699,100,100054,100,99607,100,100064,100,99578,100
2019-06-28 09:34:40.000000000,99955,195,99901,195,99988,195,99895,195,100009,195,99884,195,100025,295,99848,195,100028,195,99831,195,100031,100,99803,100,100033,100,99717,100,100037,100,99699,100,100054,100,99607,100,100064,100,99578,100
2019-06-28 09:34:43.456478094,99941,100,99901,195,99955,195,99895,195,99988,195,99884,195,100009,195,99848,195,100025,295,99831,195,100028,195,99803,100,100031,100,99717,100,100033,100,99699,100,100037,100,99607,100,100054,100,99578,100
2019-06-28 09:34:45.236186373,99941,100,99901,195,99955,195,99895,195,99988,195,99884,195,100009,195,99848,195,100025,295,99831,195,100028,195,99803,100,100031,100,99717,100,100033,100,99699,100,100037,100,99607,100,100054,100,99536,100
2019-06-28 09:34:50.000000000,99941,337,99901,337,99955,337,99895,337,99988,100,99884,100,100009,100,99848,100,100025,200,99831,100,100028,100,99803,100,100031,100,99717,100,100033,100,99699,100,100037,100,99607,100,100054,100,99536,100
2019-06-28 09:34:51.596080162,99941,337,99901,237,99955,337,99895,337,99988,100,99884,100,100009,100,99848,100,100025,200,99831,100,100028,100,99803,100,100031,100,99717,100,100033,100,99699,100,100037,100,99607,100,100054,100,99536,100
2019-06-28 09:34:57.691614274,99941,337,99901,237,99955,337,99895,337,99988,100,99884,100,100009,100,99848,100,100025,200,99803,100,100028,100,99717,100,100031,100,99699,100,100033,100,99607,100,100037,100,99536,100,100054,100,99496,100
2019-06-28 09:34:58.883908009,99902,100,99901,237,99941,337,99895,337,99955,337,99884,100,99988,100,99848,100,100009,100,99803,100,100025,200,99717,100,100028,100,99699,100,100031,100,99607,100,100033,100,99536,100,100037,100,99496,100
2019-06-28 09:34:59.766505529,99902,100,99901,237,99941,337,99895,337,99955,337,99884,100,99988,100,99848,100,100009,100,99803,100,100025,200,99717,100,100028,100,99699,100,100031,100,99607,100,100033,100,99536,100,100037,100,99496,100
2019-06-28 09:35:00.000000000,99902,337,99895,337,99941,337,99884,337,99955,100,99848,100,99988,100,99803,100,100009,100,99717,100,100025,200,99699,100,100028,100,99607,100,100031,100,99536,100,100033,100,99496,100,100037,100,99243,100
2019-06-28 09:35:10.000000000,99902,195,99895,195,99941,195,99884,195,99955,195,99848,195,99988,195,99803,195,100009,195,99717,195,100025,200,99699,100,100028,100,99607,100,100031,100,99536,100,100033,100,99496,100,100037,100,99243,100
2019-06-28 09:35:20.000000000,99902,574,99895,574,99941,100,99884,100,99955,100,99848,100,99988,100,99803,100,100009,100,99717,100,100025,200,99699,100,100028,100,99607,100,100031,100,99536,100,100033,100,99496,100,100037,100,99243,100
2019-06-28 09:35:23.687121207,99902,574,99895,574,99941,100,99884,100,99955,100,99848,100,99988,100,99803,100,100009,100,99717,100,100025,200,99699,100,100028,100,99607,100,100031,100,99536,100,100033,100,99496,100,100037,100,99243,100
2019-06-28 09:35:30.000000000,99902,574,99895,574,99941,100,99884,100,99955,100,99848,100,99988,100,99803,100,100009,100,99717,100,100025,200,99699,100,100028,100,99607,100,100031,100,99536,100,100033,100,99496,100,100037,100,99243,100
2019-06-28 09:35:40.000000000,99902,195,99895,195,99941,195,99884,195,99955,195,99848,195,99988,195,99803,195,100009,195,99717,195,100025,200,99699,100,100028,100,99607,100,100031,100,99536,100,100033,100,99496,100,100037,100,99243,100
2019-06-28 09:35:43.699964470,99902,195,99895,195,99941,195,99884,195,99955,195,99848,195,99988,195,99842,100,100009,195,99803,195,100025,200,99717,195,100028,100,99699,100,100031,100,99607,100,100033,100,99536,100,100037,100,99496,100
2019-06-28 09:35:45.042941246,99902,195,99895,195,99941,195,99884,195,99955,195,99848,195,99988,195,99842,100,100009,195,99803,195,100025,200,99717,195,100028,100,99699,100,100031,100,99607,100,100033,100,99536,100,100037,100,99496,100
2019-06-28 09:35:50.000000000,99902,195,99895,195,99941,195,99884,195,99955,195,99848,195,99988,195,99842,195,100009,195,99803,195,100025,200,99717,100,100028,100,99699,100,100031,100,99607,100,100033,100,99536,100,100037,100,99496,100
2019-06-28 09:36:00.000000000,99902,337,99895,337,99941,337,99884,337,99955,100,99848,100,99988,100,99842,100,100009,100,99803,100,100025,200,99717,100,100028,100,99699,100,100031,100,99607,100,100033,100,99536,100,100037,100,99496,100
2019-06-28 09:36:10.000000000,99902,195,99895,195,99941,195,99884,195,99955,195,99848,195,99988,195,99842,195,100009,195,99803,195,100025,200,99717,100,100028,100,99699,100,100031,100,99607,100,100033,100,99536,100,100037,100,99496,100
2019-06-28 09:36:20.000000000,99902,195,99895,195,99941,195,99884,195,99955,195,99848,195,99988,195,99842,195,100009,195,99803,195,100025,200,99717,100,100028,100,99699,100,100031,100,99607,100,100033,100,99536,100,100037,100,99496,100
2019-06-28 09:36:30.000000000,99902,195,99895,195,99941,195,99884,195,99955,195,99848,195,99988,195,99842,195,100009,195,99803,195,100025,200,99717,100,100028,100,99699,100,100031,100,99607,100,100033,100,99536,100,100037,100,99496,100
2019-06-28 09:36:40.000000000,99902,218,99895,218,99941,218,99884,218,99955,218,99848,218,99988,218,99842,218,100009,100,99803,100,100025,200,99717,100,100028,100,99699,100,100031,100,99607,100,100033,100,99536,100,100037,100,99496,100
2019-06-28 09:36:41.502195391,99902,218,99895,218,99941,218,99884,218,99955,218,99848,218,99988,218,99842,218,100009,100,99803,100,100025,200,99717,100,100028,100,99699,100,100031,100,99662,100,100033,100,99607,100,100037,100,99536,100
2019-06-28 09:36:50.000000000,99902,218,99895,218,99941,218,99884,218,99955,218,99848,218,99988,218,99842,218,100009,100,99803,100,100025,200,99717,100,100028,100,99699,100,100031,100,99662,100,100033,100,99607,100,100037,100,99536,100
2019-06-28 09:37:00.000000000,99902,195,99895,195,99941,195,99884,195,99955,195,99848,195,99988,195,99842,195,100009,195,99803,195,100025,200,99717,100,100028,100,99699,100,100031,100,99662,100,100033,100,99607,100,100037,100,99536,100
2019-06-28 09:37:05.650467286,99902,195,99895,195,99941,195,99884,195,99955,195,99848,195,99988,195,99842,195,100009,95,99803,195,100025,200,99717,100,100028,100,99699,100,100031,100,99662,100,100033,100,99607,100,100037,100,99536,100
2019-06-28 09:37:10.000000000,99902,337,99895,337,99941,337,99884,337,99955,100,99848,100,99988,100,99842,100,100025,200,99803,100,100028,100,99717,100,100031,100,99699,100,100033,100,99662,100,100037,100,99607,100,100054,100,99536,100
2019-06-28 09:37:20.000000000,99902,337,99895,337,99941,337,99884,337,99955,100,99848,100,99988,100,99842,100,100025,200,99803,100,100028,100,99717,100,100031,100,99699,100,100033,100,99662,100,100037,100,99607,100,100054,100,99536,100
2019-06-28 09:37:30.000000000,99902,337,99895,337,99941,337,99884,337,99955,100,99848,100,99988,100,99842,100,100025,200,99803,100,100028,100,99717,100,100031,100,99699,100,100033,100,99662,100,100037,100,99607,100,100054,100,99536,100
2019-06-28 09:37:40.000000000,99902,261,99895,261,99941,256,99884,256,99955,256,99848,256,99988,100,99842,100,100025,200,99803,100,100028,100,99717,100,100031,100,99699,100,100033,100,99662,100,100037,100,99607,100,100054,100,99536,100
2019-06-28 09:37:48.407353797,99902,361,99895,261,99941,156,99884,256,99955,256,99848,256,99988,100,99842,100,100025,200,99803,100,100028,100,99717,100,100031,100,99699,100,100033,100,99662,100,100037,100,99607,100,100054,100,99536,100
2019-06-28 09:37:50.000000000,99902,361,99895,261,99955,256,99884,256,99988,256,99848,256,100025,200,99842,100,100028,100,99803,100,100031,100,99717,100,100033,100,99699,100,100037,100,99662,100,100054,100,99607,100,100064,100,99536,100
2019-06-28 09:38:00.000000000,99902,295,99895,195,99955,195,99884,195,99988,195,99848,195,100025,295,99842,195,100028,195,99803,195,100031,100,99717,100,100033,100,99699,100,100037,100,99662,100,100054,100,99607,100,100064,100,99536,100
2019-06-28 09:38:10.000000000,99902,295,99895,195,99955,195,99884,195,99988,195,99848,195,100025,295,99842,195,100028,195,99803,195,100031,100,99717,100,100033,100,99699,100,100037,100,99662,100,100054,100,99607,100,100064,100,99536,100
2019-06-28 09:38:15.603768574,99902,195,99895,195,99955,195,99884,195,99988,95,99848,195,100025,295,99842,195,100028,195,99803,195,100031,100,99717,100,100033,100,99699,100,100037,100,99662,100,100054,100,99607,100,100064,100,99536,100
2019-06-28 09:38:20.000000000,99902,195,99895,195,99955,195,99884,195,100025,295,99848,195,100028,195,99842,195,100031,195,99803,195,100033,100,99717,100,100037,100,99699,100,100054,100,99662,100,100064,100,99607,100,100069,100,99536,100
2019-06-28 09:38:30.000000000,99902,337,99895,337,99955,337,99884,337,100025,200,99848,100,100028,100,99842,100,100031,100,99803,100,100033,100,99717,100,100037,100,99699,100,100054,100,99662,100,100064,100,99607,100,100069,100,99536,100
2019-06-28 09:38:36.151298675,99902,337,99895,337,99955,337,99884,337,100025,200,99848,100,100028,100,99842,100,100031,100,99803,100,100033,100,99717,100,100037,100,99699,100,100054,100,99662,100,100064,100,99607,100,100069,100,99536,100
2019-06-28 09:38:40.000000000,99902,218,99895,218,99955,218,99884,218,100025,318,99848,218,100028,218,99842,218,100031,100,99803,100,100033,100,99717,100,100037,100,99699,100,100054,100,99662,100,100064,100,99607,100,100069,100,99536,100
2019-06-28 09:38:44.084186271,99902,118,99895,218,99955,218,99884,218,100025,318,99848,218,100028,218,99842,218,100031,100,99803,100,100033,100,99717,100,100037,100,99699,100,100054,100,99662,100,100064,100,99607,100,100069,100,99536,100
2019-06-28 09:38:46.053846061,99902,118,99895,218,99955,218,99884,218,100025,318,99848,218,100028,218,99842,218,100031,100,99803,100,100033,100,99717,100,100037,100,99662,100,100054,100,99607,100,100061,100,99536,100,100064,100,99496,100
2019-06-28 09:38:50.000000000,99955,574,99895,574,100025,200,99884,100,100028,100,99848,100,100031,100,99842,100,100033,100,99803,100,100037,100,99717,100,100054,100,99662,100,100061,100,99607,100,100064,100,99536,100,100069,100,99496,100
2019-06-28 09:39:00.000000000,99955,337,99895,337,100025,437,99884,337,100028,100,99848,100,100031,100,99842,100,100033,100,99803,100,100037,100,99717,100,100054,100,99662,100,100061,100,99607,100,100064,100,99536,100,100069,100,99496,100
2019-06-28 09:39:09.976274260,99955,337,99895,337,100025,437,99884,337,100028,100,99848,100,100031,100,99842,100,100033,100,99803,100,100037,100,99717,100,100054,100,99607,100,100061,100,99536,100,100064,100,99496,100,100069,100,99483,100
2019-06-28 09:39:10.000000000,99955,261,99895,261,100025,356,99884,256,100028,256,99848,256,100031,100,99842,100,100033,100,99803,100,100037,100,99717,100,100054,100,99607,100,100061,100,99536,100,100064,100,99496,100,100069,100,99483,100
2019-06-28 09:39:18.331235595,99955,261,99895,261,100025,356,99884,256,100028,256,99848,256,100031,100,99842,100,100033,100,99717,100,100037,100,99607,100,100054,100,99536,100,100061,100,99496,100,100064,100,99483,100,100069,100,99391,100
2019-06-28 09:39:20.000000000,99955,195,99895,195,100025,295,99884,195,100028,195,99848,195,100031,195,99842,195,100033,195,99717,195,100037,100,99607,100,100054,100,99536,100,100061,100,99496,100,100064,100,99483,100,100069,100,99391,100
2019-06-28 09:39:30.000000000,99955,574,99895,574,100025,200,99884,100,100028,100,99848,100,100031,100,99842,100,100033,100,99717,100,100037,100,99607,100,100054,100,99536,100,100061,100,99496,100,100064,100,99483,100,100069,100,99391,100
2019-06-28 09:39:34.178424350,99955,574,99902,100,100025,200,99895,574,100028,100,99884,100,100031,100,99848,100,100033,100,99842,100,100037,100,99717,100,100054,100,99607,100,100061,100,99536,100,100064,100,99496,100,100069,100,99483,100
2019-06-28 09:39:34.225268702,99955,474,99902,100,100025,200,99895,574,100028,100,99884,100,100031,100,99848,100,100033,100,99842,100,100037,100,99717,100,100054,100,99536,100,100061,100,99496,100,100064,100,99483,100,100069,100,99391,100
2019-06-28 09:39:40.000000000,100025,295,99902,195,100028,195,99895,195,100031,195,99884,195,100033,195,99848,195,100037,195,99842,195,100054,100,99717,100,100061,100,99536,100,100064,100,99496,100,100069,100,99483,100,100089,100,99391,100
2019-06-28 09:39:46.901204684,100025,295,99902,195,100028,195,99895,195,100031,195,99884,195,100033,195,99848,195,100037,195,99842,195,100054,100,99717,100,100061,100,99536,100,100064,100,99496,100,100069,100,99483,100,100089,100,99391,100
2019-06-28 09:39:50.000000000,100025,361,99902,261,100028,256,99895,256,100031,256,99884,256,100033,100,99848,100,100037,100,99842,100,100054,100,99717,100,100061,100,99536,100,100064,100,99496,100,100069,100,99483,100,100089,100,99391,100
2019-06-28 09:39:54.494149680,100025,261,99902,261,100028,256,99895,256,100031,256,99884,256,100033,100,99848,100,100037,100,99842,100,100054,100,99717,100,100061,100,99536,100,100064,100,99496,100,100069,100,99483,100,100089,100,99391,100
2019-06-28 09:40:00.000000000,100025,337,99902,337,100028,337,99895,337,100031,100,99884,100,100033,100,99848,100,100037,100,99842,100,100054,100,99717,100,100061,100,99536,100,100064,100,99496,100,100069,100,99483,100,100089,100,99391,100
2019-06-28 09:40:09.196222859,100025,337,99955,100,100028,337,99902,337,100031,100,99895,337,100033,100,99884,100,100037,100,99848,100,100054,100,99842,100,100061,100,99717,100,100064,100,99536,100,100069,100,99496,100,100089,100,99483,100
2019-06-28 09:40:10.000000000,100025,574,99955,574,100028,100,99902,100,100031,100,99895,100,100033,100,99884,100,100037,100,99848,100,100054,100,99842,100,100061,100,99717,100,100064,100,99536,100,100069,100,99496,100,100089,100,99483,100
2019-06-28 09:40:20.000000000,100025,574,99955,574,100028,100,99902,100,100031,100,99895,100,100033,100,99884,100,100037,100,99848,100,100054,100,99842,100,100061,100,99717,100,100064,100,99536,100,100069,100,99496,100,100089,100,99483,100
2019-06-28 09:40:27.194018655,100025,474,99955,574,100028,100,99902,100,100031,100,99895,100,100033,100,99884,100,100037,100,99848,100,100054,100,99842,100,100061,100,99536,100,100064,100,99496,100,100069,100,99483,100,100089,100,99391,100
2019-06-28 09:40:30.000000000,100028,261,99955,261,100031,256,99902,256,100033,256,99895,256,100037,100,99884,100,100054,100,99848,100,100061,100,99842,100,100064,100,99536,100,100069,100,99496,100,100089,100,99483,100,100108,100,99391,100
2019-06-28 09:40:31.060277579,100028,261,99955,261,100031,256,99902,256,100033,256,99895,256,100037,100,99884,100,100054,100,99848,100,100061,100,99842,100,100064,100,99536,100,100069,100,99496,100,100089,100,99483,100,100108,100,99391,100
2019-06-28 09:40:40.000000000,100028,574,99955,574,100031,100,99902,100,100033,100,99895,100,100037,100,99884,100,100054,100,99848,100,100061,100,99842,100,100064,100,99536,100,100069,100,99496,100,100089,100,99483,100,100108,100,99391,100
2019-06-28 09:40:50.000000000,100028,195,99955,195,100031,195,99902,195,100033,195,99895,195,100037,195,99884,195,100054,195,99848,195,100061,100,99842,100,100064,100,99536,100,100069,100,99496,100,100089,100,99483,100,100108,100,99391,100
2019-06-28 09:40:55.004461629,100028,195,99955,95,100031,195,99902,195,100033,195,99895,195,100037,195,99884,195,100054,195,99848,195,100061,100,99842,100,100064,100,99536,100,100069,100,99496,100,100089,100,99483,100,100108,100,99391,100
2019-06-28 09:40:59.405001700,100024,100,99955,95,100028,195,99902,195,100031,195,99895,195,100033,195,99884,195,100037,195,99848,195,100054,195,99842,100,100061,100,99536,100,100064,100,99496,100,100069,100,99483,100,100089,100,99391,100
2019-06-28 09:41:00.000000000,100024,218,99902,218,100028,218,99895,218,100031,218,99884,218,100033,218,99848,218,100037,100,99842,100,100054,100,99536,100,100061,100,99496,100,100064,100,99483,100,100069,100,99391,100,100089,100,99243,100
2019-06-28 09:41:10.000000000,100024,218,99902,218,100028,218,99895,218,100031,218,99884,218,100033,218,99848,218,100037,100,99842,100,100054,100,99536,100,100061,100,99496,100,100064,100,99483,100,100069,100,99391,100,100089,100,99243,100
2019-06-28 09:41:20.000000000,100024,574,99902,574,100028,100,99895,100,100031,100,99884,100,100033,100,99848,100,100037,100,99842,100,100054,100,99536,100,100061,100,99496,100,100064,100,99483,100,100069,100,99391,100,100089,100,99243,100
2019-06-28 09:41:28.633701933,100024,574,99902,474,100028,100,99895,100,100031,100,99884,100,100033,100,99848,100,100037,100,99842,100,100054,100,99536,100,100061,100,99496,100,100064,100,99483,100,100069,100,99391,100,100089,100,99243,100
2019-06-28 09:41:30.000000000,100024,261,99895,261,100028,256,99884,256,100031,256,99848,256,100033,100,99842,100,100037,100,99536,100,100054,100,99496,100,100061,100,99483,100,100064,100,99391,100,100069,100,99243,100,100089,100,99090,100
2019-06-28 09:41:40.000000000,100024,574,99895,574,100028,100,99884,100,100031,100,99848,100,100033,100,99842,100,100037,100,99536,100,100054,100,99496,100,100061,100,99483,100,100064,100,99391,100,100069,100,99243,100,100089,100,99090,100
2019-06-28 09:41:42.778840096,99955,100,99895,574,100024,574,99884,100,100028,100,99848,100,100031,100,99842,100,100033,100,99536,100,100037,100,99496,100,100054,100,99483,100,100061,100,99391,100,100064,100,99243,100,100069,100,99090,100
2019-06-28 09:41:50.000000000,99955,261,99895,261,100024,256,99884,256,100028,256,99848,256,100031,100,99842,100,100033,100,99536,100,100037,100,99496,100,100054,100,99483,100,100061,100,99391,100,100064,100,99243,100,100069,100,99090,100
2019-06-28 09:41:56.469556632,99955,261,99895,161,100024,256,99884,256,100028,256,99848,256,100031,100,99842,100,100033,100,99536,100,100037,100,99496,100,100054,100,99483,100,100061,100,99391,100,100064,100,99243,100,100069,100,99090,100
2019-06-28 09:41:58.827137975,99955,261,99895,161,100024,256,99884,256,100028,256,99848,256,100031,100,99842,100,100033,100,99752,100,100037,100,99536,100,100054,100,99496,100,100061,100,99483,100,100064,100,99391,100,100069,100,99243,100
2019-06-28 09:42:00.000000000,99955,337,99884,337,100024,337,99848,337,100028,100,99842,100,100031,100,99752,100,100033,100,99536,100,100037,100,99496,100,100054,100,99483,100,100061,100,99391,100,100064,100,99243,100,100069,100,99090,100
2019-06-28 09:42:03.222025491,99955,337,99884,337,100024,337,99848,337,100028,100,99842,100,100031,100,99761,100,100033,100,99752,100,100037,100,99536,100,100054,100,99496,100,100061,100,99483,100,100064,100,99391,100,100069,100,99243,100
2019-06-28 09:42:10.000000000,99955,337,99884,337,100024,337,99848,337,100028,100,99842,100,100031,100,99761,100,100033,100,99752,100,100037,100,99536,100,100054,100,99496,100,100061,100,99483,100,100064,100,99391,100,100069,100,99243,100
2019-06-28 09:42:16.684368757,99955,337,99884,237,100024,337,99848,337,100028,100,99842,100,100031,100,99761,100,100033,100,99752,100,100037,100,99536,100,100054,100,99496,100,100061,100,99483,100,100064,100,99391,100,100069,100,99243,100
2019-06-28 09:42:20.000000000,99955,337,99848,337,100024,337,99842,337,100028,100,99761,100,100031,100,99752,100,100033,100,99536,100,100037,100,99496,100,100054,100,99483,100,100061,100,99391,100,100064,100,99243,100,100069,100,99090,100
2019-06-28 09:42:25.650665591,99955,337,99848,337,100014,100,99842,337,100024,337,99761,100,100028,100,99752,100,100031,100,99536,100,100033,100,99496,100,100037,100,99483,100,100054,100,99391,100,100061,100,99243,100,100064,100,99090,100
2019-06-28 09:42:30.000000000,99955,195,99848,195,100014,195,99842,195,100024,195,99761,195,100028,195,99752,195,100031,195,99536,195,100033,100,99496,100,100037,100,99483,100,100054,100,99391,100,100061,100,99243,100,100064,100,99090,100
2019-06-28 09:42:40.000000000,99955,337,99848,337,100014,337,99842,337,100024,100,99761,100,100028,100,99752,100,100031,100,99536,100,100033,100,99496,100,100037,100,99483,100,100054,100,99391,100,100061,100,99243,100,100064,100,99090,100
2019-06-28 09:42:50.000000000,99955,337,99848,337,100014,337,99842,337,100024,100,99761,100,100028,100,99752,100,100031,100,99536,100,100033,100,99496,100,100037,100,99483,100,100054,100,99391,100,100061,100,99243,100,100064,100,99090,100
2019-06-28 09:42:59.300610973,99955,337,99848,337,100014,337,99842,337,100024,100,99761,100,100028,100,99752,100,100031,100,99536,100,100033,100,99496,100,100037,100,99483,100,100054,100,99415,100,100061,100,99391,100,100069,100,99243,100
2019-06-28 09:43:00.000000000,99955,195,99848,195,100014,195,99842,195,100024,195,99761,195,100028,195,99752,195,100031,195,99536,195,100033,100,99496,100,100037,100,99483,100,100054,100,99415,100,100061,100,99391,100,100069,100,99243,100
2019-06-28 09:43:10.000000000,99955,337,99848,337,100014,337,99842,337,100024,100,99761,100,100028,100,99752,100,100031,100,99536,100,100033,100,99496,100,100037,100,99483,100,100054,100,99415,100,100061,100,99391,100,100069,100,99243,100
2019-06-28 09:43:20.000000000,99955,195,99848,195,100014,195,99842,195,100024,195,99761,195,100028,195,99752,195,100031,195,99536,195,100033,100,99496,100,100037,100,99483,100,100054,100,99415,100,100061,100,99391,100,100069,100,99243,100
2019-06-28 09:43:30.000000000,99955,218,99848,218,100014,218,99842,218,100024,218,99761,218,100028,218,99752,218,100031,100,99536,100,100033,100,99496,100,100037,100,99483,100,100054,100,99415,100,100061,100,99391,100,100069,100,99243,100
2019-06-28 09:43:33.740982063,99955,218,99848,218,100014,218,99842,218,100024,218,99761,218,100028,218,99752,218,100031,100,99718,100,100033,100,99536,100,100037,100,99496,100,100054,100,99483,100,100061,100,99391,100,100069,100,99243,100
2019-06-28 09:43:37.068469704,99955,218,99848,118,100014,218,99842,218,100024,218,99761,218,100028,218,99752,118,100031,100,99718,100,100033,100,99536,100,100037,100,99496,100,100054,100,99483,100,100061,100,99391,100,100069,100,99243,100
2019-06-28 09:43:40.000000000,99955,195,99842,195,100014,195,99761,195,100024,195,99718,195,100028,195,99536,195,100031,195,99496,195,100033,100,99483,100,100037,100,99391,100,100054,100,99243,100,100061,100,99090,100,100069,100,,
2019-06-28 09:43:41.442929417,99955,195,99842,195,100014,195,99761,195,100024,195,99718,195,100028,195,99704,100,100031,195,99536,195,100033,100,99496,195,100037,100,99391,100,100054,100,99243,100,100061,100,99090,100,100069,100,,
2019-06-28 09:43:50.000000000,99955,261,99842,261,100014,256,99761,256,100024,256,99718,256,100028,100,99704,100,100031,100,99536,100,100033,100,99496,100,100037,100,99391,100,100054,100,99243,100,100061,100,99090,100,100069,100,,
2019-06-28 09:44:00.000000000,99955,574,99842,574,100014,100,99761,100,100024,100,99718,100,100028,100,99704,100,100031,100,99536,100,100033,100,99496,100,100037,100,99391,100,100054,100,99243,100,100061,100,99090,100,100069,100,,
2019-06-28 09:44:10.000000000,99955,218,99842,218,100014,218,99761,218,100024,218,99718,218,100028,218,99704,218,100031,100,99536,100,100033,100,99496,100,100037,100,99391,100,100054,100,99243,100,100061,100,99090,100,100069,100,,
2019-06-28 09:44:20.000000000,99955,574,99842,574,100014,100,99761,100,100024,100,99718,100,100028,100,99704,100,100031,100,99536,100,100033,100,99496,100,100037,100,99391,100,100054,100,99243,100,100061,100,99090,100,100069,100,,
2019-06-28 09:44:27.902585650,99955,474,99842,574,100014,100,99761,100,100024,100,99718,100,100028,100,99704,100,100031,100,99536,100,100033,100,99496,100,100037,100,99391,100,100054,100,99243,100,100069,100,99090,100,100089,100,,
2019-06-28 09:44:30.000000000,100014,218,99842,218,100024,218,99761,218,100028,218,99718,218,100031,218,99704,218,100033,100,99536,100,100037,100,99496,100,100054,100,99391,100,100069,100,99243,100,100089,100,99090,100,100108,100,,
2019-06-28 09:44:40.000000000,100014,574,99842,574,100024,100,99761,100,100028,100,99718,100,100031,100,99704,100,100033,100,99536,100,100037,100,99496,100,100054,100,99391,100,100069,100,99243,100,100089,100,99090,100,100108,100,,
2019-06-28 09:44:50.000000000,100014,261,99842,261,100024,256,99761,256,100028,256,99718,256,100031,100,99704,100,100033,100,99536,100,100037,100,99496,100,100054,100,99391,100,100069,100,99243,100,100089,100,99090,100,100108,100,,
2019-06-28 09:45:00.000000000,100014,195,99842,195,100024,195,99761,195,100028,195,99718,195,100031,195,99704,195,100033,195,99536,195,100037,100,99496,100,100054,100,99391,100,100069,100,99243,100,100089,100,99090,100,100108,100,,
2019-06-28 09:45:10.000000000,100014,337,99842,337,100024,337,99761,337,100028,100,99718,100,100031,100,99704,100,100033,100,99536,100,100037,100,99496,100,100054,100,99391,100,100069,100,99243,100,100089,100,99090,100,100108,100,,
2019-06-28 09:45:20.000000000,100014,261,99842,261,100024,256,99761,256,100028,256,99718,256,100031,100,99704,100,100033,100,99536,100,100037,100,99496,100,100054,100,99391,100,100069,100,99243,100,100089,100,99090,100,100108,100,,
2019-06-28 09:45:30.000000000,100014,337,99842,337,100024,337,99761,337,100028,100,99718,100,100031,100,99704,100,100033,100,99536,100,100037,100,99496,100,100054,100,99391,100,100069,100,99243,100,100089,100,99090,100,100108,100,,
2019-06-28 09:45:40.000000000,100014,337,99842,337,100024,337,99761,337,100028,100,99718,100,100031,100,99704,100,100033,100,99536,100,100037,100,99496,100,100054,100,99391,100,100069,100,99243,100,100089,100,99090,100,100108,100,,
2019-06-28 09:45:41.688956322,100014,237,99842,337,100024,337,99761,337,100028,100,99718,100,100031,100,99704,100,100033,100,99536,100,100037,100,99496,100,100054,100,99391,100,100069,100,99090,100,100089,100,,,100108,100,,
2019-06-28 09:45:50.000000000,100024,574,99842,574,100028,100,99761,100,100031,100,99718,100,100033,100,99704,100,100037,100,99536,100,100054,100,99496,100,100069,100,99391,100,100089,100,99090,100,100108,100,,,100134,100,,
2019-06-28 09:45:57.109765577,100024,574,99842,574,100028,100,99761,100,100031,100,99718,100,100033,100,99704,100,100037,100,99536,100,100054,100,99496,100,100069,100,99391,100,100089,100,99090,100,100108,100,,,100134,100,,
2019-06-28 09:46:00.000000000,100024,261,99842,261,100028,256,99761,256,100031,256,99718,256,100033,100,99704,100,100037,100,99536,100,100054,100,99496,100,100069,100,99391,100,100089,100,99090,100,100108,100,,,100134,100,,
2019-06-28 09:46:10.000000000,100024,261,99842,261,100028,256,99761,256,100031,256,99718,256,100033,100,99704,100,100037,100,99536,100,100054,100,99496,100,100069,100,99391,100,100089,100,99090,100,100108,100,,,100134,100,,
2019-06-28 09:46:20.000000000,100024,261,99842,261,100028,256,99761,256,100031,256,99718,256,100033,100,99704,100,100037,100,99536,100,100054,100,99496,100,100069,100,99391,100,100089,100,99090,100,100108,100,,,100134,100,,
2019-06-28 09:46:30.000000000,100024,574,99842,574,100028,100,99761,100,100031,100,99718,100,100033,100,99704,100,100037,100,99536,100,100054,100,99496,100,100069,100,99391,100,100089,100,99090,100,100108,100,,,100134,100,,
2019-06-28 09:46:40.000000000,100024,574,99842,574,100028,100,99761,100,100031,100,99718,100,100033,100,99704,100,100037,100,99536,100,100054,100,99496,100,100069,100,99391,100,100089,100,99090,100,100108,100,,,100134,100,,
2019-06-28 09:46:50.000000000,100024,574,99842,574,100028,100,99761,100,100031,100,99718,100,100033,100,99704,100,100037,100,99536,100,100054,100,99496,100,100069,100,99391,100,100089,100,99090,100,100108,100,,,100134,100,,
2019-06-28 09:46:55.622024815,100024,574,99842,574,100028,100,99761,100,100031,100,99718,100,100033,100,99704,100,100037,100,99536,100,100054,100,99496,100,100069,100,99391,100,100089,100,99090,100,100108,100,,,100134,100,,
2019-06-28 09:47:00.000000000,100024,195,99842,195,100028,195,99761,195,100031,195,99718,195,100033,195,99704,195,100037,195,99536,195,100054,100,99496,100,100069,100,99391,100,100089,100,99090,100,100108,100,,,100134,100,,
2019-06-28 09:47:10.000000000,100024,574,99842,574,100028,100,99761,100,100031,100,99718,100,100033,100,99704,100,100037,100,99536,100,100054,100,99496,100,100069,100,99391,100,100089,100,99090,100,100108,100,,,100134,100,,
2019-06-28 09:47:20.000000000,100024,195,99842,195,100028,195,99761,195,100031,195,99718,195,100033,195,99704,195,100037,195,99536,195,100054,100,99496,100,100069,100,99391,100,100089,100,99090,100,100108,100,,,100134,100,,
2019-06-28 09:47:30.000000000,100024,574,99842,574,100028,100,99761,100,100031,100,99718,100,100033,100,99704,100,100037,100,99536,100,100054,100,99496,100,100069,100,99391,100,100089,100,99090,100,100108,100,,,100134,100,,
2019-06-28 09:47:38.215328725,100024,474,99842,574,100028,100,99761,100,100031,100,99718,100,100033,100,99704,100,100037,100,99536,100,100054,100,99496,100,100069,100,99391,100,100089,100,99090,100,100108,100,,,100134,100,,
2019-06-28 09:47:40.000000000,100028,574,99842,574,100031,100,99761,100,100033,100,99718,100,100037,100,99704,100,100054,100,99536,100,100069,100,99496,100,100089,100,99391,100,100108,100,99090,100,100134,100,,,100139,100,,
2019-06-28 09:47:48.843275178,100028,574,100014,100,100031,100,99842,574,100033,100,99761,100,100037,100,99718,100,100054,100,99704,100,100069,100,99536,100,100089,100,99496,100,100108,100,99391,100,100134,100,99090,100,100139,100,,
2019-06-28 09:47:50.000000000,100028,337,100014,337,100031,337,99842,337,100033,100,99761,100,100037,100,99718,100,100054,100,99704,100,100069,100,99536,100,100089,100,99496,100,100108,100,99391,100,100134,100,99090,100,100139,100,,
2019-06-28 09:48:00.000000000,100028,218,100014,218,100031,218,99842,218,100033,218,99761,218,100037,218,99718,218,100054,100,99704,100,100069,100,99536,100,100089,100,99496,100,100108,100,99391,100,100134,100,99090,100,100139,100,,
2019-06-28 09:48:10.000000000,100028,218,100014,218,100031,218,99842,218,100033,218,99761,218,100037,218,99718,218,100054,100,99704,100,100069,100,99536,100,100089,100,99496,100,100108,100,99391,100,100134,100,99090,100,100139,100,,
2019-06-28 09:48:20.000000000,100028,195,100014,195,100031,195,99842,195,100033,195,99761,195,100037,195,99718,195,100054,195,99704,195,100069,100,99536,100,100089,100,99496,100,100108,100,99391,100,100134,100,99090,100,100139,100,,
2019-06-28 09:48:30.000000000,100028,337,100014,337,100031,337,99842,337,100033,100,99761,100,100037,100,99718,100,100054,100,99704,100,100069,100,99536,100,100089,100,99496,100,100108,100,99391,100,100134,100,99090,100,100139,100,,
2019-06-28 09:48:34.850111572,100028,337,100014,337,100031,337,99842,337,100033,100,99761,100,100037,100,99718,100,100054,100,99704,100,100069,100,99536,100,100089,100,99496,100,100108,100,99391,100,100134,100,99090,100,100139,100,,
2019-06-28 09:48:40.000000000,100028,261,100014,261,100031,256,99842,256,100033,256,99761,256,100037,100,99718,100,100054,100,99704,100,100069,100,99536,100,100089,100,99496,100,100108,100,99391,100,100134,100,99090,100,100139,100,,
2019-06-28 09:48:50.000000000,100028,337,100014,337,100031,337,99842,337,100033,100,99761,100,100037,100,99718,100,100054,100,99704,100,100069,100,99536,100,100089,100,99496,100,100108,100,99391,100,100134,100,99090,100,100139,100,,
2019-06-28 09:49:00.000000000,100028,195,100014,195,100031,195,99842,195,100033,195,99761,195,100037,195,99718,195,100054,195,99704,195,100069,100,99536,100,100089,100,99496,100,100108,100,99391,100,100134,100,99090,100,100139,100,,
2019-06-28 09:49:07.868076825,100028,95,100014,195,100031,195,99842,195,100033,195,99761,195,100037,195,99718,195,100054,195,99704,195,100069,100,99536,100,100089,100,99496,100,100108,100,99391,100,100134,100,99090,100,100139,100,,
2019-06-28 09:49:10.000000000,100031,261,100014,261,100033,256,99842,256,100037,256,99761,256,100054,100,99718,100,100069,100,99704,100,100089,100,99536,100,100108,100,99496,100,100134,100,99391,100,100139,100,99090,100,100224,100,,
2019-06-28 09:49:19.581783392,100031,261,100014,261,100033,256,99842,256,100037,256,99761,256,100054,100,99718,100,100069,100,99704,100,100089,100,99536,100,100108,100,99496,100,100134,100,99391,100,100139,100,99090,100,100224,100,,
2019-06-28 09:49:20.000000000,100031,337,100014,337,100033,337,99842,337,100037,100,99761,100,100054,100,99718,100,100069,100,99704,100,100089,100,99536,100,100108,100,99496,100,100134,100,99391,100,100139,100,99090,100,100224,100,,
2019-06-28 09:49:27.167773724,100031,237,100014,337,100033,337,99842,337,100037,100,99761,100,100054,100,99718,100,100069,100,99704,100,100089,100,99536,100,100108,100,99496,100,100134,100,99391,100,100139,100,99090,100,100224,100,,
2019-06-28 09:49:30.000000000,100033,337,100014,337,100037,337,99842,337,100054,100,99761,100,100069,100,99718,100,100089,100,99704,100,100108,100,99536,100,100134,100,99496,100,100139,100,99391,100,100224,100,99090,100,100351,100,,
2019-06-28 09:49:34.151752117,100033,237,100014,337,100037,337,99842,337,100054,100,99761,100,100069,100,99718,100,100089,100,99704,100,100108,100,99536,100,100134,100,99496,100,100139,100,99391,100,100224,100,99090,100,100351,100,,
2019-06-28 09:49:37.325076941,100033,237,100031,100,100037,337,100014,337,100054,100,99842,337,100069,100,99761,100,100089,100,99718,100,100108,100,99704,100,100134,100,99536,100,100139,100,99496,100,100224,100,99391,100,100351,100,99090,100
2019-06-28 09:49:40.000000000,100037,195,100031,195,100054,195,100014,195,100069,195,99842,195,100089,195,99761,195,100108,195,99718,195,100134,100,99704,100,100139,100,99536,100,100224,100,99496,100,100351,100,99391,100,100432,100,99090,100
2019-06-28 09:49:50.000000000,100037,195,100031,195,100054,195,100014,195,100069,195,99842,195,100089,195,99761,195,100108,195,99718,195,100134,100,99704,100,100139,100,99536,100,100224,100,99496,100,100351,100,99391,100,100432,100,99090,100
2019-06-28 09:50:00.000000000,100037,195,100031,195,100054,195,100014,195,100069,195,99842,195,100089,195,99761,195,100108,195,99718,195,100134,100,99704,100,100139,100,99536,100,100224,100,99496,100,100351,100,99391,100,100432,100,99090,100
2019-06-28 09:50:00.271812029,100037,195,100031,195,100054,195,100014,195,100069,195,99842,195,100089,195,99761,195,100108,195,99718,195,100134,100,99704,100,100139,100,99536,100,100224,100,99496,100,100351,100,99391,100,100432,100,99090,100
2019-06-28 09:50:05.963312546,100037,95,100031,195,100054,195,100014,195,100069,195,99842,195,100089,195,99761,195,100108,195,99718,95,100134,100,99704,100,100139,100,99536,100,100224,100,99496,100,100351,100,99391,100,100432,100,99090,100
2019-06-28 09:50:10.000000000,100054,195,100031,195,100069,195,100014,195,100089,195,99842,195,100108,195,99761,195,100134,195,99704,195,100139,100,99536,100,100224,100,99496,100,100351,100,99391,100,100432,100,99090,100,100447,100,,
2019-06-28 09:50:11.574015519,100054,195,100033,100,100069,195,100031,195,100089,195,100014,195,100108,195,99842,195,100134,195,99761,195,100139,100,99704,195,100224,100,99536,100,100351,100,99496,100,100432,100,99391,100,100447,100,99090,100
2019-06-28 09:50:12.325075440,100054,95,100033,100,100069,195,100031,195,100089,195,100014,195,100108,195,99842,195,100134,195,99761,195,100139,100,99704,195,100224,100,99536,100,100351,100,99496,100,100432,100,99391,100,100447,100,99090,100
2019-06-28 09:50:14.077080338,100069,195,100054,5,100089,195,100033,100,100108,195,100031,195,100134,195,100014,195,100139,100,99842,195,100224,100,99761,195,100351,100,99704,195,100432,100,99536,100,100447,100,99496,100,100871,100,99391,100
2019-06-28 09:50:20.000000000,100069,337,100054,242,100089,337,100033,337,100108,100,100031,100,100134,100,100014,100,100139,100,99842,100,100224,100,99761,100,100351,100,99704,100,100432,100,99536,100,100447,100,99496,100,100871,100,99391,100
2019-06-28 09:50:27.039969234,100069,337,100054,242,100089,337,100033,337,100108,100,100031,100,100134,100,100014,100,100139,100,99842,100,100224,100,99761,100,100351,100,99536,100,100432,100,99496,100,100447,100,99391,100,100648,100,99090,100
2019-06-28 09:50:30.000000000,100069,337,100054,242,100089,337,100033,337,100108,100,100031,100,100134,100,100014,100,100139,100,99842,100,100224,100,99761,100,100351,100,99536,100,100432,100,99496,100,100447,100,99391,100,100648,100,99090,100
2019-06-28 09:50:40.000000000,100069,195,100054,100,100089,195,100033,195,100108,195,100031,195,100134,195,100014,195,100139,195,99842,195,100224,100,99761,100,100351,100,99536,100,100432,100,99496,100,100447,100,99391,100,100648,100,99090,100
2019-06-28 09:50:46.445446625,100069,195,100054,100,100089,195,100033,195,100108,195,100031,195,100134,195,100014,195,100139,195,99842,195,100224,100,99536,100,100351,100,99496,100,100432,100,99391,100,100447,100,99090,100,100613,100,,
2019-06-28 09:50:50.000000000,100069,337,100054,242,100089,337,100033,337,100108,100,100031,100,100134,100,100014,100,100139,100,99842,100,100224,100,99536,100,100351,100,99496,100,100432,100,99391,100,100447,100,99090,100,100613,100,,
2019-06-28 09:51:00.000000000,100069,337,100054,242,100089,337,100033,337,100108,100,100031,100,100134,100,100014,100,100139,100,99842,100,100224,100,99536,100,100351,100,99496,100,100432,100,99391,100,100447,100,99090,100,100613,100,,
2019-06-28 09:51:08.662204406,100069,337,100054,342,100089,337,100033,337,100108,100,100031,100,100134,100,100014,100,100139,100,99842,100,100224,100,99536,100,100351,100,99496,100,100432,100,99391,100,100447,100,99090,100,100613,100,,
2019-06-28 09:51:10.000000000,100069,574,100054,579,100089,100,100033,100,100108,100,100031,100,100134,100,100014,100,100139,100,99842,100,100224,100,99536,100,100351,100,99496,100,100432,100,99391,100,100447,100,99090,100,100613,100,,
2019-06-28 09:51:11.694648686,100069,374,100054,579,100089,100,100033,100,100108,100,100031,100,100134,100,100014,100,100139,100,99842,100,100224,100,99536,100,100351,100,99496,100,100432,100,99391,100,100447,100,99090,100,100613,100,,
2019-06-28 09:51:18.108549863,100069,274,100054,579,100089,100,100033,100,100108,100,100031,100,100134,100,100014,100,100139,100,99842,100,100224,100,99536,100,100351,100,99496,100,100432,100,99391,100,100447,100,99090,100,100613,100,,
2019-06-28 09:51:18.353620527,100069,174,100054,579,100089,100,100033,100,100108,100,100031,100,100134,100,100014,100,100139,100,99842,100,100224,100,99536,100,100351,100,99496,100,100432,100,99391,100,100447,100,99090,100,100613,100,,
2019-06-28 09:51:20.000000000,100089,261,100054,266,100108,256,100033,256,100134,256,100031,256,100139,100,100014,100,100224,100,99842,100,100351,100,99536,100,100432,100,99496,100,100447,100,99391,100,100613,100,99090,100,100648,100,,
2019-06-28 09:51:30.000000000,100089,574,100054,579,100108,100,100033,100,100134,100,100031,100,100139,100,100014,100,100224,100,99842,100,100351,100,99536,100,100432,100,99496,100,100447,100,99391,100,100613,100,99090,100,100648,100,,
2019-06-28 09:51:36.101059604,100089,474,100054,579,100108,100,100033,100,100134,100,100031,100,100139,100,100014,100,100224,100,99842,100,100351,100,99536,100,100432,100,99496,100,100447,100,99391,100,100613,100,99090,100,100648,100,,
2019-06-28 09:51:40.000000000,100108,574,100054,579,100134,100,100033,100,100139,100,100031,100,100224,100,100014,100,100351,100,99842,100,100432,100,99536,100,100447,100,99496,100,100613,100,99391,100,100648,100,99090,100,101026,100,,
2019-06-28 09:51:50.000000000,100108,195,100054,200,100134,195,100033,195,100139,195,100031,195,100224,195,100014,195,100351,195,99842,195,100432,100,99536,100,100447,100,99496,100,100613,100,99391,100,100648,100,99090,100,101026,100,,
2019-06-28 09:52:00.000000000,100108,261,100054,266,100134,256,100033,256,100139,256,100031,256,100224,100,100014,100,100351,100,99842,100,100432,100,99536,100,100447,100,99496,100,100613,100,99391,100,100648,100,99090,100,101026,100,,
2019-06-28 09:52:02.526878088,100108,261,100054,266,100134,256,100033,256,100139,256,100031,256,100224,100,100014,100,100351,100,99902,100,100432,100,99842,100,100447,100,99536,100,100613,100,99496,100,100648,100,99391,100,101026,100,99090,100
2019-06-28 09:52:10.000000000,100108,337,100054,342,100134,337,100033,337,100139,100,100031,100,100224,100,100014,100,100351,100,99902,100,100432,100,99842,100,100447,100,99536,100,100613,100,99496,100,100648,100,99391,100,101026,100,99090,100
2019-06-28 09:52:18.596408076,100108,337,100069,100,100134,337,100054,342,100139,100,100033,337,100224,100,100031,100,100351,100,100014,100,100432,100,99902,100,100447,100,99842,100,100613,100,99536,100,100648,100,99496,100,101026,100,99391,100
2019-06-28 09:52:20.000000000,100108,195,100069,195,100134,195,100054,200,100139,195,100033,195,100224,195,100031,195,100351,195,100014,195,100432,100,99902,100,100447,100,99842,100,100613,100,99536,100,100648,100,99496,100,101026,100,99391,100
2019-06-28 09:52:20.456738726,100108,195,100069,195,100134,195,100054,200,100139,195,100033,195,100224,195,100031,195,100351,195,100014,195,100447,100,99902,100,100613,100,99864,100,100648,100,99842,100,101026,100,99536,100,,,99496,100
2019-06-28 09:52:30.000000000,100108,574,100069,574,100134,100,100054,105,100139,100,100033,100,100224,100,100031,100,100351,100,100014,100,100447,100,99902,100,100613,100,99864,100,100648,100,99842,100,101026,100,99536,100,,,99496,100
2019-06-28 09:52:39.813724058,100108,574,100069,574,100134,100,100054,100,100139,100,100033,100,100224,100,100031,100,100351,100,100014,100,100447,100,99902,100,100613,100,99864,100,100648,100,99842,100,101026,100,99814,100,,,99536,100
2019-06-28 09:52:40.000000000,100108,337,100069,337,100134,337,100054,337,100139,100,100033,100,100224,100,100031,100,100351,100,100014,100,100447,100,99902,100,100613,100,99864,100,100648,100,99842,100,101026,100,99814,100,,,99536,100
2019-06-28 09:52:50.000000000,100108,261,100069,261,100134,256,100054,256,100139,256,100033,256,100224,100,100031,100,100351,100,100014,100,100447,100,99902,100,100613,100,99864,100,100648,100,99842,100,101026,100,99814,100,,,99536,100
2019-06-28 09:52:54.880100745,100108,261,100069,261,100134,256,100054,256,100139,256,100033,256,100224,100,100031,100,100351,100,100014,100,100447,100,99902,100,100613,100,99842,100,100648,100,99820,100,101026,100,99814,100,,,99536,100
2019-06-28 09:53:00.000000000,100108,261,100069,261,100134,256,100054,256,100139,256,100033,256,100224,100,100031,100,100351,100,100014,100,100447,100,99902,100,100613,100,99842,100,100648,100,99820,100,101026,100,99814,100,,,99536,100
2019-06-28 09:53:10.000000000,100108,195,100069,195,100134,195,100054,195,100139,195,100033,195,100224,195,100031,195,100351,195,100014,195,100447,100,99902,100,100613,100,99842,100,100648,100,99820,100,101026,100,99814,100,,,99536,100
2019-06-28 09:53:20.000000000,100108,218,100069,218,100134,218,100054,218,100139,218,100033,218,100224,218,100031,218,100351,100,100014,100,100447,100,99902,100,100613,100,99842,100,100648,100,99820,100,101026,100,99814,100,,,99536,100
2019-06-28 09:53:27.610866512,100088,100,100069,218,100108,218,100054,118,100134,218,100033,218,100139,218,100031,218,100224,218,100014,100,100351,100,99902,100,100447,100,99842,100,100613,100,99820,100,100648,100,99814,100,101026,100,99536,100
2019-06-28 09:53:28.170962101,100088,100,100069,218,100108,218,100054,118,100134,218,100033,218,100139,218,100031,218,100224,218,100014,100,100351,100,99902,100,100447,100,99842,100,100613,100,99820,100,100648,100,99814,100,101026,100,99768,100
2019-06-28 09:53:30.000000000,100088,337,100069,337,100108,337,100033,337,100134,100,100031,100,100139,100,100014,100,100224,100,99902,100,100351,100,99842,100,100447,100,99820,100,100613,100,99814,100,100648,100,99768,100,101026,100,99536,100
2019-06-28 09:53:40.000000000,100088,337,100069,337,100108,337,100033,337,100134,100,100031,100,100139,100,100014,100,100224,100,99902,100,100351,100,99842,100,100447,100,99820,100,100613,100,99814,100,100648,100,99768,100,101026,100,99536,100
2019-06-28 09:53:48.671541396,100088,337,100069,337,100108,337,100033,337,100134,100,100031,100,100139,100,100014,100,100224,100,99902,100,100351,100,99842,100,100447,100,99832,100,100613,100,99820,100,100648,100,99814,100,101026,100,99768,100
2019-06-28 09:53:50.000000000,100088,337,100069,337,100108,337,100033,337,100134,100,100031,100,100139,100,100014,100,100224,100,99902,100,100351,100,99842,100,100447,100,99832,100,100613,100,99820,100,100648,100,99814,100,101026,100,99768,100
2019-06-28 09:54:00.000000000,100088,218,100069,218,100108,218,100033,218,100134,218,100031,218,100139,218,100014,218,100224,100,99902,100,100351,100,99842,100,100447,100,99832,100,100613,100,99820,100,100648,100,99814,100,101026,100,99768,100
2019-06-28 09:54:06.855452991,100088,218,100069,218,100108,218,100033,218,100134,218,100031,218,100139,218,100014,218,100224,100,99902,100,100351,100,99847,100,100447,100,99842,100,100613,100,99832,100,100648,100,99820,100,101026,100,99814,100
2019-06-28 09:54:10.000000000,100088,195,100069,195,100108,195,100033,195,100134,195,100031,195,100139,195,100014,195,100224,195,99902,195,100351,100,99847,100,100447,100,99842,100,100613,100,99832,100,100648,100,99820,100,101026,100,99814,100
2019-06-28 09:54:20.000000000,100088,574,100069,574,100108,100,100033,100,100134,100,100031,100,100139,100,100014,100,100224,100,99902,100,100351,100,99847,100,100447,100,99842,100,100613,100,99832,100,100648,100,99820,100,101026,100,99814,100
2019-06-28 09:54:29.731474789,100088,574,100069,574,100108,100,100033,100,100134,100,100031,100,100139,100,100014,100,100224,100,99902,100,100351,100,99847,100,100447,100,99842,100,100613,100,99832,100,100648,100,99820,100,101026,100,99814,100
2019-06-28 09:54:30.000000000,100088,574,100069,574,100108,100,100033,100,100134,100,100031,100,100139,100,100014,100,100224,100,99902,100,100351,100,99847,100,100447,100,99842,100,100613,100,99832,100,100648,100,99820,100,101026,100,99814,100
2019-06-28 09:54:40.000000000,100088,218,100069,218,100108,218,100033,218,100134,218,100031,218,100139,218,100014,218,100224,100,99902,100,100351,100,99847,100,100447,100,99842,100,100613,100,99832,100,100648,100,99820,100,101026,100,99814,100
2019-06-28 09:54:48.029890463,100088,318,100069,218,100108,218,100033,218,100134,218,100031,218,100139,218,100014,218,100224,100,99902,100,100351,100,99847,100,100447,100,99842,100,100613,100,99832,100,100648,100,99820,100,101026,100,99814,100
2019-06-28 09:54:50.000000000,100088,361,100069,261,100108,256,100033,256,100134,256,100031,256,100139,100,100014,100,100224,100,99902,100,100351,100,99847,100,100447,100,99842,100,100613,100,99832,100,100648,100,99820,100,101026,100,99814,100
2019-06-28 09:54:53.438852887,100088,361,100069,161,100108,256,100033,256,100134,256,100031,256,100139,100,100014,100,100224,100,99902,100,100351,100,99847,100,100447,100,99842,100,100613,100,99832,100,100648,100,99820,100,101026,100,99814,100
2019-06-28 09:55:00.000000000,100088,361,100033,261,100108,256,100031,256,100134,256,100014,256,100139,100,99902,100,100224,100,99847,100,100351,100,99842,100,100447,100,99832,100,100613,100,99820,100,100648,100,99814,100,101026,100,99768,100
2019-06-28 09:55:10.000000000,100088,295,100033,195,100108,195,100031,195,100134,195,100014,195,100139,195,99902,195,100224,195,99847,195,100351,100,99842,100,100447,100,99832,100,100613,100,99820,100,100648,100,99814,100,101026,100,99768,100
2019-06-28 09:55:20.000000000,100088,437,100033,337,100108,337,100031,337,100134,100,100014,100,100139,100,99902,100,100224,100,99847,100,100351,100,99842,100,100447,100,99832,100,100613,100,99820,100,100648,100,99814,100,101026,100,99768,100
2019-06-28 09:55:30.000000000,100088,361,100033,261,100108,256,100031,256,100134,256,100014,256,100139,100,99902,100,100224,100,99847,100,100351,100,99842,100,100447,100,99832,100,100613,100,99820,100,100648,100,99814,100,101026,100,99768,100
2019-06-28 09:55:30.810127066,100088,361,100033,161,100108,256,100031,256,100134,256,100014,256,100139,100,99902,100,100224,100,99847,100,100351,100,99842,100,100447,100,99832,100,100613,100,99820,100,100648,100,99814,100,101026,100,99768,100
2019-06-28 09:55:40.000000000,100088,295,100031,195,100108,195,100014,195,100134,195,99902,195,100139,195,99847,195,100224,195,99842,195,100351,100,99832,100,100447,100,99820,100,100613,100,99814,100,100648,100,99768,100,101026,100,99496,100
2019-06-28 09:55:50.000000000,100088,674,100031,574,100108,100,100014,100,100134,100,99902,100,100139,100,99847,100,100224,100,99842,100,100351,100,99832,100,100447,100,99820,100,100613,100,99814,100,100648,100,99768,100,101026,100,99496,100
2019-06-28 09:56:00.000000000,100088,361,100031,261,100108,256,100014,256,100134,256,99902,256,100139,100,99847,100,100224,100,99842,100,100351,100,99832,100,100447,100,99820,100,100613,100,99814,100,100648,100,99768,100,101026,100,99496,100
2019-06-28 09:56:04.692050637,100088,361,100053,100,100108,256,100031,261,100134,256,100014,256,100139,100,99902,256,100224,100,99847,100,100351,100,99842,100,100447,100,99832,100,100613,100,99820,100,100648,100,99814,100,101026,100,99768,100
2019-06-28 09:56:10.000000000,100088,295,100053,195,100108,195,100031,195,100134,195,100014,195,100139,195,99902,195,100224,195,99847,195,100351,100,99842,100,100447,100,99832,100,100613,100,99820,100,100648,100,99814,100,101026,100,99768,100
2019-06-28 09:56:13.934473995,100088,295,100053,95,100108,195,100031,195,100134,195,100014,195,100139,195,99902,95,100224,195,99847,195,100351,100,99842,100,100447,100,99832,100,100613,100,99820,100,100648,100,99814,100,101026,100,99768,100
2019-06-28 09:56:20.000000000,100088,437,100031,337,100108,337,100014,337,100134,100,99847,100,100139,100,99842,100,100224,100,99832,100,100351,100,99820,100,100447,100,99814,100,100613,100,99768,100,100648,100,99496,100,101026,100,99481,100
2019-06-28 09:56:30.000000000,100088,318,100031,218,100108,218,100014,218,100134,218,99847,218,100139,218,99842,218,100224,100,99832,100,100351,100,99820,100,100447,100,99814,100,100613,100,99768,100,100648,100,99496,100,101026,100,99481,100
2019-06-28 09:56:37.929878186,100088,318,100060,100,100108,218,100031,218,100134,218,100014,218,100139,218,99847,218,100224,100,99842,218,100351,100,99832,100,100447,100,99820,100,100613,100,99814,100,100648,100,99768,100,101026,100,99496,100
2019-06-28 09:56:40.000000000,100088,318,100060,218,100108,218,100031,218,100134,218,100014,218,100139,218,99847,218,100224,100,99842,100,100351,100,99832,100,100447,100,99820,100,100613,100,99814,100,100648,100,99768,100,101026,100,99496,100
2019-06-28 09:56:50.000000000,100088,295,100060,195,100108,195,100031,195,100134,195,100014,195,100139,195,99847,195,100224,195,99842,195,100351,100,99832,100,100447,100,99820,100,100613,100,99814,100,100648,100,99768,100,101026,100,99496,100
2019-06-28 09:56:55.280203129,100088,295,100060,195,100108,195,100031,195,100134,195,100014,195,100139,195,99847,195,100190,100,99842,195,100224,195,99832,100,100351,100,99820,100,100447,100,99814,100,100613,100,99768,100,100648,100,99496,100
2019-06-28 09:57:00.000000000,100088,318,100060,218,100108,218,100031,218,100134,218,100014,218,100139,218,99847,218,100190,100,99842,100,100224,100,99832,100,100351,100,99820,100,100447,100,99814,100,100613,100,99768,100,100648,100,99496,100
2019-06-28 09:57:02.691776668,100088,318,100060,218,100108,218,100054,100,100134,218,100031,218,100139,218,100014,218,100190,100,99847,218,100224,100,99842,100,100351,100,99832,100,100447,100,99820,100,100613,100,99814,100,100648,100,99768,100
2019-06-28 09:57:10.000000000,100088,437,100060,337,100108,337,100054,337,100134,100,100031,100,100139,100,100014,100,100190,100,99847,100,100224,100,99842,100,100351,100,99832,100,100447,100,99820,100,100613,100,99814,100,100648,100,99768,100
2019-06-28 09:57:20.000000000,100088,361,100060,261,100108,256,100054,256,100134,256,100031,256,100139,100,100014,100,100190,100,99847,100,100224,100,99842,100,100351,100,99832,100,100447,100,99820,100,100613,100,99814,100,100648,100,99768,100
2019-06-28 09:57:20.919190664,100088,361,100060,261,100108,256,100054,256,100134,256,100031,256,100139,100,100014,100,100190,100,99911,100,100224,100,99847,100,100351,100,99842,100,100447,100,99832,100,100613,100,99820,100,100648,100,99814,100
2019-06-28 09:57:30.000000000,100088,361,100060,261,100108,256,100054,256,100134,256,100031,256,100139,100,100014,100,100190,100,99911,100,100224,100,99847,100,100351,100,99842,100,100447,100,99832,100,100613,100,99820,100,100648,100,99814,100
2019-06-28 09:57:40.000000000,100088,674,100060,574,100108,100,100054,100,100134,100,100031,100,100139,100,100014,100,100190,100,99911,100,100224,100,99847,100,100351,100,99842,100,100447,100,99832,100,100613,100,99820,100,100648,100,99814,100
2019-06-28 09:57:50.000000000,100088,295,100060,195,100108,195,100054,195,100134,195,100031,195,100139,195,100014,195,100190,195,99911,195,100224,100,99847,100,100351,100,99842,100,100447,100,99832,100,100613,100,99820,100,100648,100,99814,100
2019-06-28 09:58:00.000000000,100088,437,100060,337,100108,337,100054,337,100134,100,100031,100,100139,100,100014,100,100190,100,99911,100,100224,100,99847,100,100351,100,99842,100,100447,100,99832,100,100613,100,99820,100,100648,100,99814,100
2019-06-28 09:58:01.726848814,100088,437,100060,337,100108,337,100054,337,100134,100,100031,100,100139,100,100014,100,100190,100,99945,100,100224,100,99911,100,100351,100,99847,100,100447,100,99842,100,100613,100,99832,100,100648,100,99820,100
2019-06-28 09:58:10.000000000,100088,295,100060,195,100108,195,100054,195,100134,195,100031,195,100139,195,100014,195,100190,195,99945,195,100224,100,99911,100,100351,100,99847,100,100447,100,99842,100,100613,100,99832,100,100648,100,99820,100
2019-06-28 09:58:20.000000000,100088,318,100060,218,100108,218,100054,218,100134,218,100031,218,100139,218,100014,218,100190,100,99945,100,100224,100,99911,100,100351,100,99847,100,100447,100,99842,100,100613,100,99832,100,100648,100,99820,100
2019-06-28 09:58:22.278434875,100088,318,100060,118,100108,218,100054,218,100134,218,100031,218,100139,218,100014,118,100190,100,99945,100,100224,100,99911,100,100351,100,99847,100,100447,100,99842,100,100613,100,99832,100,100648,100,99820,100
2019-06-28 09:58:30.000000000,100088,295,100054,195,100108,195,100031,195,100134,195,99945,195,100139,195,99911,195,100190,195,99847,195,100224,100,99842,100,100351,100,99832,100,100447,100,99820,100,100613,100,99814,100,100648,100,99768,100
2019-06-28 09:58:34.702983656,100088,295,100054,95,100108,195,100031,195,100134,195,99945,195,100139,195,99911,195,100190,195,99847,195,100224,100,99842,100,100351,100,99832,100,100447,100,99820,100,100613,100,99814,100,100648,100,99768,100
2019-06-28 09:58:40.000000000,100088,674,100031,574,100108,100,99945,100,100134,100,99911,100,100139,100,99847,100,100190,100,99842,100,100224,100,99832,100,100351,100,99820,100,100447,100,99814,100,100613,100,99768,100,100648,100,99496,100
2019-06-28 09:58:50.000000000,100088,674,100031,574,100108,100,99945,100,100134,100,99911,100,100139,100,99847,100,100190,100,99842,100,100224,100,99832,100,100351,100,99820,100,100447,100,99814,100,100613,100,99768,100,100648,100,99496,100
2019-06-28 09:58:51.245039886,100088,674,100031,474,100108,100,99945,100,100134,100,99911,100,100139,100,99847,100,100190,100,99842,100,100224,100,99832,100,100351,100,99820,100,100447,100,99814,100,100613,100,99496,100,100648,100,99391,100
2019-06-28 09:58:55.765123055,100047,100,100031,474,100088,674,99945,100,100108,100,99911,100,100134,100,99847,100,100139,100,99842,100,100190,100,99832,100,100224,100,99820,100,100351,100,99814,100,100447,100,99496,100,100613,100,99391,100
2019-06-28 09:59:00.000000000,100047,574,99945,574,100088,200,99911,100,100108,100,99847,100,100134,100,99842,100,100139,100,99832,100,100190,100,99820,100,100224,100,99814,100,100351,100,99496,100,100447,100,99391,100,100613,100,,
2019-06-28 09:59:03.713175758,100047,574,99945,474,100088,200,99911,100,100108,100,99847,100,100134,100,99842,100,100139,100,99832,100,100190,100,99820,100,100224,100,99814,100,100351,100,99391,100,100447,100,,,100613,100,,
2019-06-28 09:59:06.083330216,100047,574,99946,100,100088,200,99945,474,100108,100,99911,100,100134,100,99847,100,100139,100,99842,100,100190,100,99832,100,100224,100,99820,100,100351,100,99814,100,100447,100,99391,100,100613,100,,
2019-06-28 09:59:10.000000000,100047,574,99946,574,100088,200,99911,100,100108,100,99847,100,100134,100,99842,100,100139,100,99832,100,100190,100,99820,100,100224,100,99814,100,100351,100,99391,100,100447,100,,,100613,100,,
2019-06-28 09:59:18.845699251,100047,574,99946,574,100088,200,99911,100,100108,100,99847,100,100134,100,99842,100,100139,100,99832,100,100190,100,99820,100,100224,100,99814,100,100351,100,99807,100,100447,100,99391,100,100613,100,,
2019-06-28 09:59:20.000000000,100047,574,99946,574,100088,200,99911,100,100108,100,99847,100,100134,100,99842,100,100139,100,99832,100,100190,100,99820,100,100224,100,99814,100,100351,100,99807,100,100447,100,99391,100,100613,100,,
2019-06-28 09:59:30.000000000,100047,195,99946,195,100088,295,99911,195,100108,195,99847,195,100134,195,99842,195,100139,195,99832,195,100190,100,99820,100,100224,100,99814,100,100351,100,99807,100,100447,100,99391,100,100613,100,,
2019-06-28 09:59:40.000000000,100047,195,99946,195,100088,295,99911,195,100108,195,99847,195,100134,195,99842,195,100139,195,99832,195,100190,100,99820,100,100224,100,99814,100,100351,100,99807,100,100447,100,99391,100,100613,100,,
2019-06-28 09:59:50.000000000,100047,218,99946,218,100088,318,99911,218,100108,218,99847,218,100134,218,99842,218,100139,100,99832,100,100190,100,99820,100,100224,100,99814,100,100351,100,99807,100,100447,100,99391,100,100613,100,,
2019-06-28 10:00:00.000000000,100047,218,99946,218,100088,318,99911,218,100108,218,99847,218,100134,218,99842,218,100139,100,99832,100,100190,100,99820,100,100224,100,99814,100,100351,100,99807,100,100447,100,99391,100,100613,100,,
2019-06-28 10:00:08.455790830,100047,218,99946,118,100088,318,99911,218,100108,218,99847,218,100134,218,99842,218,100139,100,99832,100,100190,100,99820,100,100224,100,99814,100,100351,100,99391,100,100447,100,,,100613,100,,
2019-06-28 10:00:10.000000000,100047,337,99911,337,100088,437,99847,337,100108,100,99842,100,100134,100,99832,100,100139,100,99820,100,100190,100,99814,100,100224,100,99391,100,100351,100,,,100447,100,,,100613,100,,
2019-06-28 10:00:18.453300226,100047,337,99911,237,100088,437,99847,337,100108,100,99842,100,100134,100,99832,100,100139,100,99820,100,100190,100,99814,100,100224,100,99391,100,100351,100,,,100447,100,,,100613,100,,
2019-06-28 10:00:20.000000000,100047,195,99847,195,100088,295,99842,195,100108,195,99832,195,100134,195,99820,195,100139,195,99814,195,100190,100,99391,100,100224,100,,,100351,100,,,100447,100,,,100613,100,,
2019-06-28 10:00:30.000000000,100047,195,99847,195,100088,295,99842,195,100108,195,99832,195,100134,195,99820,195,100139,195,99814,195,100190,100,99391,100,100224,100,,,100351,100,,,100447,100,,,100613,100,,
2019-06-28 10:00:40.000000000,100047,261,99847,261,100088,356,99842,256,100108,256,99832,256,100134,100,99820,100,100139,100,99814,100,100190,100,99391,100,100224,100,,,100351,100,,,100447,100,,,100613,100,,
2019-06-28 10:00:42.742980724,100047,261,99847,261,100088,356,99842,256,100108,256,99832,256,100134,100,99820,100,100139,100,99814,100,100190,100,99444,100,100224,100,99391,100,100351,100,,,100447,100,,,100613,100,,
2019-06-28 10:00:45.339060174,100047,261,99847,161,100088,356,99842,256,100108,256,99832,256,100134,100,99820,100,100139,100,99814,100,100190,100,99444,100,100224,100,99391,100,100351,100,,,100447,100,,,100613,100,,
2019-06-28 10:00:50.000000000,100047,195,99842,195,100088,295,99832,195,100108,195,99820,195,100134,195,99814,195,100139,195,99444,195,100190,100,99391,100,100224,100,,,100351,100,,,100447,100,,,100613,100,,
2019-06-28 10:00:52.102852532,100047,195,99842,95,100088,295,99832,195,100108,195,99820,195,100134,195,99814,195,100139,195,99444,195,100190,100,99391,100,100224,100,,,100351,100,,,100447,100,,,100613,100,,
2019-06-28 10:00:52.822168416,99847,100,99842,95,100047,195,99832,195,100088,295,99820,195,100108,195,99814,195,100134,195,99444,195,100139,195,99391,100,100190,100,,,100224,100,,,100351,100,,,100447,100,,
2019-06-28 10:01:00.000000000,99847,195,99832,195,100047,195,99820,195,100088,295,99814,195,100108,195,99444,195,100134,195,99391,195,100139,100,,,100190,100,,,100224,100,,,100351,100,,,100447,100,,
2019-06-28 10:01:01.417442451,99847,195,99832,95,100047,195,99820,195,100088,295,99814,195,100108,195,99444,195,100134,195,99391,195,100139,100,,,100190,100,,,100224,100,,,100351,100,,,100447,100,,
2019-06-28 10:01:10.000000000,99847,195,99820,195,100047,195,99814,195,100088,295,99444,195,100108,195,99391,195,100134,195,99390,95,100139,100,,,100190,100,,,100224,100,,,100351,100,,,100447,100,,
2019-06-28 10:01:20.000000000,99847,574,99820,574,100047,100,99814,100,100088,200,99444,100,100108,100,99391,100,100134,100,,,100139,100,,,100190,100,,,100224,100,,,100351,100,,,100447,100,,
2019-06-28 10:01:23.291050577,99847,574,99820,574,100047,100,99814,100,100088,200,99444,100,100108,100,99391,100,100134,100,98964,100,100139,100,,,100190,100,,,100224,100,,,100351,100,,,100447,100,,
2019-06-28 10:01:30.000000000,99847,574,99820,574,100047,100,99814,100,100088,200,99444,100,100108,100,99391,100,100134,100,98964,100,100139,100,,,100190,100,,,100224,100,,,100351,100,,,100447,100,,
2019-06-28 10:01:40.000000000,99847,195,99820,195,100047,195,99814,195,100088,295,99444,195,100108,195,99391,195,100134,195,98964,195,100139,100,,,100190,100,,,100224,100,,,100351,100,,,100447,100,,
2019-06-28 10:01:43.439396168,99847,195,99820,95,100047,195,99814,195,100088,295,99444,195,100108,195,99391,195,100134,195,98964,195,100139,100,,,100190,100,,,100224,100,,,100447,100,,,100613,100,,
2019-06-28 10:01:50.000000000,99847,337,99814,337,100047,337,99444,337,100088,200,99391,100,100108,100,98964,100,100134,100,,,100139,100,,,100190,100,,,100224,100,,,100447,100,,,100613,100,,
2019-06-28 10:02:00.000000000,99847,261,99814,261,100047,256,99444,256,100088,356,99391,256,100108,100,98964,100,100134,100,,,100139,100,,,100190,100,,,100224,100,,,100447,100,,,100613,100,,
2019-06-28 10:02:02.430642300,99847,261,99814,261,100047,256,99444,256,100088,356,99391,256,100108,100,99292,100,100134,100,98964,100,100139,100,,,100190,100,,,100224,100,,,100447,100,,,100613,100,,
2019-06-28 10:02:10.000000000,99847,195,99814,195,100047,195,99444,195,100088,295,99391,195,100108,195,99292,195,100134,195,98964,195,100139,100,,,100190,100,,,100224,100,,,100447,100,,,100613,100,,
2019-06-28 10:02:20.000000000,99847,195,99814,195,100047,195,99444,195,100088,295,99391,195,100108,195,99292,195,100134,195,98964,195,100139,100,,,100190,100,,,100224,100,,,100447,100,,,100613,100,,
2019-06-28 10:02:30.000000000,99847,261,99814,261,100047,256,99444,256,100088,356,99391,256,100108,100,99292,100,100134,100,98964,100,100139,100,,,100190,100,,,100224,100,,,100447,100,,,100613,100,,
2019-06-28 10:02:40.000000000,99847,218,99814,218,100047,218,99444,218,100088,318,99391,218,100108,218,99292,218,100134,100,98964,100,100139,100,,,100190,100,,,100224,100,,,100447,100,,,100613,100,,
2019-06-28 10:02:50.000000000,99847,574,99814,574,100047,100,99444,100,100088,200,99391,100,100108,100,99292,100,100134,100,98964,100,100139,100,,,100190,100,,,100224,100,,,100447,100,,,100613,100,,
2019-06-28 10:03:00.000000000,99847,195,99814,195,100047,195,99444,195,100088,295,99391,195,100108,195,99292,195,100134,195,98964,195,100139,100,,,100190,100,,,100224,100,,,100447,100,,,100613,100,,
2019-06-28 10:03:10.000000000,99847,574,99814,574,100047,100,99444,100,100088,200,99391,100,100108,100,99292,100,100134,100,98964,100,100139,100,,,100190,100,,,100224,100,,,100447,100,,,100613,100,,
2019-06-28 10:03:11.486867615,99847,574,99814,474,100047,100,99444,100,100088,200,99391,100,100108,100,99292,100,100134,100,98964,100,100139,100,,,100190,100,,,100224,100,,,100447,100,,,100613,100,,
2019-06-28 10:03:20.000000000,99847,337,99444,337,100047,337,99391,337,100088,200,99292,100,100108,100,98964,100,100134,100,,,100139,100,,,100190,100,,,100224,100,,,100447,100,,,100613,100,,
2019-06-28 10:03:30.000000000,99847,218,99444,218,100047,218,99391,218,100088,318,99292,218,100108,218,98964,218,100134,100,,,100139,100,,,100190,100,,,100224,100,,,100447,100,,,100613,100,,
2019-06-28 10:03:40.000000000,99847,261,99444,261,100047,256,99391,256,100088,356,99292,256,100108,100,98964,100,100134,100,,,100139,100,,,100190,100,,,100224,100,,,100447,100,,,100613,100,,
2019-06-28 10:03:50.000000000,99847,218,99444,218,100047,218,99391,218,100088,318,99292,218,100108,218,98964,218,100134,100,,,100139,100,,,100190,100,,,100224,100,,,100447,100,,,100613,100,,
2019-06-28 10:03:54.720599223,99847,218,99444,218,100047,218,99437,100,100088,318,99391,218,100108,218,99292,218,100134,100,98964,218,100139,100,,,100190,100,,,100224,100,,,100447,100,,,100613,100,,
2019-06-28 10:04:00.000000000,99847,218,99444,218,100047,218,99437,218,100088,318,99391,218,100108,218,99292,218,100134,100,98964,100,100139,100,,,100190,100,,,100224,100,,,100447,100,,,100613,100,,
2019-06-28 10:04:10.000000000,99847,261,99444,261,100047,256,99437,256,100088,356,99391,256,100108,100,99292,100,100134,100,98964,100,100139,100,,,100190,100,,,100224,100,,,100447,100,,,100613,100,,
2019-06-28 10:04:20.000000000,99847,261,99444,261,100047,256,99437,256,100088,356,99391,256,100108,100,99292,100,100134,100,98964,100,100139,100,,,100190,100,,,100224,100,,,100447,100,,,100613,100,,
2019-06-28 10:04:30.000000000,99847,218,99444,218,100047,218,99437,218,100088,318,99391,218,100108,218,99292,218,100134,100,98964,100,100139,100,,,100190,100,,,100224,100,,,100447,100,,,100613,100,,
2019-06-28 10:04:40.000000000,99847,218,99444,218,100047,218,99437,218,100088,318,99391,218,100108,218,99292,218,100134,100,98964,100,100139,100,,,100190,100,,,100224,100,,,100447,100,,,100613,100,,
2019-06-28 10:04:50.000000000,99847,574,99444,574,100047,100,99437,100,100088,200,99391,100,100108,100,99292,100,100134,100,98964,100,100139,100,,,100190,100,,,100224,100,,,100447,100,,,100613,100,,
2019-06-28 10:05:00.000000000,99847,261,99444,261,100047,256,99437,256,100088,356,99391,256,100108,100,99292,100,100134,100,98964,100,100139,100,,,100190,100,,,100224,100,,,100447,100,,,100613,100,,
2019-06-28 10:05:10.000000000,99847,261,99444,261,100047,256,99437,256,100088,356,99391,256,100108,100,99292,100,100134,100,98964,100,100139,100,,,100190,100,,,100224,100,,,100447,100,,,100613,100,,
2019-06-28 10:05:20.000000000,99847,574,99444,574,100047,100,99437,100,100088,200,99391,100,100108,100,99292,100,100134,100,98964,100,100139,100,,,100190,100,,,100224,100,,,100447,100,,,100613,100,,
2019-06-28 10:05:23.259842695,99847,574,99444,474,100047,100,99437,100,100088,200,99391,100,100108,100,99292,100,100134,100,98964,100,100139,100,,,100190,100,,,100224,100,,,100447,100,,,100613,100,,
2019-06-28 10:05:23.879714670,99847,574,99444,474,100047,100,99437,100,100088,200,99391,100,100108,100,99292,100,100134,100,98964,100,100139,100,98883,100,100190,100,,,100224,100,,,100447,100,,,100613,100,,
2019-06-28 10:05:30.000000000,99847,574,99437,574,100047,100,99391,100,100088,200,99292,100,100108,100,98964,100,100134,100,98883,100,100139,100,,,100190,100,,,100224,100,,,100447,100,,,100613,100,,
2019-06-28 10:05:35.785786221,99814,100,99437,574,99847,574,99391,100,100047,100,99292,100,100088,200,98964,100,100108,100,98883,100,100134,100,,,100139,100,,,100190,100,,,100224,100,,,100447,100,,
2019-06-28 10:05:40.000000000,99814,574,99437,574,99847,100,99391,100,100047,100,99292,100,100088,200,98964,100,100108,100,98883,100,100134,100,,,100139,100,,,100190,100,,,100224,100,,,100447,100,,
2019-06-28 10:05:50.000000000,99814,574,99437,574,99847,100,99391,100,100047,100,99292,100,100088,200,98964,100,100108,100,98883,100,100134,100,,,100139,100,,,100190,100,,,100224,100,,,100447,100,,
2019-06-28 10:06:00.000000000,99814,195,99437,195,99847,195,99391,195,100047,195,99292,195,100088,295,98964,195,100108,195,98883,195,100134,100,,,100139,100,,,100190,100,,,100224,100,,,100447,100,,
2019-06-28 10:06:10.000000000,99814,337,99437,337,99847,337,99391,337,100047,100,99292,100,100088,200,98964,100,100108,100,98883,100,100134,100,,,100139,100,,,100190,100,,,100224,100,,,100447,100,,
2019-06-28 10:06:15.988331302,99814,437,99437,337,99847,337,99391,337,100047,100,99292,100,100088,200,98964,100,100108,100,98883,100,100134,100,,,100139,100,,,100190,100,,,100224,100,,,100447,100,,
2019-06-28 10:06:20.000000000,99814,318,99437,218,99847,218,99391,218,100047,218,99292,218,100088,318,98964,218,100108,100,98883,100,100134,100,,,100139,100,,,100190,100,,,100224,100,,,100447,100,,
2019-06-28 10:06:30.000000000,99814,318,99437,218,99847,218,99391,218,100047,218,99292,218,100088,318,98964,218,100108,100,98883,100,100134,100,,,100139,100,,,100190,100,,,100224,100,,,100447,100,,
2019-06-28 10:06:37.603326688,99814,418,99437,218,99847,218,99391,218,100047,218,99292,218,100088,218,98964,218,100108,100,98883,100,100134,100,,,100139,100,,,100190,100,,,100224,100,,,100447,100,,
2019-06-28 10:06:40.000000000,99814,418,99437,218,99847,218,99391,218,100047,218,99292,218,100088,218,98964,218,100108,100,98883,100,100134,100,,,100139,100,,,100190,100,,,100224,100,,,100447,100,,
2019-06-28 10:06:44.161460345,99468,100,99437,218,99814,418,99391,218,99847,218,99292,218,100047,218,98964,218,100088,218,98883,100,100108,100,,,100134,100,,,100139,100,,,100190,100,,,100447,100,,
2019-06-28 10:06:47.621764071,99468,100,99437,218,99814,418,99391,218,99847,218,99292,218,100047,218,99232,100,100088,218,98964,218,100108,100,98883,100,100134,100,,,100139,100,,,100190,100,,,100447,100,,
2019-06-28 10:06:50.000000000,99468,195,99437,195,99814,395,99391,195,99847,195,99292,195,100047,195,99232,195,100088,195,98964,195,100108,100,98883,100,100134,100,,,100139,100,,,100190,100,,,100447,100,,
2019-06-28 10:06:53.443756516,99459,100,99437,195,99468,195,99391,195,99814,395,99292,195,99847,195,99232,195,100047,195,98964,195,100088,195,98883,100,100108,100,,,100134,100,,,100190,100,,,100447,100,,
2019-06-28 10:06:57.251858721,99459,100,99437,95,99468,195,99391,195,99814,395,99292,195,99847,195,99232,195,100047,195,98964,195,100088,195,98883,100,100108,100,,,100134,100,,,100190,100,,,100447,100,,
2019-06-28 10:06:57.336071806,99437,5,99391,195,99459,100,99292,195,99468,195,99232,195,99814,395,98964,195,99847,195,98883,100,100047,195,,,100088,195,,,100108,100,,,100134,100,,,100190,100,,
2019-06-28 10:07:00.000000000,99437,100,99391,195,99459,195,99292,195,99468,195,99232,195,99814,395,98964,195,99847,195,98883,195,100047,100,,,100088,100,,,100108,100,,,100134,100,,,100190,100,,
2019-06-28 10:07:10.000000000,99437,123,99391,218,99459,218,99292,218,99468,218,99232,218,99814,418,98964,218,99847,100,98883,100,100047,100,,,100088,100,,,100108,100,,,100134,100,,,100190,100,,
2019-06-28 10:07:11.450582074,99437,123,99391,218,99459,218,99292,218,99468,218,99232,218,99814,418,98964,218,99847,100,98915,100,100047,100,98883,100,100088,100,,,100108,100,,,100134,100,,,100190,100,,
2019-06-28 10:07:15.421419453,99437,123,99391,118,99459,218,99292,218,99468,218,99232,218,99814,418,98964,218,99847,100,98915,100,100047,100,98883,100,100088,100,,,100108,100,,,100134,100,,,100190,100,,
2019-06-28 10:07:20.000000000,99437,242,99292,337,99459,337,99232,337,99468,100,98964,100,99814,300,98915,100,99847,100,98883,100,100047,100,,,100088,100,,,100108,100,,,100134,100,,,100190,100,,
2019-06-28 10:07:30.000000000,99437,166,99292,261,99459,256,99232,256,99468,256,98964,256,99814,300,98915,100,99847,100,98883,100,100047,100,,,100088,100,,,100108,100,,,100134,100,,,100190,100,,
2019-06-28 10:07:30.221718630,99436,100,99292,261,99437,166,99232,256,99459,256,98964,256,99468,256,98915,100,99814,300,98883,100,99847,100,,,100047,100,,,100088,100,,,100108,100,,,100134,100,,
2019-06-28 10:07:33.889625800,99436,100,99292,261,99437,166,99232,256,99459,256,99039,100,99468,256,98964,256,99814,300,98915,100,99847,100,98883,100,100047,100,,,100088,100,,,100108,100,,,100134,100,,
2019-06-28 10:07:35.384819066,99436,100,99292,161,99437,166,99232,256,99459,256,99039,100,99468,256,98964,156,99814,300,98915,100,99847,100,98883,100,100047,100,,,100088,100,,,100108,100,,,100134,100,,
2019-06-28 10:07:40.000000000,99436,261,99232,261,99437,161,99039,256,99459,256,98915,256,99468,100,98883,100,99814,300,,,99847,100,,,100047,100,,,100088,100,,,100108,100,,,100134,100,,
2019-06-28 10:07:43.421485562,99436,261,99232,261,99437,161,99039,256,99451,100,98915,256,99459,256,98883,100,99468,100,,,99814,300,,,99847,100,,,100047,100,,,100088,100,,,100108,100,,
2019-06-28 10:07:45.292866640,99410,100,99232,261,99436,261,99039,256,99437,161,98915,256,99451,100,98883,100,99459,256,,,99468,100,,,99814,300,,,99847,100,,,100047,100,,,100088,100,,
2019-06-28 10:07:50.000000000,99410,195,99232,195,99436,195,99039,195,99437,100,98915,195,99451,195,98883,195,99459,195,98882,95,99468,100,,,99814,300,,,99847,100,,,100047,100,,,100088,100,,
2019-06-28 10:08:00.000000000,99410,337,99232,337,99436,337,99039,337,99437,5,98915,100,99451,100,98883,100,99459,100,,,99468,100,,,99814,300,,,99847,100,,,100047,100,,,100088,100,,
2019-06-28 10:08:10.000000000,99410,261,99232,261,99436,256,99039,256,99437,161,98915,256,99451,100,98883,100,99459,100,,,99468,100,,,99814,300,,,99847,100,,,100047,100,,,100088,100,,
2019-06-28 10:08:20.000000000,99410,261,99232,261,99436,256,99039,256,99437,161,98915,256,99451,100,98883,100,99459,100,,,99468,100,,,99814,300,,,99847,100,,,100047,100,,,100088,100,,
2019-06-28 10:08:30.000000000,99410,195,99232,195,99436,195,99039,195,99437,100,98915,195,99451,195,98883,195,99459,195,98882,95,99468,100,,,99814,300,,,99847,100,,,100047,100,,,100088,100,,
2019-06-28 10:08:38.058875597,99305,100,99232,195,99410,195,99039,195,99436,195,98915,195,99437,100,98883,195,99451,195,98882,95,99459,195,,,99814,300,,,99847,100,,,100047,100,,,100088,100,,
2019-06-28 10:08:40.000000000,99305,574,99232,574,99410,100,99039,100,99436,100,98915,100,99437,5,98883,100,99451,100,,,99459,100,,,99814,300,,,99847,100,,,100047,100,,,100088,100,,
2019-06-28 10:08:40.265540919,99305,574,99232,574,99391,100,99039,100,99410,100,98915,100,99436,100,98883,100,99437,5,,,99451,100,,,99459,100,,,99814,200,,,99847,100,,,100047,100,,
2019-06-28 10:08:50.000000000,99305,337,99232,337,99391,337,99039,337,99410,100,98915,100,99436,100,98883,100,99437,5,,,99451,100,,,99459,100,,,99814,200,,,99847,100,,,100047,100,,
2019-06-28 10:08:57.854028490,99305,237,99232,337,99391,337,99039,337,99410,100,98915,100,99436,100,98883,100,99437,5,,,99451,100,,,99459,100,,,99814,200,,,99847,100,,,100047,100,,
2019-06-28 10:09:00.000000000,99391,337,99232,337,99410,337,99039,337,99436,100,98915,100,99437,5,98883,100,99451,100,,,99459,100,,,99814,200,,,99847,100,,,100047,100,,,100088,100,,
2019-06-28 10:09:10.000000000,99391,337,99232,337,99410,337,99039,337,99436,100,98915,100,99437,5,98883,100,99451,100,,,99459,100,,,99814,200,,,99847,100,,,100047,100,,,100088,100,,
2019-06-28 10:09:20.000000000,99391,261,99232,261,99410,256,99039,256,99436,256,98915,256,99437,5,98883,100,99451,100,,,99459,100,,,99814,200,,,99847,100,,,100047,100,,,100088,100,,
2019-06-28 10:09:26.451057239,99391,261,99232,261,99410,256,99039,256,99436,256,99009,100,99437,5,98915,256,99451,100,98883,100,99459,100,,,99814,200,,,99847,100,,,100047,100,,,100088,100,,
2019-06-28 10:09:30.000000000,99391,261,99232,261,99410,256,99039,256,99436,256,99009,256,99437,5,98915,100,99451,100,98883,100,99459,100,,,99814,200,,,99847,100,,,100047,100,,,100088,100,,
2019-06-28 10:09:40.000000000,99391,195,99232,195,99410,195,99039,195,99436,195,99009,195,99437,100,98915,195,99451,195,98883,195,99459,100,,,99814,200,,,99847,100,,,100047,100,,,100088,100,,
2019-06-28 10:09:50.000000000,99391,337,99232,337,99410,337,99039,337,99436,100,99009,100,99437,5,98915,100,99451,100,98883,100,99459,100,,,99814,200,,,99847,100,,,100047,100,,,100088,100,,
2019-06-28 10:10:00.000000000,99391,195,99232,195,99410,195,99039,195,99436,195,99009,195,99437,100,98915,195,99451,195,98883,195,99459,100,,,99814,200,,,99847,100,,,100047,100,,,100088,100,,
2019-06-28 10:10:10.000000000,99391,195,99232,195,99410,195,99039,195,99436,195,99009,195,99437,100,98915,195,99451,195,98883,195,99459,100,,,99814,200,,,99847,100,,,100047,100,,,100088,100,,
2019-06-28 10:10:20.000000000,99391,195,99232,195,99410,195,99039,195,99436,195,99009,195,99437,100,98915,195,99451,195,98883,195,99459,100,,,99814,200,,,99847,100,,,100047,100,,,100088,100,,
2019-06-28 10:10:30.000000000,99391,261,99232,261,99410,256,99039,256,99436,256,99009,256,99437,5,98915,100,99451,100,98883,100,99459,100,,,99814,200,,,99847,100,,,100047,100,,,100088,100,,
2019-06-28 10:10:30.880046379,99304,100,99232,261,99391,261,99039,256,99410,256,99009,256,99436,256,98915,100,99437,5,98883,100,99451,100,,,99459,100,,,99814,200,,,99847,100,,,100047,100,,
2019-06-28 10:10:40.000000000,99304,574,99232,574,99391,100,99039,100,99410,100,99009,100,99436,100,98915,100,99437,5,98883,100,99451,100,,,99459,100,,,99814,200,,,99847,100,,,100047,100,,
2019-06-28 10:10:50.000000000,99304,218,99232,218,99391,218,99039,218,99410,218,99009,218,99436,218,98915,218,99437,5,98883,100,99451,100,,,99459,100,,,99814,200,,,99847,100,,,100047,100,,
2019-06-28 10:11:00.000000000,99304,574,99232,574,99391,100,99039,100,99410,100,99009,100,99436,100,98915,100,99437,5,98883,100,99451,100,,,99459,100,,,99814,200,,,99847,100,,,100047,100,,
2019-06-28 10:11:00.444656964,99304,574,99232,474,99391,100,99039,100,99410,100,99009,100,99436,100,98915,100,99437,5,98883,100,99451,100,,,99459,100,,,99814,200,,,99847,100,,,100047,100,,
2019-06-28 10:11:04.434770727,99304,574,99232,474,99391,100,99039,100,99410,100,99009,100,99436,100,98915,100,99437,5,98883,100,99451,100,98404,100,99459,100,,,99814,200,,,99847,100,,,100047,100,,
2019-06-28 10:11:10.000000000,99304,195,99039,195,99391,195,99009,195,99410,195,98915,195,99436,195,98883,195,99437,100,98404,195,99451,100,,,99459,100,,,99814,200,,,99847,100,,,100047,100,,
2019-06-28 10:11:15.017327261,99304,195,99039,95,99391,195,99009,195,99410,195,98915,195,99436,195,98883,195,99437,100,98404,195,99451,100,,,99459,100,,,99814,200,,,99847,100,,,100047,100,,
2019-06-28 10:11:20.000000000,99304,218,99009,218,99391,218,98915,218,99410,218,98883,218,99436,218,98404,218,99437,5,,,99451,100,,,99459,100,,,99814,200,,,99847,100,,,100047,100,,
2019-06-28 10:11:30.000000000,99304,218,99009,218,99391,218,98915,218,99410,218,98883,218,99436,218,98404,218,99437,5,,,99451,100,,,99459,100,,,99814,200,,,99847,100,,,100047,100,,
2019-06-28 10:11:40.000000000,99304,337,99009,337,99391,337,98915,337,99410,100,98883,100,99436,100,98404,100,99437,5,,,99451,100,,,99459,100,,,99814,200,,,99847,100,,,100047,100,,
2019-06-28 10:11:50.000000000,99304,261,99009,261,99391,256,98915,256,99410,256,98883,256,99436,100,98404,100,99437,5,,,99451,100,,,99459,100,,,99814,200,,,99847,100,,,100047,100,,
2019-06-28 10:11:52.929354575,99304,261,99009,261,99391,256,98915,256,99404,100,98883,256,99410,256,98404,100,99436,100,,,99437,5,,,99451,100,,,99459,100,,,99814,200,,,99847,100,,
2019-06-28 10:11:57.605925011,99304,261,99009,261,99391,256,98915,256,99404,100,98883,256,99410,256,98404,100,99436,100,,,99437,5,,,99451,100,,,99459,100,,,99662,100,,,99814,200,,
2019-06-28 10:12:00.000000000,99304,337,99009,337,99391,337,98915,337,99404,100,98883,100,99410,100,98404,100,99436,100,,,99437,5,,,99451,100,,,99459,100,,,99662,100,,,99814,200,,
2019-06-28 10:12:04.568714976,99304,237,99009,337,99391,337,98915,337,99404,100,98883,100,99410,100,98404,100,99436,100,,,99437,5,,,99451,100,,,99459,100,,,99662,100,,,99814,200,,
2019-06-28 10:12:10.000000000,99391,218,99009,218,99404,218,98915,218,99410,218,98883,218,99436,218,98404,218,99437,5,,,99451,100,,,99459,100,,,99662,100,,,99814,200,,,99847,100,,
