,ask_price_1,ask_size_1,bid_price_1,bid_size_1,ask_price_2,ask_size_2,bid_price_2,bid_size_2,ask_price_3,ask_size_3,bid_price_3,bid_size_3,ask_price_4,ask_size_4,bid_price_4,bid_size_4,ask_price_5,ask_size_5,bid_price_5,bid_size_5,ask_price_6,ask_size_6,bid_price_6,bid_size_6,ask_price_7,ask_size_7,bid_price_7,bid_size_7,ask_price_8,ask_size_8,bid_price_8,bid_size_8,ask_price_9,ask_size_9,bid_price_9,bid_size_9,ask_price_10,ask_size_10,bid_price_10,bid_size_10
2019-06-28 09:30:00.000000002,100051,100,100040,100,100175,100,,,,,,,,,,,,,,,,,,,,,,,,,,,,,,,,,,
2019-06-28 09:30:00.000000004,100051,100,100040,100,100069,100,100039,100,100175,100,,,,,,,,,,,,,,,,,,,,,,,,,,,,,,
2019-06-28 09:30:00.000000007,100069,100,100040,100,100175,100,100039,100,,,,,,,,,,,,,,,,,,,,,,,,,,,,,,,,
2019-06-28 09:30:00.000000009,100069,100,100040,100,100124,100,100039,100,100175,100,99954,100,,,,,,,,,,,,,,,,,,,,,,,,,,,,
2019-06-28 09:30:00.000000011,100069,100,100040,100,100124,100,100039,100,100175,100,99996,100,,,99954,100,,,,,,,,,,,,,,,,,,,,,,,,
2019-06-28 09:30:00.000000012,100069,100,100040,100,100124,100,100039,100,100135,100,99996,100,100175,100,99954,100,,,,,,,,,,,,,,,,,,,,,,,,
2019-06-28 09:30:00.000000013,100069,100,100040,100,100124,100,100039,100,100135,100,99996,100,100175,100,99954,100,,,99935,100,,,,,,,,,,,,,,,,,,,,
2019-06-28 09:30:00.000000016,100069,100,100040,100,100091,100,100039,100,100124,100,99996,100,100135,100,99954,100,100175,100,99935,100,,,,,,,,,,,,,,,,,,,,
2019-06-28 09:30:00.000000018,100064,100,100040,100,100069,100,100039,100,100091,100,99996,100,100124,100,99954,100,100135,100,99935,100,100175,100,,,,,,,,,,,,,,,,,,
2019-06-28 09:30:00.000000019,100064,100,100040,100,100069,100,100039,100,100091,100,99996,100,100124,100,99954,100,100135,100,99935,100,100147,100,,,100175,100,,,,,,,,,,,,,,
2019-06-28 09:30:00.000000020,100064,100,100040,100,100069,100,100039,100,100091,100,99996,100,100124,100,99954,100,100135,100,99935,100,100147,100,99863,100,100175,100,,,,,,,,,,,,,,
2019-06-28 09:30:00.000000022,100064,100,100039,100,100069,100,99996,100,100091,100,99954,100,100119,100,99935,100,100124,100,99863,100,100135,100,,,100147,100,,,100175,100,,,,,,,,,,
2019-06-28 09:30:00.000000024,100050,100,99996,100,100064,100,99954,100,100069,100,99935,100,100091,100,99863,100,100119,100,,,100124,100,,,100135,100,,,100147,100,,,100175,100,,,,,,
2019-06-28 09:30:00.000000025,100050,100,99996,100,100064,100,99954,100,100069,100,99935,100,100091,100,99863,100,100119,100,,,100124,100,,,100135,100,,,100138,100,,,100147,100,,,100175,100,,
2019-06-28 09:30:00.000000026,100050,100,99996,100,100064,100,99987,100,100069,100,99954,100,100091,100,99935,100,100119,100,99870,100,100124,100,99863,100,100135,100,,,100138,100,,,100147,100,,,100175,100,,
2019-06-28 09:30:00.000000028,100039,100,99996,100,100050,100,99987,100,100064,100,99954,100,100069,100,99935,100,100091,100,99870,100,100119,100,99863,100,100124,100,,,100135,100,,,100138,100,,,100147,100,,
2019-06-28 09:30:00.000000029,100039,100,99996,100,100050,100,99987,100,100064,100,99954,100,100069,100,99935,100,100091,100,99912,100,100119,100,99870,100,100124,100,99863,100,100135,100,,,100138,100,,,100147,100,,
2019-06-28 09:30:00.000000030,100039,100,99996,100,100050,100,99987,100,100064,100,99954,100,100069,100,99935,100,100091,100,99912,100,100119,100,99877,100,100124,100,99870,100,100135,100,99863,100,100138,100,,,100147,100,,
2019-06-28 09:30:00.000000034,100039,100,99996,100,100050,100,99987,100,100064,100,99954,100,100069,100,99935,100,100083,100,99912,100,100091,100,99877,100,100119,100,99870,100,100124,100,99866,100,100135,100,99863,100,100138,100,,
2019-06-28 09:30:00.000000035,100039,100,99996,100,100040,100,99987,100,100050,100,99954,100,100064,100,99935,100,100069,100,99917,100,100083,100,99912,100,100091,100,99877,100,100119,100,99870,100,100124,100,99866,100,100135,100,99863,100
2019-06-28 09:30:00.000000038,100039,100,99996,100,100040,100,99987,100,100050,100,99984,100,100064,100,99954,100,100069,100,99935,100,100083,100,99917,100,100091,100,99912,100,100119,100,99877,100,100124,100,99870,100,100135,100,99866,100
2019-06-28 09:30:00.000000043,100034,100,99996,100,100039,100,99987,100,100040,200,99984,100,100050,100,99954,100,100064,100,99935,100,100069,100,99917,100,100083,100,99912,100,100091,100,99877,100,100119,100,99870,100,100124,100,99866,100
2019-06-28 09:30:00.000000046,100034,100,99996,100,100039,100,99991,100,100040,200,99987,100,100050,100,99984,100,100064,100,99954,100,100069,100,99935,100,100073,100,99917,100,100083,100,99912,100,100091,100,99877,100,100119,100,99870,100
2019-06-28 09:30:00.000000048,100034,100,99996,100,100039,100,99991,100,100040,200,99987,100,100050,100,99984,100,100064,100,99954,100,100069,100,99935,100,100073,100,99917,100,100083,100,99912,100,100091,100,99877,100,100116,100,99870,100
2019-06-28 09:30:00.000000050,100034,100,99996,100,100039,100,99991,100,100040,200,99987,100,100050,100,99984,100,100064,100,99954,100,100069,100,99935,100,100073,100,99917,100,100083,100,99912,100,100091,100,99877,100,100116,100,99870,100
2019-06-28 09:30:00.000000051,100034,100,99996,100,100039,100,99991,100,100040,300,99987,100,100050,100,99984,100,100064,100,99954,100,100069,100,99946,100,100073,100,99935,100,100083,100,99917,100,100091,100,99912,100,100116,100,99877,100
2019-06-28 09:30:00.000000056,100034,100,99996,100,100039,100,99991,100,100040,300,99987,100,100050,100,99984,100,100064,100,99954,100,100069,100,99946,100,100073,100,99935,100,100083,100,99932,100,100091,100,99917,100,100116,100,99912,100
2019-06-28 09:30:00.000000060,100034,100,99996,100,100039,100,99991,100,100040,300,99987,100,100050,100,99984,100,100064,100,99954,100,100069,100,99946,100,100073,100,99935,100,100083,100,99932,100,100091,100,99924,100,100116,100,99917,100
2019-06-28 09:30:00.000000066,100034,100,99996,100,100039,100,99991,100,100040,300,99987,100,100050,100,99984,100,100064,100,99954,100,100069,100,99946,100,100073,100,99942,100,100083,100,99935,100,100091,100,99932,100,100116,100,99924,100
2019-06-28 09:30:00.000000068,100034,100,99996,100,100039,100,99991,100,100040,400,99987,100,100050,100,99984,100,100064,100,99954,100,100069,100,99946,100,100073,100,99942,100,100083,100,99935,100,100091,100,99932,100,100116,100,99924,100
2019-06-28 09:30:00.000000069,100034,100,99991,100,100035,100,99987,100,100039,100,99984,100,100040,400,99975,100,100050,100,99954,100,100064,100,99946,100,100069,100,99942,100,100073,100,99935,100,100083,100,99932,100,100091,100,99924,100
2019-06-28 09:30:00.000000072,100034,100,99991,100,100035,100,99987,100,100039,100,99984,100,100040,400,99975,100,100050,100,99960,100,100064,100,99954,100,100069,100,99946,100,100073,100,99942,100,100083,100,99935,100,100091,100,99932,100
2019-06-28 09:30:00.000000076,100034,100,99987,100,100035,100,99984,100,100039,100,99975,100,100040,400,99960,100,100050,100,99954,100,100064,100,99946,100,100069,100,99942,100,100073,100,99935,100,100083,100,99932,100,100091,100,99924,100
2019-06-28 09:30:00.000000078,99996,100,99991,100,100034,100,99987,100,100035,100,99984,100,100039,100,99975,100,100040,400,99960,100,100050,100,99954,100,100064,100,99946,100,100069,100,99942,100,100073,100,99935,100,100083,100,99932,100
2019-06-28 09:30:00.000000080,99996,100,99991,100,100034,100,99987,100,100035,100,99984,100,100039,100,99975,100,100040,400,99960,100,100050,100,99954,100,100064,100,99946,100,100069,100,99942,100,100073,100,99935,100,100083,100,99932,100
2019-06-28 09:30:00.000000083,99996,100,99991,100,100034,100,99987,100,100035,100,99984,100,100039,100,99975,100,100040,400,99960,100,100050,100,99954,100,100064,100,99946,100,100069,100,99942,100,100073,100,99935,100,100083,100,99932,100
2019-06-28 09:30:00.000000087,99996,100,99991,100,100031,100,99987,100,100034,100,99984,100,100035,100,99975,100,100039,100,99960,100,100040,400,99954,100,100050,100,99946,100,100064,100,99942,100,100069,100,99935,100,100073,100,99932,100
2019-06-28 09:30:00.000000089,99996,100,99991,100,100031,100,99987,100,100034,100,99984,100,100035,100,99975,100,100039,100,99960,100,100040,400,99954,100,100050,100,99949,100,100064,100,99946,100,100069,100,99942,100,100073,100,99935,100
2019-06-28 09:30:00.000000090,99996,100,99991,100,100031,100,99987,100,100034,100,99984,100,100035,100,99975,100,100039,100,99960,100,100040,400,99954,100,100050,100,99949,100,100064,100,99946,100,100069,100,99942,100,100073,100,99939,100
2019-06-28 09:30:00.000000091,99996,100,99991,100,100031,100,99987,100,100034,100,99984,100,100035,100,99975,100,100039,100,99960,100,100040,400,99954,100,100050,100,99949,100,100064,100,99946,100,100067,100,99942,100,100069,100,99939,100
2019-06-28 09:30:00.000000092,99996,100,99991,200,100031,100,99987,100,100034,100,99984,100,100035,100,99975,100,100039,100,99960,100,100040,400,99954,100,100050,100,99949,100,100064,100,99946,100,100067,100,99942,100,100069,100,99939,100
2019-06-28 09:30:00.000000093,99996,200,99991,200,100031,100,99987,100,100034,100,99984,100,100035,100,99975,100,100039,100,99960,100,100040,400,99954,100,100050,100,99949,100,100064,100,99946,100,100067,100,99942,100,100069,100,99939,100
2019-06-28 09:30:00.000000097,99996,300,99991,200,100031,100,99987,100,100034,100,99984,100,100035,100,99975,100,100039,100,99960,100,100040,400,99954,100,100050,100,99949,100,100064,100,99946,100,100067,100,99942,100,100069,100,99939,100
2019-06-28 09:30:00.000000098,99996,300,99991,200,100031,100,99987,100,100034,100,99984,100,100035,100,99975,100,100039,100,99960,100,100040,400,99954,100,100050,100,99949,100,100064,100,99946,100,100067,100,99942,100,100069,100,99939,100
2019-06-28 09:30:02.229446147,99996,300,99991,200,100031,100,99987,100,100034,100,99984,100,100035,100,99975,100,100039,100,99960,100,100040,400,99954,100,100050,100,99949,100,100064,100,99946,100,100067,100,99942,100,100069,100,99939,100
2019-06-28 09:30:02.492826354,99996,300,99991,200,100031,100,99987,100,100034,100,99984,100,100035,100,99975,100,100039,100,99960,100,100040,400,99954,100,100050,100,99949,100,100064,100,99946,100,100066,100,99942,100,100067,100,99939,100
2019-06-28 09:30:07.235011580,99996,300,99991,200,100031,100,99987,100,100034,100,99984,100,100035,100,99975,100,100039,100,99960,100,100040,400,99954,100,100050,100,99949,100,100064,100,99946,100,100066,100,99942,100,100067,100,99939,100
2019-06-28 09:30:10.000000000,99996,352,99991,252,100031,152,99987,152,100034,152,99984,152,100035,152,99975,152,100039,152,99960,152,100040,400,99954,100,100050,100,99949,100,100064,100,99946,100,100066,100,99942,100,100067,100,99939,100
2019-06-28 09:30:20.000000000,99996,558,99991,458,100031,100,99987,100,100034,100,99984,100,100035,100,99975,100,100039,100,99960,100,100040,400,99954,100,100050,100,99949,100,100064,100,99946,100,100066,100,99942,100,100067,100,99939,100
2019-06-28 09:30:20.594328185,99996,458,99991,458,100031,100,99987,100,100034,100,99984,100,100035,100,99975,100,100039,100,99960,100,100040,400,99954,100,100050,100,99949,100,100064,100,99946,100,100066,100,99942,100,100067,100,99939,100
2019-06-28 09:30:30.000000000,99996,458,99991,458,100031,100,99987,100,100034,100,99984,100,100035,100,99975,100,100039,100,99960,100,100040,400,99954,100,100050,100,99949,100,100064,100,99946,100,100066,100,99942,100,100067,100,99939,100
2019-06-28 09:30:36.114089704,99996,358,99991,458,100031,100,99987,100,100034,100,99984,100,100039,100,99975,100,100040,400,99960,100,100050,100,99954,100,100064,100,99949,100,100066,100,99946,100,100067,100,99942,100,100069,100,99939,100
2019-06-28 09:30:40.000000000,99996,152,99991,252,100031,152,99987,152,100034,152,99984,152,100039,152,99975,152,100040,452,99960,152,100050,100,99954,100,100064,100,99949,100,100066,100,99946,100,100067,100,99942,100,100069,100,99939,100
2019-06-28 09:30:49.992385059,99996,152,99991,252,100031,152,99987,152,100034,152,99984,152,100039,152,99975,152,100040,452,99960,152,100050,100,99954,100,100064,100,99949,100,100066,100,99946,100,100067,100,99942,100,100069,100,99939,100
2019-06-28 09:30:50.000000000,99996,164,99991,264,100031,164,99987,164,100034,164,99984,164,100039,164,99975,164,100040,400,99960,100,100050,100,99954,100,100064,100,99949,100,100066,100,99946,100,100067,100,99942,100,100069,100,99939,100
2019-06-28 09:31:00.000000000,99996,229,99991,329,100031,229,99987,229,100034,100,99984,100,100039,100,99975,100,100040,400,99960,100,100050,100,99954,100,100064,100,99949,100,100066,100,99946,100,100067,100,99942,100,100069,100,99939,100
2019-06-28 09:31:10.000000000,99996,229,99991,329,100031,229,99987,229,100034,100,99984,100,100039,100,99975,100,100040,400,99960,100,100050,100,99954,100,100064,100,99949,100,100066,100,99946,100,100067,100,99942,100,100069,100,99939,100
2019-06-28 09:31:20.000000000,99996,164,99991,264,100031,164,99987,164,100034,164,99984,164,100039,164,99975,164,100040,400,99960,100,100050,100,99954,100,100064,100,99949,100,100066,100,99946,100,100067,100,99942,100,100069,100,99939,100
2019-06-28 09:31:29.857939383,99996,164,99991,264,100031,164,99987,164,100034,164,99984,164,100039,164,99975,164,100040,400,99960,100,100050,100,99954,100,100064,100,99949,100,100066,100,99946,100,100067,100,99942,100,100069,100,99939,100
2019-06-28 09:31:30.000000000,99996,152,99991,252,100031,152,99987,152,100034,152,99984,152,100039,152,99975,152,100040,452,99960,152,100050,100,99954,100,100064,100,99949,100,100066,100,99946,100,100067,100,99942,100,100069,100,99939,100
2019-06-28 09:31:40.000000000,99996,229,99991,329,100031,229,99987,229,100034,100,99984,100,100039,100,99975,100,100040,400,99960,100,100050,100,99954,100,100064,100,99949,100,100066,100,99946,100,100067,100,99942,100,100069,100,99939,100
2019-06-28 09:31:50.000000000,99996,229,99991,329,100031,229,99987,229,100034,100,99984,100,100039,100,99975,100,100040,400,99960,100,100050,100,99954,100,100064,100,99949,100,100066,100,99946,100,100067,100,99942,100,100069,100,99939,100
2019-06-28 09:32:00.000000000,99996,152,99991,252,100031,152,99987,152,100034,152,99984,152,100039,152,99975,152,100040,452,99960,152,100050,100,99954,100,100064,100,99949,100,100066,100,99946,100,100067,100,99942,100,100069,100,99939,100
2019-06-28 09:32:10.000000000,99996,229,99991,329,100031,229,99987,229,100034,100,99984,100,100039,100,99975,100,100040,400,99960,100,100050,100,99954,100,100064,100,99949,100,100066,100,99946,100,100067,100,99942,100,100069,100,99939,100
2019-06-28 09:32:18.516140372,99996,229,99991,229,100031,229,99987,229,100034,100,99984,100,100039,100,99975,100,100040,400,99960,100,100050,100,99954,100,100064,100,99949,100,100066,100,99946,100,100067,100,99942,100,100069,100,99939,100
2019-06-28 09:32:20.000000000,99996,152,99991,152,100031,152,99987,152,100034,152,99984,152,100039,152,99975,152,100040,452,99960,152,100050,100,99954,100,100064,100,99949,100,100066,100,99946,100,100067,100,99942,100,100069,100,99939,100
2019-06-28 09:32:30.000000000,99996,229,99991,229,100031,229,99987,229,100034,100,99984,100,100039,100,99975,100,100040,400,99960,100,100050,100,99954,100,100064,100,99949,100,100066,100,99946,100,100067,100,99942,100,100069,100,99939,100
2019-06-28 09:32:31.443926487,99996,229,99991,229,100031,229,99987,229,100034,100,99984,100,100039,100,99975,100,100040,400,99960,100,100050,100,99954,100,100064,100,99949,100,100066,100,99946,100,100067,100,99939,100,100069,100,99935,100
2019-06-28 09:32:40.000000000,99996,164,99991,164,100031,164,99987,164,100034,164,99984,164,100039,164,99975,164,100040,400,99960,100,100050,100,99954,100,100064,100,99949,100,100066,100,99946,100,100067,100,99939,100,100069,100,99935,100
2019-06-28 09:32:50.000000000,99996,358,99991,358,100031,100,99987,100,100034,100,99984,100,100039,100,99975,100,100040,400,99960,100,100050,100,99954,100,100064,100,99949,100,100066,100,99946,100,100067,100,99939,100,100069,100,99935,100
2019-06-28 09:32:58.313404453,99996,358,99991,358,100031,100,99987,100,100034,100,99984,100,100039,100,99975,100,100040,400,99960,100,100050,100,99954,100,100064,100,99949,100,100066,100,99946,100,100067,100,99939,100,100069,100,99935,100
2019-06-28 09:33:00.000000000,99996,229,99991,229,100031,229,99987,229,100034,100,99984,100,100039,100,99975,100,100040,400,99960,100,100050,100,99954,100,100064,100,99949,100,100066,100,99946,100,100067,100,99939,100,100069,100,99935,100
2019-06-28 09:33:08.426206349,99995,100,99991,229,99996,229,99987,229,100031,229,99984,100,100034,100,99975,100,100039,100,99960,100,100040,400,99954,100,100050,100,99949,100,100064,100,99946,100,100066,100,99939,100,100067,100,99935,100
2019-06-28 09:33:08.531757951,99995,100,99991,129,99996,229,99987,229,100031,229,99984,100,100034,100,99975,100,100039,100,99960,100,100040,400,99954,100,100050,100,99949,100,100064,100,99946,100,100066,100,99939,100,100067,100,99935,100
2019-06-28 09:33:10.000000000,99995,229,99987,229,99996,229,99984,229,100031,100,99975,100,100034,100,99960,100,100039,100,99954,100,100040,400,99949,100,100050,100,99946,100,100064,100,99939,100,100066,100,99935,100,100067,100,99932,100
2019-06-28 09:33:18.927668566,99994,100,99987,229,99995,229,99984,229,99996,229,99975,100,100031,100,99960,100,100034,100,99954,100,100039,100,99949,100,100040,400,99946,100,100050,100,99939,100,100064,100,99935,100,100066,100,99932,100
2019-06-28 09:33:20.000000000,99994,358,99987,358,99995,100,99984,100,99996,100,99975,100,100031,100,99960,100,100034,100,99954,100,100039,100,99949,100,100040,400,99946,100,100050,100,99939,100,100064,100,99935,100,100066,100,99932,100
2019-06-28 09:33:21.581079950,99994,358,99987,358,99995,100,99984,100,99996,100,99975,100,100031,100,99960,100,100034,100,99954,100,100039,100,99949,100,100040,400,99946,100,100050,100,99939,100,100064,100,99935,100,100066,100,99932,100
2019-06-28 09:33:29.591119325,99994,458,99987,358,99995,100,99984,100,99996,100,99975,100,100031,100,99960,100,100034,100,99954,100,100039,100,99949,100,100040,400,99946,100,100050,100,99939,100,100064,100,99935,100,100066,100,99932,100
2019-06-28 09:33:30.000000000,99994,458,99987,358,99995,100,99984,100,99996,100,99975,100,100031,100,99960,100,100034,100,99954,100,100039,100,99949,100,100040,400,99946,100,100050,100,99939,100,100064,100,99935,100,100066,100,99932,100
2019-06-28 09:33:39.057943524,99994,458,99987,258,99995,100,99984,100,99996,100,99975,100,100031,100,99960,100,100034,100,99954,100,100039,100,99949,100,100040,400,99946,100,100050,100,99939,100,100064,100,99935,100,100066,100,99932,100
2019-06-28 09:33:40.000000000,99994,329,99984,229,99995,229,99975,229,99996,100,99960,100,100031,100,99954,100,100034,100,99949,100,100039,100,99946,100,100040,400,99939,100,100050,100,99935,100,100064,100,99932,100,100066,100,99924,100
2019-06-28 09:33:41.327981898,99994,329,99984,129,99995,229,99975,229,99996,100,99960,100,100031,100,99954,100,100034,100,99949,100,100039,100,99946,100,100040,400,99939,100,100050,100,99935,100,100064,100,99932,100,100066,100,99924,100
2019-06-28 09:33:50.000000000,99994,458,99975,358,99995,100,99960,100,99996,100,99954,100,100031,100,99949,100,100034,100,99946,100,100039,100,99939,100,100040,400,99935,100,100050,100,99932,100,100064,100,99924,100,100066,100,99917,100
2019-06-28 09:33:52.041220096,99994,458,99975,258,99995,100,99960,100,99996,100,99954,100,100031,100,99949,100,100034,100,99946,100,100040,400,99939,100,100050,100,99935,100,100064,100,99932,100,100066,100,99924,100,100067,100,99917,100
2019-06-28 09:33:53.604086266,99994,458,99975,258,99995,100,99960,100,99996,100,99954,100,100031,100,99949,100,100034,100,99946,100,100040,400,99939,100,100050,100,99935,100,100064,100,99932,100,100066,100,99924,100,100067,100,99917,100
2019-06-28 09:34:00.000000000,99994,329,99960,229,99995,229,99954,229,99996,100,99949,100,100031,100,99946,100,100034,100,99939,100,100040,400,99935,100,100050,100,99932,100,100064,100,99924,100,100066,100,99917,100,100067,100,99912,200
2019-06-28 09:34:10.000000000,99994,252,99960,152,99995,152,99954,152,99996,152,99949,152,100031,152,99946,152,100034,152,99939,152,100040,400,99935,100,100050,100,99932,100,100064,100,99924,100,100066,100,99917,100,100067,100,99912,200
2019-06-28 09:34:10.846187821,99994,252,99960,152,99995,152,99954,152,99996,152,99949,152,100031,152,99946,152,100034,152,99939,152,100040,400,99935,100,100050,100,99932,100,100064,100,99924,100,100066,100,99917,100,100067,100,99912,200
2019-06-28 09:34:15.269079699,99994,252,99960,52,99995,152,99954,152,99996,152,99949,152,100031,152,99946,152,100034,152,99939,152,100040,400,99935,100,100050,100,99932,100,100064,100,99924,100,100066,100,99917,100,100067,100,99912,200
2019-06-28 09:34:20.000000000,99994,252,99954,152,99995,152,99949,152,99996,152,99946,152,100031,152,99939,152,100034,152,99935,152,100040,400,99932,100,100050,100,99924,100,100064,100,99917,100,100066,100,99912,200,100067,100,99907,100
2019-06-28 09:34:29.743490281,99975,100,99954,152,99994,152,99949,152,99995,152,99946,152,99996,152,99939,152,100031,152,99935,152,100034,152,99932,100,100040,400,99924,100,100050,100,99917,100,100064,100,99912,200,100066,100,99907,100
2019-06-28 09:34:30.000000000,99975,164,99954,164,99994,164,99949,164,99995,164,99946,164,99996,164,99939,164,100031,100,99935,100,100034,100,99932,100,100040,400,99924,100,100050,100,99917,100,100064,100,99912,200,100066,100,99907,100
2019-06-28 09:34:40.000000000,99975,164,99954,164,99994,164,99949,164,99995,164,99946,164,99996,164,99939,164,100031,100,99935,100,100034,100,99932,100,100040,400,99924,100,100050,100,99917,100,100064,100,99912,200,100066,100,99907,100
2019-06-28 09:34:50.000000000,99975,188,99954,188,99994,185,99949,185,99995,185,99946,185,99996,100,99939,100,100031,100,99935,100,100034,100,99932,100,100040,400,99924,100,100050,100,99917,100,100064,100,99912,200,100066,100,99907,100
2019-06-28 09:34:51.193125379,99975,188,99954,188,99994,185,99949,185,99995,185,99946,185,99996,100,99939,100,100031,100,99935,100,100034,100,99932,100,100040,400,99924,100,100048,100,99917,100,100050,100,99912,200,100064,100,99907,100
2019-06-28 09:34:53.318514731,99975,288,99954,188,99994,185,99949,185,99995,185,99946,185,99996,100,99939,100,100031,100,99935,100,100034,100,99932,100,100040,400,99924,100,100048,100,99917,100,100050,100,99912,200,100064,100,99907,100
2019-06-28 09:35:00.000000000,99975,252,99954,152,99994,152,99949,152,99995,152,99946,152,99996,152,99939,152,100031,152,99935,152,100034,100,99932,100,100040,400,99924,100,100048,100,99917,100,100050,100,99912,200,100064,100,99907,100
2019-06-28 09:35:00.546348330,99975,252,99954,52,99994,152,99949,152,99995,152,99946,152,99996,152,99939,152,100031,152,99935,152,100034,100,99932,100,100040,400,99924,100,100048,100,99917,100,100050,100,99912,200,100064,100,99907,100
2019-06-28 09:35:04.962170639,99975,252,99954,52,99994,152,99949,152,99995,152,99946,152,99996,152,99939,152,100031,152,99935,152,100034,100,99932,100,100040,400,99924,100,100048,100,99917,100,100050,100,99912,200,100064,100,99907,100
2019-06-28 09:35:10.000000000,99975,264,99949,164,99994,164,99946,164,99995,164,99939,164,99996,164,99935,164,100031,100,99932,100,100034,100,99924,100,100040,400,99917,100,100048,100,99912,200,100050,100,99907,100,100064,100,99889,100
2019-06-28 09:35:20.000000000,99975,252,99949,152,99994,152,99946,152,99995,152,99939,152,99996,152,99935,152,100031,152,99932,152,100034,100,99924,100,100040,400,99917,100,100048,100,99912,200,100050,100,99907,100,100064,100,99889,100
2019-06-28 09:35:30.000000000,99975,288,99949,188,99994,185,99946,185,99995,185,99939,185,99996,100,99935,100,100031,100,99932,100,100034,100,99924,100,100040,400,99917,100,100048,100,99912,200,100050,100,99907,100,100064,100,99889,100
2019-06-28 09:35:31.600385205,99975,288,99949,88,99994,185,99946,185,99995,185,99939,185,99996,100,99935,100,100031,100,99932,100,100034,100,99924,100,100040,400,99917,100,100048,100,99912,200,100050,100,99907,100,100064,100,99889,100
2019-06-28 09:35:40.000000000,99975,252,99946,152,99994,152,99939,152,99995,152,99935,152,99996,152,99932,152,100031,152,99924,152,100034,100,99917,100,100040,400,99912,200,100048,100,99907,100,100050,100,99889,100,100064,100,99866,100
2019-06-28 09:35:50.000000000,99975,288,99946,188,99994,185,99939,185,99995,185,99935,185,99996,100,99932,100,100031,100,99924,100,100034,100,99917,100,100040,400,99912,200,100048,100,99907,100,100050,100,99889,100,100064,100,99866,100
2019-06-28 09:36:00.000000000,99975,288,99946,188,99994,185,99939,185,99995,185,99935,185,99996,100,99932,100,100031,100,99924,100,100034,100,99917,100,100040,400,99912,200,100048,100,99907,100,100050,100,99889,100,100064,100,99866,100
2019-06-28 09:36:04.037830494,99975,288,99946,188,99994,185,99939,185,99995,185,99935,185,99996,100,99932,100,100031,100,99924,100,100034,100,99917,100,100040,400,99912,200,100048,100,99907,100,100050,100,99889,100,100064,100,99866,100
2019-06-28 09:36:10.000000000,99975,458,99946,358,99994,100,99939,100,99995,100,99935,100,99996,100,99932,100,100031,100,99924,100,100034,100,99917,100,100040,400,99912,200,100048,100,99907,100,100050,100,99889,100,100064,100,99866,100
2019-06-28 09:36:20.000000000,99975,329,99946,229,99994,229,99939,229,99995,100,99935,100,99996,100,99932,100,100031,100,99924,100,100034,100,99917,100,100040,400,99912,200,100048,100,99907,100,100050,100,99889,100,100064,100,99866,100
2019-06-28 09:36:30.000000000,99975,458,99946,358,99994,100,99939,100,99995,100,99935,100,99996,100,99932,100,100031,100,99924,100,100034,100,99917,100,100040,400,99912,200,100048,100,99907,100,100050,100,99889,100,100064,100,99866,100
2019-06-28 09:36:30.786628676,99975,458,99946,358,99994,100,99939,100,99995,100,99935,100,100031,100,99932,100,100034,100,99924,100,100040,400,99917,100,100048,100,99912,200,100050,100,99907,100,100064,100,99889,100,100066,100,99866,100
2019-06-28 09:36:40.000000000,99975,288,99946,188,99994,185,99939,185,99995,185,99935,185,100031,100,99932,100,100034,100,99924,100,100040,400,99917,100,100048,100,99912,200,100050,100,99907,100,100064,100,99889,100,100066,100,99866,100
2019-06-28 09:36:41.958704820,99975,288,99955,100,99994,185,99946,188,99995,185,99939,185,100031,100,99935,185,100034,100,99932,100,100040,400,99924,100,100048,100,99917,100,100050,100,99912,200,100064,100,99907,100,100066,100,99889,100
2019-06-28 09:36:48.171935889,99975,288,99955,100,99994,185,99946,188,99995,185,99939,185,100031,100,99935,185,100034,100,99932,100,100040,400,99924,100,100048,100,99917,100,100050,100,99912,200,100064,100,99907,100,100066,100,99889,100
2019-06-28 09:36:48.586636682,99975,288,99955,100,99994,185,99946,188,99995,185,99939,185,100031,100,99935,185,100034,100,99932,100,100040,400,99931,100,100048,100,99924,100,100050,100,99917,100,100064,100,99912,200,100066,100,99907,100
2019-06-28 09:36:50.000000000,99975,288,99955,188,99994,185,99946,185,99995,185,99939,185,100031,100,99935,100,100034,100,99932,100,100040,400,99931,100,100048,100,99924,100,100050,100,99917,100,100064,100,99912,200,100066,100,99907,100
2019-06-28 09:36:53.812364312,99975,288,99955,188,99994,185,99946,185,99995,185,99939,185,100017,100,99935,100,100031,100,99932,100,100034,100,99931,100,100040,400,99924,100,100048,100,99917,100,100050,100,99912,200,100064,100,99907,100
2019-06-28 09:37:00.000000000,99975,264,99955,164,99994,164,99946,164,99995,164,99939,164,100017,164,99935,164,100031,100,99932,100,100034,100,99931,100,100040,400,99924,100,100048,100,99917,100,100050,100,99912,200,100064,100,99907,100
2019-06-28 09:37:01.636556696,99975,264,99955,264,99994,164,99946,164,99995,164,99939,164,100017,164,99935,164,100031,100,99932,100,100034,100,99931,100,100040,400,99924,100,100048,100,99917,100,100050,100,99912,200,100064,100,99907,100
2019-06-28 09:37:05.248866909,99975,264,99955,264,99994,164,99946,164,99995,164,99939,164,100017,164,99935,164,100031,100,99932,100,100034,100,99931,100,100040,400,99924,100,100048,100,99917,100,100050,100,99912,200,100064,100,99907,100
2019-06-28 09:37:10.000000000,99975,288,99955,288,99994,185,99946,185,99995,185,99939,185,100017,100,99935,100,100031,100,99932,100,100034,100,99931,100,100040,400,99924,100,100048,100,99917,100,100050,100,99912,200,100064,100,99907,100
2019-06-28 09:37:18.637560958,99975,288,99955,388,99994,185,99946,185,99995,185,99939,185,100017,100,99935,100,100031,100,99932,100,100034,100,99931,100,100040,400,99924,100,100048,100,99917,100,100050,100,99912,200,100064,100,99907,100
2019-06-28 09:37:20.000000000,99975,288,99955,388,99994,185,99946,185,99995,185,99939,185,100017,100,99935,100,100031,100,99932,100,100034,100,99931,100,100040,400,99924,100,100048,100,99917,100,100050,100,99912,200,100064,100,99907,100
2019-06-28 09:37:26.326964159,99975,288,99955,488,99994,185,99946,185,99995,185,99939,185,100017,100,99935,100,100031,100,99932,100,100034,100,99931,100,100040,400,99924,100,100048,100,99917,100,100050,100,99912,200,100064,100,99907,100
2019-06-28 09:37:30.000000000,99975,264,99955,464,99994,164,99946,164,99995,164,99939,164,100017,164,99935,164,100031,100,99932,100,100034,100,99931,100,100040,400,99924,100,100048,100,99917,100,100050,100,99912,200,100064,100,99907,100
2019-06-28 09:37:40.000000000,99975,288,99955,488,99994,185,99946,185,99995,185,99939,185,100017,100,99935,100,100031,100,99932,100,100034,100,99931,100,100040,400,99924,100,100048,100,99917,100,100050,100,99912,200,100064,100,99907,100
2019-06-28 09:37:50.000000000,99975,252,99955,452,99994,152,99946,152,99995,152,99939,152,100017,152,99935,152,100031,152,99932,152,100034,100,99931,100,100040,400,99924,100,100048,100,99917,100,100050,100,99912,200,100064,100,99907,100
2019-06-28 09:38:00.000000000,99975,252,99955,452,99994,152,99946,152,99995,152,99939,152,100017,152,99935,152,100031,152,99932,152,100034,100,99931,100,100040,400,99924,100,100048,100,99917,100,100050,100,99912,200,100064,100,99907,100
2019-06-28 09:38:09.041699566,99975,152,99955,452,99994,152,99946,152,99995,152,99939,152,100017,152,99935,152,100031,152,99932,152,100034,100,99931,100,100040,400,99924,100,100048,100,99917,100,100050,100,99912,200,100064,100,99907,100
2019-06-28 09:38:10.000000000,99975,229,99955,529,99994,229,99946,229,99995,100,99939,100,100017,100,99935,100,100031,100,99932,100,100034,100,99931,100,100040,400,99924,100,100048,100,99917,100,100050,100,99912,200,100064,100,99907,100
2019-06-28 09:38:18.328674177,99975,229,99955,529,99994,229,99946,229,99995,100,99939,100,100017,100,99935,100,100031,100,99932,100,100034,100,99931,100,100040,400,99924,100,100048,100,99917,100,100050,100,99912,200,100064,100,99907,100
2019-06-28 09:38:20.000000000,99975,358,99955,658,99994,100,99946,100,99995,100,99939,100,100017,100,99935,100,100031,100,99932,100,100034,100,99931,100,100040,400,99924,100,100048,100,99917,100,100050,100,99912,200,100064,100,99907,100
2019-06-28 09:38:22.426822797,99975,358,99956,100,99994,100,99955,658,99995,100,99946,100,100017,100,99939,100,100031,100,99935,100,100034,100,99932,100,100040,300,99931,100,100048,100,99924,100,100050,100,99917,100,100064,100,99912,200
2019-06-28 09:38:26.925828614,99975,358,99956,100,99994,100,99955,658,99995,100,99946,100,100017,100,99939,100,100031,100,99935,100,100034,100,99932,100,100040,300,99931,100,100048,100,99924,100,100050,100,99917,100,100064,100,99912,200
2019-06-28 09:38:30.000000000,99975,152,99956,152,99994,152,99955,452,99995,152,99946,152,100017,152,99939,152,100031,152,99935,152,100034,100,99932,100,100040,300,99931,100,100048,100,99924,100,100050,100,99917,100,100064,100,99912,200
2019-06-28 09:38:40.000000000,99975,188,99956,188,99994,185,99955,485,99995,185,99946,185,100017,100,99939,100,100031,100,99935,100,100034,100,99932,100,100040,300,99931,100,100048,100,99924,100,100050,100,99917,100,100064,100,99912,200
2019-06-28 09:38:50.000000000,99975,152,99956,152,99994,152,99955,452,99995,152,99946,152,100017,152,99939,152,100031,152,99935,152,100034,100,99932,100,100040,300,99931,100,100048,100,99924,100,100050,100,99917,100,100064,100,99912,200
2019-06-28 09:39:00.000000000,99975,152,99956,152,99994,152,99955,452,99995,152,99946,152,100017,152,99939,152,100031,152,99935,152,100034,100,99932,100,100040,300,99931,100,100048,100,99924,100,100050,100,99917,100,100064,100,99912,200
2019-06-28 09:39:10.000000000,99975,152,99956,152,99994,152,99955,452,99995,152,99946,152,100017,152,99939,152,100031,152,99935,152,100034,100,99932,100,100040,300,99931,100,100048,100,99924,100,100050,100,99917,100,100064,100,99912,200
2019-06-28 09:39:18.728947767,99975,152,99956,152,99994,152,99955,452,99995,152,99946,152,100017,152,99939,152,100031,152,99935,152,100034,100,99932,100,100040,300,99931,100,100048,100,99924,100,100050,100,99917,100,100064,100,99912,200
2019-06-28 09:39:20.000000000,99975,188,99956,188,99994,185,99955,485,99995,185,99946,185,100017,100,99939,100,100031,100,99935,100,100034,100,99932,100,100040,300,99931,100,100048,100,99924,100,100050,100,99917,100,100064,100,99912,200
2019-06-28 09:39:27.779252533,99975,188,99956,188,99994,185,99955,485,99995,185,99946,185,100017,100,99939,100,100031,100,99935,100,100034,100,99932,100,100040,300,99931,100,100048,100,99924,100,100050,100,99917,100,100064,100,99912,200
2019-06-28 09:39:30.000000000,99975,229,99956,229,99994,229,99955,529,99995,100,99946,100,100017,100,99939,100,100031,100,99935,100,100034,100,99932,100,100040,300,99931,100,100048,100,99924,100,100050,100,99917,100,100064,100,99912,200
2019-06-28 09:39:40.000000000,99975,152,99956,152,99994,152,99955,452,99995,152,99946,152,100017,152,99939,152,100031,152,99935,152,100034,100,99932,100,100040,300,99931,100,100048,100,99924,100,100050,100,99917,100,100064,100,99912,200
2019-06-28 09:39:50.000000000,99975,188,99956,188,99994,185,99955,485,99995,185,99946,185,100017,100,99939,100,100031,100,99935,100,100034,100,99932,100,100040,300,99931,100,100048,100,99924,100,100050,100,99917,100,100064,100,99912,200
2019-06-28 09:40:00.000000000,99975,152,99956,152,99994,152,99955,452,99995,152,99946,152,100017,152,99939,152,100031,152,99935,152,100034,100,99932,100,100040,300,99931,100,100048,100,99924,100,100050,100,99917,100,100064,100,99912,200
2019-06-28 09:40:06.060751289,99975,152,99956,152,99994,152,99955,452,99995,152,99946,152,100017,152,99939,152,100031,152,99935,152,100034,100,99932,100,100040,300,99931,100,100048,100,99924,100,100050,100,99917,100,100064,100,99912,200
2019-06-28 09:40:09.205943875,99975,152,99956,152,99994,152,99955,452,99995,152,99946,152,100017,52,99939,152,100031,152,99935,152,100034,100,99932,100,100040,300,99931,100,100048,100,99924,100,100050,100,99917,100,100064,100,99912,200
2019-06-28 09:40:10.000000000,99975,358,99956,358,99994,100,99955,400,99995,100,99946,100,100031,100,99939,100,100034,100,99935,100,100040,300,99932,100,100048,100,99931,100,100050,100,99924,100,100064,100,99917,100,100066,100,99912,200
2019-06-28 09:40:10.667831494,99975,358,99956,458,99994,100,99955,400,99995,100,99946,100,100031,100,99939,100,100034,100,99935,100,100040,300,99932,100,100048,100,99931,100,100050,100,99924,100,100064,100,99917,100,100066,100,99912,200
2019-06-28 09:40:12.177975023,99975,358,99956,458,99994,100,99955,400,99995,100,99946,100,100031,100,99939,100,100034,100,99935,100,100040,300,99932,100,100048,100,99931,100,100050,100,99924,100,100064,100,99917,100,100066,100,99912,200
2019-06-28 09:40:14.678083990,99975,358,99956,458,99994,100,99955,400,99995,100,99946,100,100031,100,99939,100,100034,100,99935,100,100040,300,99932,100,100048,100,99931,100,100050,100,99924,100,100064,100,99917,100,100066,100,99912,200
2019-06-28 09:40:20.000000000,99975,152,99956,252,99994,152,99955,452,99995,152,99946,152,100031,152,99939,152,100034,152,99935,152,100040,300,99932,100,100048,100,99931,100,100050,100,99924,100,100064,100,99917,100,100066,100,99912,200
2019-06-28 09:40:30.000000000,99975,152,99956,252,99994,152,99955,452,99995,152,99946,152,100031,152,99939,152,100034,152,99935,152,100040,300,99932,100,100048,100,99931,100,100050,100,99924,100,100064,100,99917,100,100066,100,99912,200
2019-06-28 09:40:40.000000000,99975,229,99956,329,99994,229,99955,529,99995,100,99946,100,100031,100,99939,100,100034,100,99935,100,100040,300,99932,100,100048,100,99931,100,100050,100,99924,100,100064,100,99917,100,100066,100,99912,200
2019-06-28 09:40:41.154961810,99975,129,99956,329,99994,229,99955,529,99995,100,99946,100,100031,100,99939,100,100034,100,99935,100,100040,300,99932,100,100048,100,99931,100,100050,100,99924,100,100064,100,99917,100,100066,100,99912,200
2019-06-28 09:40:45.727964702,99975,29,99956,329,99994,229,99955,529,99995,100,99946,100,100031,100,99939,100,100034,100,99935,100,100040,300,99932,100,100048,100,99931,100,100050,100,99924,100,100064,100,99917,100,100066,100,99912,200
2019-06-28 09:40:50.000000000,99994,229,99956,329,99995,229,99955,529,100031,100,99946,100,100034,100,99939,100,100040,300,99935,100,100048,100,99932,100,100050,100,99931,100,100064,100,99924,100,100066,100,99917,100,100067,100,99912,200
2019-06-28 09:40:56.965663331,99994,229,99956,329,99995,229,99955,529,100031,100,99946,100,100034,100,99939,100,100040,300,99935,100,100048,100,99932,100,100050,100,99931,100,100064,100,99924,100,100067,100,99917,100,100083,100,99912,200
2019-06-28 09:41:00.000000000,99994,229,99956,329,99995,229,99955,529,100031,100,99946,100,100034,100,99939,100,100040,300,99935,100,100048,100,99932,100,100050,100,99931,100,100064,100,99924,100,100067,100,99917,100,100083,100,99912,200
2019-06-28 09:41:10.000000000,99994,229,99956,329,99995,229,99955,529,100031,100,99946,100,100034,100,99939,100,100040,300,99935,100,100048,100,99932,100,100050,100,99931,100,100064,100,99924,100,100067,100,99917,100,100083,100,99912,200
2019-06-28 09:41:20.000000000,99994,188,99956,288,99995,185,99955,485,100031,185,99946,185,100034,100,99939,100,100040,300,99935,100,100048,100,99932,100,100050,100,99931,100,100064,100,99924,100,100067,100,99917,100,100083,100,99912,200
2019-06-28 09:41:21.160056571,99994,188,99956,288,99995,185,99955,485,100007,100,99946,185,100031,185,99939,100,100034,100,99935,100,100040,300,99932,100,100048,100,99931,100,100050,100,99924,100,100064,100,99917,100,100067,100,99912,200
2019-06-28 09:41:29.246656968,99994,188,99956,188,99995,185,99955,485,100007,100,99946,185,100031,185,99939,100,100034,100,99935,100,100040,300,99932,100,100048,100,99931,100,100050,100,99924,100,100064,100,99917,100,100067,100,99912,200
2019-06-28 09:41:29.343184861,99994,188,99956,88,99995,185,99955,485,100007,100,99946,185,100031,185,99939,100,100034,100,99935,100,100040,300,99932,100,100048,100,99931,100,100050,100,99924,100,100064,100,99917,100,100067,100,99912,200
2019-06-28 09:41:30.000000000,99994,358,99955,658,99995,100,99946,100,100007,100,99939,100,100031,100,99935,100,100034,100,99932,100,100040,300,99931,100,100048,100,99924,100,100050,100,99917,100,100064,100,99912,200,100067,100,99907,100
2019-06-28 09:41:35.135380422,99994,358,99955,658,99995,100,99946,100,100007,100,99939,100,100031,100,99935,100,100034,100,99932,100,100040,300,99931,100,100048,100,99924,100,100050,100,99917,100,100064,100,99912,200,100067,100,99907,100
2019-06-28 09:41:40.000000000,99994,164,99955,464,99995,164,99946,164,100007,164,99939,164,100031,164,99935,164,100034,100,99932,100,100040,300,99931,100,100048,100,99924,100,100050,100,99917,100,100064,100,99912,200,100067,100,99907,100
2019-06-28 09:41:42.475749437,99975,100,99955,464,99994,164,99946,164,99995,164,99939,164,100007,164,99935,164,100031,164,99932,100,100034,100,99931,100,100040,300,99924,100,100048,100,99917,100,100050,100,99912,200,100064,100,99907,100
2019-06-28 09:41:50.000000000,99975,358,99955,658,99994,100,99946,100,99995,100,99939,100,100007,100,99935,100,100031,100,99932,100,100034,100,99931,100,100040,300,99924,100,100048,100,99917,100,100050,100,99912,200,100064,100,99907,100
2019-06-28 09:41:51.107720454,99975,358,99955,558,99994,100,99946,100,99995,100,99935,100,100007,100,99932,100,100031,100,99931,100,100034,100,99924,100,100040,300,99917,100,100048,100,99912,200,100050,100,99907,100,100064,100,99894,100
2019-06-28 09:42:00.000000000,99975,188,99955,388,99994,185,99946,185,99995,185,99935,185,100007,100,99932,100,100031,100,99931,100,100034,100,99924,100,100040,300,99917,100,100048,100,99912,200,100050,100,99907,100,100064,100,99894,100
2019-06-28 09:42:02.199853873,99975,188,99955,388,99994,185,99946,185,99995,185,99935,185,100007,100,99932,100,100031,100,99931,100,100034,100,99924,100,100040,300,99917,100,100048,100,99912,200,100064,100,99907,100,100067,100,99894,100
2019-06-28 09:42:10.000000000,99975,152,99955,352,99994,152,99946,152,99995,152,99935,152,100007,152,99932,152,100031,152,99931,152,100034,100,99924,100,100040,300,99917,100,100048,100,99912,200,100064,100,99907,100,100067,100,99894,100
2019-06-28 09:42:20.000000000,99975,152,99955,352,99994,152,99946,152,99995,152,99935,152,100007,152,99932,152,100031,152,99931,152,100034,100,99924,100,100040,300,99917,100,100048,100,99912,200,100064,100,99907,100,100067,100,99894,100
2019-06-28 09:42:30.000000000,99975,188,99955,388,99994,185,99946,185,99995,185,99935,185,100007,100,99932,100,100031,100,99931,100,100034,100,99924,100,100040,300,99917,100,100048,100,99912,200,100064,100,99907,100,100067,100,99894,100
2019-06-28 09:42:30.835249278,99956,100,99955,388,99975,188,99946,185,99994,185,99935,185,99995,185,99932,100,100007,100,99931,100,100031,100,99924,100,100034,100,99917,100,100040,300,99912,200,100048,100,99907,100,100064,100,99894,100
2019-06-28 09:42:38.652911917,99975,188,99955,388,99994,185,99946,185,99995,185,99935,185,100007,100,99932,100,100031,100,99931,100,100034,100,99924,100,100040,200,99917,100,100048,100,99912,200,100064,100,99907,100,100067,100,99894,100
2019-06-28 09:42:40.000000000,99975,152,99955,352,99994,152,99946,152,99995,152,99935,152,100007,152,99932,152,100031,152,99931,152,100034,100,99924,100,100040,200,99917,100,100048,100,99912,200,100064,100,99907,100,100067,100,99894,100
2019-06-28 09:42:49.938895946,99971,100,99955,352,99975,152,99946,152,99994,152,99935,152,99995,152,99932,152,100007,152,99931,152,100031,152,99924,100,100034,100,99917,100,100040,200,99912,200,100048,100,99907,100,100064,100,99894,100
2019-06-28 09:42:50.000000000,99971,164,99955,364,99975,164,99946,164,99994,164,99935,164,99995,164,99932,164,100007,100,99931,100,100031,100,99924,100,100034,100,99917,100,100040,200,99912,200,100048,100,99907,100,100064,100,99894,100
2019-06-28 09:43:00.000000000,99971,164,99955,364,99975,164,99946,164,99994,164,99935,164,99995,164,99932,164,100007,100,99931,100,100031,100,99924,100,100034,100,99917,100,100040,200,99912,200,100048,100,99907,100,100064,100,99894,100
2019-06-28 09:43:04.894280361,99971,164,99956,100,99975,164,99955,364,99994,164,99946,164,99995,164,99935,164,100007,100,99932,164,100031,100,99931,100,100034,100,99924,100,100040,200,99917,100,100048,100,99912,200,100064,100,99907,100
2019-06-28 09:43:10.000000000,99971,229,99956,229,99975,229,99955,429,99994,100,99946,100,99995,100,99935,100,100007,100,99932,100,100031,100,99931,100,100034,100,99924,100,100040,200,99917,100,100048,100,99912,200,100064,100,99907,100
2019-06-28 09:43:13.212363764,99971,229,99956,329,99975,229,99955,429,99994,100,99946,100,99995,100,99935,100,100007,100,99932,100,100031,100,99931,100,100034,100,99924,100,100040,200,99917,100,100048,100,99912,200,100064,100,99907,100
2019-06-28 09:43:15.330756162,99971,229,99956,329,99975,229,99955,329,99994,100,99946,100,99995,100,99935,100,100007,100,99932,100,100031,100,99931,100,100034,100,99924,100,100040,200,99917,100,100048,100,99912,200,100064,100,99907,100
2019-06-28 09:43:20.000000000,99971,188,99956,288,99975,185,99955,285,99994,185,99946,185,99995,100,99935,100,100007,100,99932,100,100031,100,99931,100,100034,100,99924,100,100040,200,99917,100,100048,100,99912,200,100064,100,99907,100
2019-06-28 09:43:28.524329387,99971,188,99956,388,99975,185,99955,285,99994,185,99946,185,99995,100,99935,100,100007,100,99932,100,100031,100,99931,100,100034,100,99924,100,100040,200,99917,100,100048,100,99912,200,100064,100,99907,100
2019-06-28 09:43:30.000000000,99971,358,99956,558,99975,100,99955,200,99994,100,99946,100,99995,100,99935,100,100007,100,99932,100,100031,100,99931,100,100034,100,99924,100,100040,200,99917,100,100048,100,99912,200,100064,100,99907,100
2019-06-28 09:43:40.000000000,99971,229,99956,429,99975,229,99955,329,99994,100,99946,100,99995,100,99935,100,100007,100,99932,100,100031,100,99931,100,100034,100,99924,100,100040,200,99917,100,100048,100,99912,200,100064,100,99907,100
2019-06-28 09:43:50.000000000,99971,164,99956,364,99975,164,99955,264,99994,164,99946,164,99995,164,99935,164,100007,100,99932,100,100031,100,99931,100,100034,100,99924,100,100040,200,99917,100,100048,100,99912,200,100064,100,99907,100
2019-06-28 09:43:59.293115192,99971,164,99956,364,99975,164,99955,264,99994,164,99946,164,99995,164,99935,164,100007,100,99932,100,100031,100,99931,100,100034,100,99924,100,100040,200,99917,100,100048,100,99912,100,100064,100,99907,100
2019-06-28 09:44:00.000000000,99971,164,99956,364,99975,164,99955,264,99994,164,99946,164,99995,164,99935,164,100007,100,99932,100,100031,100,99931,100,100034,100,99924,100,100040,200,99917,100,100048,100,99912,100,100064,100,99907,100
2019-06-28 09:44:06.211205167,99971,64,99956,364,99975,164,99955,264,99994,164,99946,164,99995,164,99935,164,100007,100,99932,100,100031,100,99931,100,100034,100,99924,100,100040,200,99917,100,100048,100,99912,100,100064,100,99907,100
2019-06-28 09:44:10.000000000,99975,358,99956,558,99994,100,99955,200,99995,100,99946,100,100007,100,99935,100,100031,100,99932,100,100034,100,99931,100,100040,200,99924,100,100048,100,99917,100,100064,100,99912,100,100067,100,99907,100
2019-06-28 09:44:12.517974307,99975,258,99956,558,99994,100,99955,200,99995,100,99946,100,100007,100,99935,100,100031,100,99932,100,100034,100,99931,100,100040,200,99924,100,100048,100,99917,100,100064,100,99912,100,100067,100,99907,100
2019-06-28 09:44:20.000000000,99994,152,99956,352,99995,152,99955,252,100007,152,99946,152,100031,152,99935,152,100034,152,99932,152,100040,200,99931,100,100048,100,99924,100,100064,100,99917,100,100067,100,99912,100,100083,100,99907,100
2019-06-28 09:44:21.330758687,99994,152,99956,352,99995,152,99955,252,100007,52,99946,152,100031,152,99935,152,100034,152,99932,152,100040,200,99931,100,100048,100,99924,100,100064,100,99917,100,100067,100,99912,100,100083,100,99907,100
2019-06-28 09:44:30.000000000,99994,164,99956,364,99995,164,99955,264,100031,164,99946,164,100034,164,99935,164,100040,200,99932,100,100048,100,99931,100,100064,100,99924,100,100067,100,99917,100,100083,100,99912,100,100124,100,99907,100
2019-06-28 09:44:32.998761803,99994,64,99956,364,99995,164,99955,264,100031,164,99946,164,100034,164,99935,164,100040,200,99932,100,100048,100,99931,100,100064,100,99924,100,100067,100,99917,100,100083,100,99912,100,100124,100,99907,100
2019-06-28 09:44:38.397248263,99994,64,99975,100,99995,164,99956,364,100031,164,99955,264,100034,164,99946,164,100040,200,99935,164,100048,100,99932,100,100064,100,99931,100,100067,100,99924,100,100083,100,99917,100,100124,100,99912,100
2019-06-28 09:44:40.000000000,99995,152,99975,152,100031,152,99956,352,100034,152,99955,252,100040,252,99946,152,100048,152,99935,152,100064,100,99932,100,100067,100,99931,100,100083,100,99924,100,100124,100,99917,100,100138,100,99912,100
2019-06-28 09:44:50.000000000,99995,188,99975,188,100031,185,99956,385,100034,185,99955,285,100040,200,99946,100,100048,100,99935,100,100064,100,99932,100,100067,100,99931,100,100083,100,99924,100,100124,100,99917,100,100138,100,99912,100
2019-06-28 09:45:00.000000000,99995,358,99975,358,100031,100,99956,300,100034,100,99955,200,100040,200,99946,100,100048,100,99935,100,100064,100,99932,100,100067,100,99931,100,100083,100,99924,100,100124,100,99917,100,100138,100,99912,100
2019-06-28 09:45:00.020702917,99995,358,99975,458,100031,100,99956,300,100034,100,99955,200,100040,200,99946,100,100048,100,99935,100,100064,100,99932,100,100067,100,99931,100,100083,100,99924,100,100124,100,99917,100,100138,100,99912,100
2019-06-28 09:45:10.000000000,99995,358,99975,458,100031,100,99956,300,100034,100,99955,200,100040,200,99946,100,100048,100,99935,100,100064,100,99932,100,100067,100,99931,100,100083,100,99924,100,100124,100,99917,100,100138,100,99912,100
2019-06-28 09:45:20.000000000,99995,164,99975,264,100031,164,99956,364,100034,164,99955,264,100040,264,99946,164,100048,100,99935,100,100064,100,99932,100,100067,100,99931,100,100083,100,99924,100,100124,100,99917,100,100138,100,99912,100
2019-06-28 09:45:30.000000000,99995,164,99975,264,100031,164,99956,364,100034,164,99955,264,100040,264,99946,164,100048,100,99935,100,100064,100,99932,100,100067,100,99931,100,100083,100,99924,100,100124,100,99917,100,100138,100,99912,100
2019-06-28 09:45:34.808295450,99995,164,99975,264,100031,164,99956,364,100034,164,99955,264,100040,264,99946,164,100048,100,99935,100,100064,100,99932,100,100067,100,99931,100,100083,100,99924,100,100124,100,99917,100,100138,100,99912,100
2019-06-28 09:45:40.000000000,99995,229,99975,329,100031,229,99956,429,100034,100,99955,200,100040,200,99946,100,100048,100,99935,100,100064,100,99932,100,100067,100,99931,100,100083,100,99924,100,100124,100,99917,100,100138,100,99912,100
2019-06-28 09:45:41.891707948,99995,229,99975,329,100031,229,99956,429,100034,100,99955,200,100040,200,99946,100,100048,100,99935,100,100064,100,99932,100,100067,100,99931,100,100083,100,99924,100,100124,100,99917,100,100138,100,99912,100
2019-06-28 09:45:50.000000000,99995,164,99975,264,100031,164,99956,364,100034,164,99955,264,100040,264,99946,164,100048,100,99935,100,100064,100,99932,100,100067,100,99931,100,100083,100,99924,100,100124,100,99917,100,100138,100,99912,100
2019-06-28 09:45:55.639189754,99995,64,99975,264,100031,164,99956,364,100034,164,99955,264,100040,264,99946,164,100048,100,99935,100,100064,100,99932,100,100067,100,99931,100,100083,100,99924,100,100124,100,99917,100,100138,100,99912,100
2019-06-28 09:45:59.409769116,100031,164,99995,36,100034,164,99975,264,100040,264,99956,364,100048,100,99955,264,100064,100,99946,164,100067,100,99935,100,100083,100,99932,100,100124,100,99931,100,100138,100,99924,100,100159,100,99917,100
2019-06-28 09:46:00.000000000,100031,152,99995,88,100034,152,99975,252,100040,252,99956,352,100048,152,99955,252,100064,152,99946,152,100067,100,99935,100,100083,100,99932,100,100124,100,99931,100,100138,100,99924,100,100159,100,99917,100
2019-06-28 09:46:10.000000000,100031,164,99995,100,100034,164,99975,264,100040,264,99956,364,100048,164,99955,264,100064,100,99946,100,100067,100,99935,100,100083,100,99932,100,100124,100,99931,100,100138,100,99924,100,100159,100,99917,100
2019-06-28 09:46:20.000000000,100031,229,99995,165,100034,229,99975,329,100040,200,99956,300,100048,100,99955,200,100064,100,99946,100,100067,100,99935,100,100083,100,99932,100,100124,100,99931,100,100138,100,99924,100,100159,100,99917,100
2019-06-28 09:46:30.000000000,100031,188,99995,124,100034,185,99975,285,100040,285,99956,385,100048,100,99955,200,100064,100,99946,100,100067,100,99935,100,100083,100,99932,100,100124,100,99931,100,100138,100,99924,100,100159,100,99917,100
2019-06-28 09:46:40.000000000,100031,152,99995,88,100034,152,99975,252,100040,252,99956,352,100048,152,99955,252,100064,152,99946,152,100067,100,99935,100,100083,100,99932,100,100124,100,99931,100,100138,100,99924,100,100159,100,99917,100
2019-06-28 09:46:43.935379211,100031,152,99995,88,100034,152,99975,252,100040,252,99956,352,100048,152,99955,252,100064,152,99946,152,100067,100,99935,100,100083,100,99932,100,100124,100,99931,100,100138,100,99924,100,100159,100,99917,100
2019-06-28 09:46:47.215488142,100031,152,99995,88,100034,152,99975,252,100040,252,99956,352,100048,152,99955,252,100064,152,99946,152,100067,100,99935,100,100083,100,99932,100,100124,100,99931,100,100138,100,99924,100,100159,100,99917,100
2019-06-28 09:46:47.394285741,100031,152,99995,88,100034,152,99975,252,100040,252,99956,352,100048,152,99955,252,100064,152,99946,152,100067,100,99935,100,100083,100,99932,100,100124,100,99931,100,100138,100,99924,100,100159,100,99917,100
2019-06-28 09:46:50.000000000,100031,152,99995,88,100034,152,99975,252,100040,252,99956,352,100048,152,99955,252,100064,152,99946,152,100067,100,99935,100,100083,100,99932,100,100124,100,99931,100,100138,100,99924,100,100159,100,99917,100
2019-06-28 09:47:00.000000000,100031,152,99995,88,100034,152,99975,252,100040,252,99956,352,100048,152,99955,252,100064,152,99946,152,100067,100,99935,100,100083,100,99932,100,100124,100,99931,100,100138,100,99924,100,100159,100,99917,100
2019-06-28 09:47:00.938322661,100031,52,99995,88,100034,152,99975,252,100040,252,99956,352,100048,152,99955,252,100064,152,99946,152,100067,100,99935,100,100083,100,99932,100,100124,100,99931,100,100138,100,99924,100,100159,100,99917,100
2019-06-28 09:47:04.618196829,100034,152,100031,48,100040,252,99995,88,100048,152,99975,252,100064,152,99956,352,100067,100,99955,252,100083,100,99946,152,100124,100,99935,100,100138,100,99932,100,100159,100,99931,100,100233,100,99924,100
2019-06-28 09:47:05.140352088,100034,152,100031,48,100040,252,99995,88,100048,152,99975,252,100064,152,99956,352,100067,100,99955,252,100124,100,99946,152,100138,100,99935,100,100159,100,99932,100,100233,100,99931,100,100492,100,99924,100
2019-06-28 09:47:10.000000000,100034,188,100031,136,100040,285,99995,121,100048,185,99975,285,100064,100,99956,300,100067,100,99955,200,100124,100,99946,100,100138,100,99935,100,100159,100,99932,100,100233,100,99931,100,100492,100,99924,100
2019-06-28 09:47:20.000000000,100034,229,100031,177,100040,329,99995,165,100048,100,99975,200,100064,100,99956,300,100067,100,99955,200,100124,100,99946,100,100138,100,99935,100,100159,100,99932,100,100233,100,99931,100,100492,100,99924,100
2019-06-28 09:47:26.610468456,100034,229,100031,177,100040,329,99995,165,100048,100,99975,200,100064,100,99956,300,100067,100,99955,200,100124,100,99946,100,100138,100,99935,100,100159,100,99932,100,100233,100,99931,100,100492,100,99924,100
2019-06-28 09:47:30.000000000,100034,229,100031,177,100040,329,99995,165,100048,100,99975,200,100064,100,99956,300,100067,100,99955,200,100124,100,99946,100,100138,100,99935,100,100159,100,99932,100,100233,100,99931,100,100492,100,99924,100
2019-06-28 09:47:40.000000000,100034,358,100031,306,100040,200,99995,36,100048,100,99975,200,100064,100,99956,300,100067,100,99955,200,100124,100,99946,100,100138,100,99935,100,100159,100,99932,100,100233,100,99931,100,100492,100,99924,100
2019-06-28 09:47:44.651344964,100034,358,100031,406,100040,200,99995,36,100048,100,99975,200,100064,100,99956,300,100067,100,99955,200,100124,100,99946,100,100138,100,99935,100,100159,100,99932,100,100233,100,99931,100,100492,100,99924,100
2019-06-28 09:47:50.000000000,100034,229,100031,277,100040,329,99995,165,100048,100,99975,200,100064,100,99956,300,100067,100,99955,200,100124,100,99946,100,100138,100,99935,100,100159,100,99932,100,100233,100,99931,100,100492,100,99924,100
2019-06-28 09:47:54.031299510,100034,229,100031,277,100040,229,99995,165,100048,100,99975,200,100064,100,99956,300,100067,100,99955,200,100124,100,99946,100,100138,100,99935,100,100159,100,99932,100,100233,100,99931,100,100492,100,99924,100
2019-06-28 09:48:00.000000000,100034,358,100031,406,100040,100,99995,36,100048,100,99975,200,100064,100,99956,300,100067,100,99955,200,100124,100,99946,100,100138,100,99935,100,100159,100,99932,100,100233,100,99931,100,100492,100,99924,100
2019-06-28 09:48:10.000000000,100034,358,100031,406,100040,100,99995,36,100048,100,99975,200,100064,100,99956,300,100067,100,99955,200,100124,100,99946,100,100138,100,99935,100,100159,100,99932,100,100233,100,99931,100,100492,100,99924,100
2019-06-28 09:48:20.000000000,100034,188,100031,236,100040,185,99995,121,100048,185,99975,285,100064,100,99956,300,100067,100,99955,200,100124,100,99946,100,100138,100,99935,100,100159,100,99932,100,100233,100,99931,100,100492,100,99924,100
2019-06-28 09:48:24.035827566,100034,188,100031,236,100040,185,99995,121,100048,185,99975,285,100064,100,99956,300,100067,100,99955,200,100124,100,99946,100,100138,100,99935,100,100159,100,99932,100,100233,100,99931,100,100492,100,99924,100
2019-06-28 09:48:25.429393648,100034,188,100031,236,100040,185,99995,121,100048,185,99975,185,100064,100,99956,300,100067,100,99955,200,100124,100,99946,100,100138,100,99935,100,100159,100,99932,100,100233,100,99931,100,100492,100,99924,100
2019-06-28 09:48:30.000000000,100034,152,100031,200,100040,152,99995,88,100048,152,99975,152,100064,152,99956,352,100067,152,99955,252,100124,100,99946,100,100138,100,99935,100,100159,100,99932,100,100233,100,99931,100,100492,100,99924,100
2019-06-28 09:48:40.000000000,100034,229,100031,277,100040,229,99995,165,100048,100,99975,100,100064,100,99956,300,100067,100,99955,200,100124,100,99946,100,100138,100,99935,100,100159,100,99932,100,100233,100,99931,100,100492,100,99924,100
2019-06-28 09:48:50.000000000,100034,358,100031,406,100040,100,99995,36,100048,100,99975,100,100064,100,99956,300,100067,100,99955,200,100124,100,99946,100,100138,100,99935,100,100159,100,99932,100,100233,100,99931,100,100492,100,99924,100
2019-06-28 09:48:57.203168151,100034,358,100031,506,100040,100,99995,36,100048,100,99975,100,100064,100,99956,300,100067,100,99955,200,100124,100,99946,100,100138,100,99935,100,100159,100,99932,100,100233,100,99931,100,100492,100,99924,100
2019-06-28 09:49:00.000000000,100034,164,100031,312,100040,164,99995,100,100048,164,99975,164,100064,164,99956,364,100067,100,99955,200,100124,100,99946,100,100138,100,99935,100,100159,100,99932,100,100233,100,99931,100,100492,100,99924,100
2019-06-28 09:49:10.000000000,100034,188,100031,336,100040,185,99995,121,100048,185,99975,185,100064,100,99956,300,100067,100,99955,200,100124,100,99946,100,100138,100,99935,100,100159,100,99932,100,100233,100,99931,100,100492,100,99924,100
2019-06-28 09:49:11.939884232,100034,188,100031,336,100040,185,99995,121,100048,185,99975,85,100064,100,99956,300,100067,100,99955,200,100124,100,99946,100,100138,100,99935,100,100159,100,99932,100,100233,100,99931,100,100492,100,99924,100
2019-06-28 09:49:13.307252238,100034,88,100031,336,100040,185,99995,121,100048,185,99975,85,100064,100,99956,300,100067,100,99955,200,100124,100,99946,100,100138,100,99935,100,100159,100,99932,100,100233,100,99931,100,100492,100,99924,100
2019-06-28 09:49:18.985393748,100040,185,100034,12,100048,185,100031,336,100064,100,99995,121,100067,100,99975,85,100124,100,99956,300,100138,100,99955,200,100159,100,99946,100,100233,100,99935,100,100492,100,99932,100,100522,100,99931,100
2019-06-28 09:49:20.000000000,100040,188,100034,100,100048,185,100031,333,100064,185,99995,121,100067,100,99956,300,100124,100,99955,200,100138,100,99946,100,100159,100,99935,100,100233,100,99932,100,100492,100,99931,100,100522,100,99924,100
2019-06-28 09:49:20.428419521,100040,188,100034,200,100048,185,100031,333,100064,185,99995,121,100067,100,99956,300,100124,100,99955,200,100138,100,99946,100,100159,100,99935,100,100233,100,99932,100,100492,100,99931,100,100522,100,99924,100
2019-06-28 09:49:30.000000000,100040,229,100034,241,100048,229,100031,377,100064,100,99995,36,100067,100,99956,300,100124,100,99955,200,100138,100,99946,100,100159,100,99935,100,100233,100,99932,100,100492,100,99931,100,100522,100,99924,100
2019-06-28 09:49:40.000000000,100040,188,100034,200,100048,185,100031,333,100064,185,99995,121,100067,100,99956,300,100124,100,99955,200,100138,100,99946,100,100159,100,99935,100,100233,100,99932,100,100492,100,99931,100,100522,100,99924,100
2019-06-28 09:49:50.000000000,100040,358,100034,370,100048,100,100031,248,100064,100,99995,36,100067,100,99956,300,100124,100,99955,200,100138,100,99946,100,100159,100,99935,100,100233,100,99932,100,100492,100,99931,100,100522,100,99924,100
2019-06-28 09:49:51.044686920,100040,258,100034,370,100048,100,100031,248,100064,100,99995,36,100067,100,99956,300,100124,100,99955,200,100138,100,99946,100,100159,100,99935,100,100233,100,99932,100,100492,100,99931,100,100522,100,99924,100
2019-06-28 09:49:56.424438400,100040,258,100034,370,100048,100,100031,248,100064,100,99995,36,100067,100,99956,300,100124,100,99955,200,100138,100,99946,100,100159,100,99935,100,100233,100,99932,100,100492,100,99931,100,100522,100,99924,100
2019-06-28 09:50:00.000000000,100048,164,100034,176,100064,164,100031,312,100067,164,99995,100,100124,164,99956,364,100138,100,99955,200,100159,100,99946,100,100233,100,99935,100,100492,100,99932,100,100522,100,99931,100,100586,100,99924,100
2019-06-28 09:50:10.000000000,100048,164,100034,176,100064,164,100031,312,100067,164,99995,100,100124,164,99956,364,100138,100,99955,200,100159,100,99946,100,100233,100,99935,100,100492,100,99932,100,100522,100,99931,100,100586,100,99924,100
2019-06-28 09:50:20.000000000,100048,358,100034,370,100064,100,100031,248,100067,100,99995,36,100124,100,99956,300,100138,100,99955,200,100159,100,99946,100,100233,100,99935,100,100492,100,99932,100,100522,100,99931,100,100586,100,99924,100
2019-06-28 09:50:30.000000000,100048,188,100034,200,100064,185,100031,333,100067,185,99995,121,100124,100,99956,300,100138,100,99955,200,100159,100,99946,100,100233,100,99935,100,100492,100,99932,100,100522,100,99931,100,100586,100,99924,100
2019-06-28 09:50:40.000000000,100048,164,100034,176,100064,164,100031,312,100067,164,99995,100,100124,164,99956,364,100138,100,99955,200,100159,100,99946,100,100233,100,99935,100,100492,100,99932,100,100522,100,99931,100,100586,100,99924,100
2019-06-28 09:50:50.000000000,100048,188,100034,200,100064,185,100031,333,100067,185,99995,121,100124,100,99956,300,100138,100,99955,200,100159,100,99946,100,100233,100,99935,100,100492,100,99932,100,100522,100,99931,100,100586,100,99924,100
2019-06-28 09:50:50.832438561,100048,188,100034,200,100064,185,100031,333,100067,185,99995,121,100124,100,99956,300,100138,100,99955,200,100233,100,99946,100,100492,100,99935,100,100522,100,99932,100,100586,100,99931,100,100606,100,99924,100
2019-06-28 09:50:51.143363483,100048,188,100034,200,100064,185,100031,333,100067,185,99995,121,100124,100,99956,300,100138,100,99955,200,100233,100,99946,100,100492,100,99935,100,100522,100,99931,100,100586,100,99924,100,100606,100,99917,100
2019-06-28 09:50:54.424961756,100048,188,100034,200,100064,185,100031,333,100067,185,99995,121,100124,100,99956,300,100138,100,99955,200,100233,100,99946,100,100492,100,99935,100,100522,100,99931,100,100586,100,99917,100,100606,100,99907,100
2019-06-28 09:51:00.000000000,100048,152,100034,164,100064,152,100031,300,100067,152,99995,88,100124,152,99956,352,100138,152,99955,252,100233,100,99946,100,100492,100,99935,100,100522,100,99931,100,100586,100,99917,100,100606,100,99907,100
2019-06-28 09:51:10.000000000,100048,229,100034,241,100064,229,100031,377,100067,100,99995,36,100124,100,99956,300,100138,100,99955,200,100233,100,99946,100,100492,100,99935,100,100522,100,99931,100,100586,100,99917,100,100606,100,99907,100
2019-06-28 09:51:16.870433899,100048,129,100034,241,100064,229,100031,377,100067,100,99995,36,100124,100,99956,300,100138,100,99955,200,100233,100,99946,100,100492,100,99935,100,100586,100,99931,100,100606,100,99917,100,100623,100,99907,100
2019-06-28 09:51:19.399120919,100048,29,100034,241,100064,229,100031,377,100067,100,99995,36,100124,100,99956,300,100138,100,99955,200,100233,100,99946,100,100492,100,99935,100,100586,100,99931,100,100606,100,99917,100,100623,100,99907,100
2019-06-28 09:51:20.000000000,100064,229,100034,241,100067,229,100031,377,100124,100,99995,36,100138,100,99956,300,100233,100,99955,200,100492,100,99946,100,100586,100,99935,100,100606,100,99931,100,100623,100,99917,100,100714,100,99907,100
2019-06-28 09:51:29.628223996,100064,129,100034,241,100067,229,100031,377,100124,100,99995,36,100138,100,99956,300,100233,100,99955,200,100492,100,99946,100,100586,100,99935,100,100606,100,99931,100,100623,100,99917,100,100714,100,99907,100
2019-06-28 09:51:30.000000000,100067,229,100034,241,100124,229,100031,377,100138,100,99995,36,100233,100,99956,300,100492,100,99955,200,100586,100,99946,100,100606,100,99935,100,100623,100,99931,100,100714,100,99917,100,100727,100,99907,100
2019-06-28 09:51:34.061321438,100067,129,100034,241,100124,229,100031,377,100138,100,99995,36,100233,100,99956,300,100492,100,99955,200,100586,100,99946,100,100606,100,99935,100,100623,100,99931,100,100714,100,99917,100,100727,100,99907,100
2019-06-28 09:51:40.000000000,100124,229,100034,241,100138,229,100031,377,100233,100,99995,36,100492,100,99956,300,100586,100,99955,200,100606,100,99946,100,100623,100,99935,100,100714,100,99931,100,100727,100,99917,100,100766,100,99907,100
2019-06-28 09:51:50.000000000,100124,164,100034,176,100138,164,100031,312,100233,164,99995,100,100492,164,99956,364,100586,100,99955,200,100606,100,99946,100,100623,100,99935,100,100714,100,99931,100,100727,100,99917,100,100766,100,99907,100
2019-06-28 09:52:00.000000000,100124,229,100034,241,100138,229,100031,377,100233,100,99995,36,100492,100,99956,300,100586,100,99955,200,100606,100,99946,100,100623,100,99935,100,100714,100,99931,100,100727,100,99917,100,100766,100,99907,100
2019-06-28 09:52:03.780654402,100124,229,100034,241,100138,229,100031,377,100233,100,99995,36,100492,100,99956,300,100548,100,99955,200,100586,100,99935,100,100606,100,99931,100,100623,100,99917,100,100714,100,99907,100,100727,100,99894,100
2019-06-28 09:52:10.000000000,100124,164,100034,176,100138,164,100031,312,100233,164,99995,100,100492,164,99956,364,100548,100,99955,200,100586,100,99935,100,100606,100,99931,100,100623,100,99917,100,100714,100,99907,100,100727,100,99894,100
2019-06-28 09:52:20.000000000,100124,188,100034,200,100138,185,100031,333,100233,185,99995,121,100492,100,99956,300,100548,100,99955,200,100586,100,99935,100,100606,100,99931,100,100623,100,99917,100,100714,100,99907,100,100727,100,99894,100
2019-06-28 09:52:30.000000000,100124,164,100034,176,100138,164,100031,312,100233,164,99995,100,100492,164,99956,364,100548,100,99955,200,100586,100,99935,100,100606,100,99931,100,100623,100,99917,100,100714,100,99907,100,100727,100,99894,100
2019-06-28 09:52:40.000000000,100124,229,100034,241,100138,229,100031,377,100233,100,99995,36,100492,100,99956,300,100548,100,99955,200,100586,100,99935,100,100606,100,99931,100,100623,100,99917,100,100714,100,99907,100,100727,100,99894,100
2019-06-28 09:52:50.000000000,100124,152,100034,164,100138,152,100031,300,100233,152,99995,88,100492,152,99956,352,100548,152,99955,252,100586,100,99935,100,100606,100,99931,100,100623,100,99917,100,100714,100,99907,100,100727,100,99894,100
2019-06-28 09:53:00.000000000,100124,152,100034,164,100138,152,100031,300,100233,152,99995,88,100492,152,99956,352,100548,152,99955,252,100586,100,99935,100,100606,100,99931,100,100623,100,99917,100,100714,100,99907,100,100727,100,99894,100
2019-06-28 09:53:10.000000000,100124,229,100034,241,100138,229,100031,377,100233,100,99995,36,100492,100,99956,300,100548,100,99955,200,100586,100,99935,100,100606,100,99931,100,100623,100,99917,100,100714,100,99907,100,100727,100,99894,100
2019-06-28 09:53:20.000000000,100124,188,100034,200,100138,185,100031,333,100233,185,99995,121,100492,100,99956,300,100548,100,99955,200,100586,100,99935,100,100606,100,99931,100,100623,100,99917,100,100714,100,99907,100,100727,100,99894,100
2019-06-28 09:53:30.000000000,100124,164,100034,176,100138,164,100031,312,100233,164,99995,100,100492,164,99956,364,100548,100,99955,200,100586,100,99935,100,100606,100,99931,100,100623,100,99917,100,100714,100,99907,100,100727,100,99894,100
2019-06-28 09:53:40.000000000,100124,358,100034,370,100138,100,100031,248,100233,100,99995,36,100492,100,99956,300,100548,100,99955,200,100586,100,99935,100,100606,100,99931,100,100623,100,99917,100,100714,100,99907,100,100727,100,99894,100
2019-06-28 09:53:46.171617842,100124,358,100034,270,100138,100,100031,248,100233,100,99995,36,100492,100,99956,300,100548,100,99955,200,100586,100,99935,100,100606,100,99931,100,100623,100,99917,100,100714,100,99907,100,100727,100,99894,100
2019-06-28 09:53:50.000000000,100124,229,100034,141,100138,229,100031,377,100233,100,99995,36,100492,100,99956,300,100548,100,99955,200,100586,100,99935,100,100606,100,99931,100,100623,100,99917,100,100714,100,99907,100,100727,100,99894,100
2019-06-28 09:53:50.652498351,100124,229,100034,141,100138,229,100031,377,100233,100,99995,36,100492,100,99956,300,100548,100,99955,200,100586,100,99935,100,100606,100,99931,100,100623,100,99917,100,100714,100,99907,100,100727,100,99894,100
2019-06-28 09:54:00.000000000,100124,152,100034,64,100138,152,100031,300,100233,152,99995,88,100492,152,99956,352,100548,152,99955,252,100586,100,99935,100,100606,100,99931,100,100623,100,99917,100,100714,100,99907,100,100727,100,99894,100
2019-06-28 09:54:05.632174133,100124,152,100034,64,100138,152,100031,300,100233,152,99995,88,100492,152,99956,352,100548,152,99955,252,100586,100,99935,100,100606,100,99917,100,100623,100,99907,100,100714,100,99894,100,100727,100,99866,100
2019-06-28 09:54:06.040292535,100034,36,100031,300,100124,152,99995,88,100138,152,99956,352,100233,152,99955,252,100492,152,99935,100,100548,152,99917,100,100586,100,99907,100,100606,100,99894,100,100623,100,99866,100,100714,100,99822,100
2019-06-28 09:54:08.909932299,100034,36,100031,200,100124,152,99995,88,100138,152,99956,352,100233,52,99955,252,100492,152,99935,100,100548,152,99917,100,100586,100,99907,100,100606,100,99894,100,100623,100,99866,100,100714,100,99822,100
2019-06-28 09:54:10.000000000,100034,124,100031,236,100124,185,99995,121,100138,185,99956,385,100492,100,99955,200,100548,100,99935,100,100586,100,99917,100,100606,100,99907,100,100623,100,99894,100,100714,100,99866,100,100727,100,99822,100
2019-06-28 09:54:11.362163013,100034,124,100031,136,100124,185,99995,121,100138,185,99956,385,100492,100,99955,200,100548,100,99935,100,100586,100,99917,100,100606,100,99907,100,100623,100,99894,100,100714,100,99866,100,100727,100,99822,100
2019-06-28 09:54:17.203736600,100034,124,100031,136,100124,185,99995,121,100138,185,99956,385,100492,100,99955,200,100548,100,99935,100,100586,100,99917,100,100606,100,99907,100,100623,100,99894,100,100714,100,99866,100,100727,100,99822,100
2019-06-28 09:54:20.000000000,100034,100,100031,112,100124,164,99995,100,100138,164,99956,364,100492,164,99955,264,100548,100,99935,100,100586,100,99917,100,100606,100,99907,100,100623,100,99894,100,100714,100,99866,100,100727,100,99822,100
2019-06-28 09:54:22.525860738,100034,100,100031,112,100124,164,99995,100,100138,164,99956,364,100492,164,99955,264,100548,100,99935,100,100586,100,99917,100,100606,100,99907,100,100623,100,99894,100,100714,100,99866,100,100727,100,99822,100
2019-06-28 09:54:30.000000000,100034,124,100031,136,100124,185,99995,121,100138,185,99956,385,100492,100,99955,200,100548,100,99935,100,100586,100,99917,100,100606,100,99907,100,100623,100,99894,100,100714,100,99866,100,100727,100,99822,100
2019-06-28 09:54:36.642977390,100034,124,100031,136,100124,185,99995,121,100138,185,99956,385,100492,100,99955,200,100548,100,99935,100,100586,100,99917,100,100606,100,99907,100,100623,100,99894,100,100714,100,99866,100,100727,100,99687,100
2019-06-28 09:54:39.599445863,100034,124,100031,136,100124,185,99995,121,100138,185,99956,385,100492,100,99955,200,100548,100,99935,100,100586,100,99917,100,100606,100,99907,100,100623,100,99894,100,100714,100,99866,100,100727,100,99687,100
2019-06-28 09:54:40.000000000,100034,100,100031,112,100124,164,99995,100,100138,164,99956,364,100492,164,99955,264,100548,100,99935,100,100586,100,99917,100,100606,100,99907,100,100623,100,99894,100,100714,100,99866,100,100727,100,99687,100
2019-06-28 09:54:40.185572383,100034,100,100031,112,100124,164,99995,100,100138,164,99956,364,100492,164,99955,264,100548,100,99935,100,100586,100,99917,100,100606,100,99907,100,100623,100,99894,100,100714,100,99866,100,100727,100,99687,100
2019-06-28 09:54:42.119171496,100034,100,100031,12,100124,164,99995,100,100138,164,99956,364,100492,164,99955,264,100548,100,99935,100,100586,100,99917,100,100606,100,99907,100,100623,100,99894,100,100714,100,99866,100,100727,100,99687,100
2019-06-28 09:54:50.000000000,100034,165,99995,165,100124,229,99956,429,100138,100,99955,200,100492,100,99935,100,100548,100,99917,100,100586,100,99907,100,100606,100,99894,100,100623,100,99866,100,100714,100,99687,100,100727,100,99683,100
2019-06-28 09:54:59.968616441,100034,165,99995,65,100124,229,99956,429,100138,100,99955,200,100492,100,99935,100,100548,100,99917,100,100586,100,99907,100,100623,100,99894,100,100714,100,99866,100,100727,100,99687,100,100766,100,99683,100
2019-06-28 09:55:00.000000000,100034,88,99956,352,100124,152,99955,252,100138,152,99935,152,100492,152,99917,152,100548,152,99907,152,100586,100,99894,100,100623,100,99866,100,100714,100,99687,100,100727,100,99683,100,100766,100,98987,100
2019-06-28 09:55:01.524041378,100034,88,99956,352,100124,152,99955,252,100138,152,99935,152,100492,152,99917,152,100548,152,99907,152,100586,100,99894,100,100623,100,99866,100,100714,100,99687,100,100727,100,99683,100,100766,100,98987,100
2019-06-28 09:55:09.074660171,100034,88,99956,352,100124,152,99955,252,100138,152,99935,152,100492,152,99917,152,100548,152,99907,152,100586,100,99894,100,100623,100,99687,100,100714,100,99683,100,100727,100,98987,100,100766,100,98951,100
2019-06-28 09:55:10.000000000,100034,124,99956,388,100124,185,99955,285,100138,185,99935,185,100492,100,99917,100,100548,100,99907,100,100586,100,99894,100,100623,100,99687,100,100714,100,99683,100,100727,100,98987,100,100766,100,98951,100
2019-06-28 09:55:12.523311663,100034,124,99956,388,100124,185,99955,285,100138,185,99935,185,100492,100,99917,100,100586,100,99907,100,100623,100,99894,100,100714,100,99687,100,100727,100,99683,100,100766,100,98987,100,100789,100,98951,100
2019-06-28 09:55:20.000000000,100034,294,99956,558,100124,100,99955,200,100138,100,99935,100,100492,100,99917,100,100586,100,99907,100,100623,100,99894,100,100714,100,99687,100,100727,100,99683,100,100766,100,98987,100,100789,100,98951,100
2019-06-28 09:55:25.610651554,100034,294,99956,458,100124,100,99955,200,100138,100,99935,100,100492,100,99917,100,100586,100,99907,100,100623,100,99894,100,100714,100,99687,100,100727,100,99683,100,100766,100,98987,100,100789,100,98951,100
2019-06-28 09:55:30.000000000,100034,294,99956,458,100124,100,99955,200,100138,100,99935,100,100492,100,99917,100,100586,100,99907,100,100623,100,99894,100,100714,100,99687,100,100727,100,99683,100,100766,100,98987,100,100789,100,98951,100
2019-06-28 09:55:33.647364197,100034,294,99956,458,100124,100,99955,200,100138,100,99935,100,100492,100,99917,100,100586,100,99907,100,100623,100,99894,100,100714,100,99687,100,100727,100,99683,100,100789,100,98987,100,100868,100,98951,100
2019-06-28 09:55:40.000000000,100034,294,99956,458,100124,100,99955,200,100138,100,99935,100,100492,100,99917,100,100586,100,99907,100,100623,100,99894,100,100714,100,99687,100,100727,100,99683,100,100789,100,98987,100,100868,100,98951,100
2019-06-28 09:55:46.077295650,100034,294,99956,458,100124,100,99955,200,100138,100,99917,100,100492,100,99907,100,100586,100,99894,100,100623,100,99687,100,100714,100,99683,100,100727,100,98987,100,100789,100,98951,100,100868,100,98936,100
2019-06-28 09:55:47.915449389,100034,294,99956,458,100124,100,99955,200,100138,100,99917,100,100492,100,99907,100,100586,100,99894,100,100623,100,99687,100,100714,100,99683,100,100727,100,98987,100,100789,100,98951,100,100868,100,98936,100
2019-06-28 09:55:50.000000000,100034,294,99956,458,100124,100,99955,200,100138,100,99917,100,100492,100,99907,100,100586,100,99894,100,100623,100,99687,100,100714,100,99683,100,100727,100,98987,100,100789,100,98951,100,100868,100,98936,100
2019-06-28 09:56:00.000000000,100034,165,99956,329,100124,229,99955,329,100138,100,99917,100,100492,100,99907,100,100586,100,99894,100,100623,100,99687,100,100714,100,99683,100,100727,100,98987,100,100789,100,98951,100,100868,100,98936,100
2019-06-28 09:56:10.000000000,100034,100,99956,264,100124,164,99955,264,100138,164,99917,164,100492,164,99907,164,100586,100,99894,100,100623,100,99687,100,100714,100,99683,100,100727,100,98987,100,100789,100,98951,100,100868,100,98936,100
2019-06-28 09:56:20.000000000,100034,88,99956,252,100124,152,99955,252,100138,152,99917,152,100492,152,99907,152,100586,152,99894,152,100623,100,99687,100,100714,100,99683,100,100727,100,98987,100,100789,100,98951,100,100868,100,98936,100
2019-06-28 09:56:30.000000000,100034,88,99956,252,100124,152,99955,252,100138,152,99917,152,100492,152,99907,152,100586,152,99894,152,100623,100,99687,100,100714,100,99683,100,100727,100,98987,100,100789,100,98951,100,100868,100,98936,100
2019-06-28 09:56:35.783520896,100034,88,99956,252,100124,152,99955,152,100138,152,99917,152,100492,152,99907,152,100586,152,99894,152,100623,100,99687,100,100714,100,99683,100,100727,100,98987,100,100789,100,98951,100,100868,100,98936,100
2019-06-28 09:56:40.000000000,100034,165,99956,329,100124,229,99955,229,100138,100,99917,100,100492,100,99907,100,100586,100,99894,100,100623,100,99687,100,100714,100,99683,100,100727,100,98987,100,100789,100,98951,100,100868,100,98936,100
2019-06-28 09:56:44.637610619,100034,165,99956,229,100124,229,99955,229,100138,100,99917,100,100492,100,99907,100,100586,100,99894,100,100623,100,99687,100,100714,100,99683,100,100727,100,98987,100,100789,100,98951,100,100868,100,98936,100
2019-06-28 09:56:46.486258967,100034,165,99956,229,100124,229,99955,229,100138,100,99917,100,100492,100,99907,100,100586,100,99687,100,100623,100,99683,100,100714,100,98987,100,100727,100,98951,100,100789,100,98936,100,100868,100,98930,100
2019-06-28 09:56:50.000000000,100034,100,99956,164,100124,164,99955,164,100138,164,99917,164,100492,164,99907,164,100586,100,99687,100,100623,100,99683,100,100714,100,98987,100,100727,100,98951,100,100789,100,98936,100,100868,100,98930,100
2019-06-28 09:56:55.675352597,100034,100,99956,64,100124,164,99955,164,100138,164,99917,164,100492,164,99907,164,100586,100,99687,100,100623,100,99683,100,100714,100,98987,100,100727,100,98951,100,100789,100,98936,100,100868,100,98930,100
2019-06-28 09:57:00.000000000,100034,88,99955,152,100124,152,99917,152,100138,152,99907,152,100492,152,99687,152,100586,152,99683,152,100623,100,98987,100,100714,100,98951,100,100727,100,98936,100,100789,100,98930,100,100868,100,98870,100
2019-06-28 09:57:10.000000000,100034,124,99955,188,100124,185,99917,185,100138,185,99907,185,100492,100,99687,100,100586,100,99683,100,100623,100,98987,100,100714,100,98951,100,100727,100,98936,100,100789,100,98930,100,100868,100,98870,100
2019-06-28 09:57:20.000000000,100034,294,99955,358,100124,100,99917,100,100138,100,99907,100,100492,100,99687,100,100586,100,99683,100,100623,100,98987,100,100714,100,98951,100,100727,100,98936,100,100789,100,98930,100,100868,100,98870,100
2019-06-28 09:57:23.932824952,100034,258,99955,258,100124,100,99917,100,100138,100,99907,100,100492,100,99687,100,100586,100,99683,100,100623,100,98987,100,100714,100,98951,100,100727,100,98936,100,100789,100,98930,100,100868,100,98870,100
2019-06-28 09:57:30.000000000,100124,164,99917,164,100138,164,99907,164,100492,164,99687,164,100586,164,99683,164,100623,100,98987,100,100714,100,98951,100,100727,100,98936,100,100789,100,98930,100,100868,100,98870,100,100975,100,98868,100
2019-06-28 09:57:40.000000000,100124,229,99917,229,100138,229,99907,229,100492,100,99687,100,100586,100,99683,100,100623,100,98987,100,100714,100,98951,100,100727,100,98936,100,100789,100,98930,100,100868,100,98870,100,100975,100,98868,100
2019-06-28 09:57:48.023948274,99956,100,99917,229,100124,229,99907,229,100138,229,99687,100,100492,100,99683,100,100586,100,98987,100,100623,100,98951,100,100714,100,98936,100,100727,100,98930,100,100789,100,98870,100,100868,100,98868,100
2019-06-28 09:57:50.000000000,99956,188,99917,188,100124,185,99907,185,100138,185,99687,185,100492,100,99683,100,100586,100,98987,100,100623,100,98951,100,100714,100,98936,100,100727,100,98930,100,100789,100,98870,100,100868,100,98868,100
2019-06-28 09:57:50.587210862,99956,188,99917,88,100124,185,99907,185,100138,185,99687,185,100492,100,99683,100,100586,100,98987,100,100623,100,98951,100,100714,100,98936,100,100727,100,98930,100,100789,100,98870,100,100868,100,98868,100
2019-06-28 09:57:55.778224038,99956,188,99917,88,100124,185,99907,185,100138,185,99687,185,100492,100,99683,100,100586,100,98987,100,100623,100,98951,100,100714,100,98936,100,100727,100,98933,100,100789,100,98930,100,100868,100,98870,100
2019-06-28 09:57:59.207895887,99917,12,99907,185,99956,188,99687,185,100124,185,99683,100,100138,185,98987,100,100492,100,98951,100,100586,100,98936,100,100623,100,98933,100,100714,100,98930,100,100727,100,98870,100,100789,100,98868,100
2019-06-28 09:58:00.000000000,99917,100,99907,188,99956,185,99687,185,100124,185,99683,185,100138,100,98987,100,100492,100,98951,100,100586,100,98936,100,100623,100,98933,100,100714,100,98930,100,100727,100,98870,100,100789,100,98868,100
2019-06-28 09:58:10.000000000,99917,270,99907,358,99956,100,99687,100,100124,100,99683,100,100138,100,98987,100,100492,100,98951,100,100586,100,98936,100,100623,100,98933,100,100714,100,98930,100,100727,100,98870,100,100789,100,98868,100
2019-06-28 09:58:20.000000000,99917,64,99907,152,99956,152,99687,152,100124,152,99683,152,100138,152,98987,152,100492,152,98951,152,100586,100,98936,100,100623,100,98933,100,100714,100,98930,100,100727,100,98870,100,100789,100,98868,100
2019-06-28 09:58:30.000000000,99917,270,99907,358,99956,100,99687,100,100124,100,99683,100,100138,100,98987,100,100492,100,98951,100,100586,100,98936,100,100623,100,98933,100,100714,100,98930,100,100727,100,98870,100,100789,100,98868,100
2019-06-28 09:58:40.000000000,99917,141,99907,229,99956,229,99687,229,100124,100,99683,100,100138,100,98987,100,100492,100,98951,100,100586,100,98936,100,100623,100,98933,100,100714,100,98930,100,100727,100,98870,100,100789,100,98868,100
2019-06-28 09:58:50.000000000,99917,76,99907,164,99956,164,99687,164,100124,164,99683,164,100138,164,98987,164,100492,100,98951,100,100586,100,98936,100,100623,100,98933,100,100714,100,98930,100,100727,100,98870,100,100789,100,98868,100
2019-06-28 09:59:00.000000000,99917,64,99907,152,99956,152,99687,152,100124,152,99683,152,100138,152,98987,152,100492,152,98951,152,100586,100,98936,100,100623,100,98933,100,100714,100,98930,100,100727,100,98870,100,100789,100,98868,100
2019-06-28 09:59:10.000000000,99917,270,99907,358,99956,100,99687,100,100124,100,99683,100,100138,100,98987,100,100492,100,98951,100,100586,100,98936,100,100623,100,98933,100,100714,100,98930,100,100727,100,98870,100,100789,100,98868,100
2019-06-28 09:59:20.000000000,99917,64,99907,152,99956,152,99687,152,100124,152,99683,152,100138,152,98987,152,100492,152,98951,152,100586,100,98936,100,100623,100,98933,100,100714,100,98930,100,100727,100,98870,100,100789,100,98868,100
2019-06-28 09:59:24.511631113,99917,64,99907,152,99956,152,99687,152,100124,152,99683,152,100138,152,99370,100,100492,152,98987,52,100586,100,98951,152,100623,100,98936,100,100714,100,98933,100,100727,100,98930,100,100789,100,98870,100
2019-06-28 09:59:30.000000000,99917,100,99907,188,99956,185,99687,185,100124,185,99683,185,100138,100,99370,100,100492,100,98951,100,100586,100,98936,100,100623,100,98933,100,100714,100,98930,100,100727,100,98870,100,100789,100,98868,100
2019-06-28 09:59:30.877395508,99917,200,99907,188,99956,185,99687,185,100124,185,99683,185,100138,100,99370,100,100492,100,98951,100,100586,100,98936,100,100623,100,98933,100,100714,100,98930,100,100727,100,98870,100,100789,100,98868,100
2019-06-28 09:59:40.000000000,99917,164,99907,152,99956,152,99687,152,100124,152,99683,152,100138,152,99370,152,100492,152,98951,152,100586,100,98936,100,100623,100,98933,100,100714,100,98930,100,100727,100,98870,100,100789,100,98868,100
2019-06-28 09:59:41.738541144,99917,264,99907,152,99956,152,99687,152,100124,152,99683,152,100138,152,99370,152,100492,152,98951,152,100586,100,98936,100,100623,100,98933,100,100714,100,98930,100,100727,100,98870,100,100789,100,98868,100
2019-06-28 09:59:50.000000000,99917,300,99907,188,99956,185,99687,185,100124,185,99683,185,100138,100,99370,100,100492,100,98951,100,100586,100,98936,100,100623,100,98933,100,100714,100,98930,100,100727,100,98870,100,100789,100,98868,100
2019-06-28 10:00:00.000000000,99917,276,99907,164,99956,164,99687,164,100124,164,99683,164,100138,164,99370,164,100492,100,98951,100,100586,100,98936,100,100623,100,98933,100,100714,100,98930,100,100727,100,98870,100,100789,100,98868,100
2019-06-28 10:00:01.391760124,99907,36,99687,164,99917,276,99683,164,99956,164,99370,164,100124,164,98951,100,100138,164,98936,100,100492,100,98933,100,100586,100,98930,100,100623,100,98870,100,100714,100,98868,100,100727,100,98855,100
2019-06-28 10:00:03.416713901,99907,36,99687,164,99917,276,99683,164,99956,164,99519,100,100124,164,99370,164,100138,164,98951,100,100492,100,98936,100,100586,100,98933,100,100623,100,98930,100,100714,100,98870,100,100727,100,98868,100
2019-06-28 10:00:10.000000000,99907,124,99687,188,99917,297,99683,185,99956,185,99519,185,100124,100,99370,100,100138,100,98951,100,100492,100,98936,100,100586,100,98933,100,100623,100,98930,100,100714,100,98870,100,100727,100,98868,100
2019-06-28 10:00:20.000000000,99907,88,99687,152,99917,264,99683,152,99956,152,99519,152,100124,152,99370,152,100138,152,98951,152,100492,100,98936,100,100586,100,98933,100,100623,100,98930,100,100714,100,98870,100,100727,100,98868,100
2019-06-28 10:00:30.000000000,99907,124,99687,188,99917,297,99683,185,99956,185,99519,185,100124,100,99370,100,100138,100,98951,100,100492,100,98936,100,100586,100,98933,100,100623,100,98930,100,100714,100,98870,100,100727,100,98868,100
2019-06-28 10:00:40.000000000,99907,165,99687,229,99917,341,99683,229,99956,100,99519,100,100124,100,99370,100,100138,100,98951,100,100492,100,98936,100,100586,100,98933,100,100623,100,98930,100,100714,100,98870,100,100727,100,98868,100
2019-06-28 10:00:50.000000000,99907,88,99687,152,99917,264,99683,152,99956,152,99519,152,100124,152,99370,152,100138,152,98951,152,100492,100,98936,100,100586,100,98933,100,100623,100,98930,100,100714,100,98870,100,100727,100,98868,100
2019-06-28 10:01:00.000000000,99907,165,99687,229,99917,341,99683,229,99956,100,99519,100,100124,100,99370,100,100138,100,98951,100,100492,100,98936,100,100586,100,98933,100,100623,100,98930,100,100714,100,98870,100,100727,100,98868,100
2019-06-28 10:01:05.517159879,99907,165,99687,229,99917,341,99683,229,99956,100,99519,100,100124,100,99370,100,100138,100,99088,100,100492,100,98951,100,100586,100,98936,100,100623,100,98933,100,100714,100,98930,100,100727,100,98870,100
2019-06-28 10:01:10.000000000,99907,294,99687,358,99917,212,99683,100,99956,100,99519,100,100124,100,99370,100,100138,100,99088,100,100492,100,98951,100,100586,100,98936,100,100623,100,98933,100,100714,100,98930,100,100727,100,98870,100
2019-06-28 10:01:20.000000000,99907,294,99687,358,99917,212,99683,100,99956,100,99519,100,100124,100,99370,100,100138,100,99088,100,100492,100,98951,100,100586,100,98936,100,100623,100,98933,100,100714,100,98930,100,100727,100,98870,100
2019-06-28 10:01:30.000000000,99907,294,99687,358,99917,212,99683,100,99956,100,99519,100,100124,100,99370,100,100138,100,99088,100,100492,100,98951,100,100586,100,98936,100,100623,100,98933,100,100714,100,98930,100,100727,100,98870,100
2019-06-28 10:01:40.000000000,99907,294,99687,358,99917,212,99683,100,99956,100,99519,100,100124,100,99370,100,100138,100,99088,100,100492,100,98951,100,100586,100,98936,100,100623,100,98933,100,100714,100,98930,100,100727,100,98870,100
2019-06-28 10:01:44.840982735,99907,294,99687,358,99917,212,99683,100,99956,100,99519,100,100124,100,99370,100,100138,100,99176,100,100492,100,98951,100,100586,100,98936,100,100623,100,98933,100,100714,100,98930,100,100727,100,98870,100
2019-06-28 10:01:50.000000000,99907,100,99687,164,99917,276,99683,164,99956,164,99519,164,100124,164,99370,164,100138,100,99176,100,100492,100,98951,100,100586,100,98936,100,100623,100,98933,100,100714,100,98930,100,100727,100,98870,100
2019-06-28 10:02:00.000000000,99907,100,99687,164,99917,276,99683,164,99956,164,99519,164,100124,164,99370,164,100138,100,99176,100,100492,100,98951,100,100586,100,98936,100,100623,100,98933,100,100714,100,98930,100,100727,100,98870,100
2019-06-28 10:02:10.000000000,99907,124,99687,188,99917,297,99683,185,99956,185,99519,185,100124,100,99370,100,100138,100,99176,100,100492,100,98951,100,100586,100,98936,100,100623,100,98933,100,100714,100,98930,100,100727,100,98870,100
2019-06-28 10:02:20.000000000,99907,294,99687,358,99917,212,99683,100,99956,100,99519,100,100124,100,99370,100,100138,100,99176,100,100492,100,98951,100,100586,100,98936,100,100623,100,98933,100,100714,100,98930,100,100727,100,98870,100
2019-06-28 10:02:25.042424368,99907,294,99841,100,99917,212,99687,358,99956,100,99683,100,100124,100,99519,100,100138,100,99370,100,100492,100,99176,100,100586,100,98951,100,100623,100,98936,100,100714,100,98933,100,100727,100,98930,100
2019-06-28 10:02:30.000000000,99907,100,99841,164,99917,276,99687,164,99956,164,99683,164,100124,164,99519,164,100138,100,99370,100,100492,100,99176,100,100586,100,98951,100,100623,100,98936,100,100714,100,98933,100,100727,100,98930,100
2019-06-28 10:02:32.650448637,99876,100,99841,164,99907,100,99687,164,99917,276,99683,164,99956,164,99519,164,100124,164,99370,100,100138,100,98951,100,100492,100,98936,100,100586,100,98933,100,100623,100,98930,100,100714,100,98870,100
2019-06-28 10:02:33.448249299,99876,100,99841,164,99907,100,99687,164,99917,276,99683,164,99934,100,99519,164,99956,164,99370,100,100124,164,98951,100,100138,100,98936,100,100492,100,98933,100,100586,100,98930,100,100623,100,98870,100
2019-06-28 10:02:35.578946539,99876,100,99841,164,99907,64,99822,100,99917,276,99687,164,99934,100,99683,164,99956,164,99519,164,100124,164,99370,100,100138,100,98951,100,100492,100,98936,100,100586,100,98933,100,100623,100,98930,100
2019-06-28 10:02:40.000000000,99876,164,99841,164,99917,276,99822,164,99934,164,99687,164,99956,164,99683,164,100124,100,99519,100,100138,100,99370,100,100492,100,98951,100,100586,100,98936,100,100623,100,98933,100,100714,100,98930,100
2019-06-28 10:02:50.000000000,99876,188,99841,188,99917,297,99822,185,99934,185,99687,185,99956,100,99683,100,100124,100,99519,100,100138,100,99370,100,100492,100,98951,100,100586,100,98936,100,100623,100,98933,100,100714,100,98930,100
2019-06-28 10:03:00.000000000,99876,152,99841,152,99917,264,99822,152,99934,152,99687,152,99956,152,99683,152,100124,152,99519,152,100138,100,99370,100,100492,100,98951,100,100586,100,98936,100,100623,100,98933,100,100714,100,98930,100
2019-06-28 10:03:10.000000000,99876,188,99841,188,99917,297,99822,185,99934,185,99687,185,99956,100,99683,100,100124,100,99519,100,100138,100,99370,100,100492,100,98951,100,100586,100,98936,100,100623,100,98933,100,100714,100,98930,100
2019-06-28 10:03:11.023221610,99876,188,99841,188,99917,297,99822,185,99934,185,99687,185,99956,100,99683,100,100124,100,99535,100,100138,100,99519,100,100492,100,99370,100,100586,100,98951,100,100623,100,98936,100,100714,100,98933,100
2019-06-28 10:03:20.000000000,99876,152,99841,152,99917,264,99822,152,99934,152,99687,152,99956,152,99683,152,100124,152,99535,152,100138,100,99519,100,100492,100,99370,100,100586,100,98951,100,100623,100,98936,100,100714,100,98933,100
2019-06-28 10:03:25.763407892,99876,152,99841,52,99917,264,99822,152,99934,152,99687,152,99956,152,99683,152,100124,152,99535,152,100138,100,99519,100,100492,100,99370,100,100586,100,98951,100,100623,100,98936,100,100714,100,98930,100
2019-06-28 10:03:30.000000000,99876,229,99822,229,99917,341,99687,229,99934,100,99683,100,99956,100,99535,100,100124,100,99519,100,100138,100,99370,100,100492,100,98951,100,100586,100,98936,100,100623,100,98930,100,100714,100,98870,100
2019-06-28 10:03:35.223487721,99876,229,99822,229,99917,341,99687,229,99934,100,99683,100,99956,100,99539,100,100124,100,99519,100,100138,100,99370,100,100492,100,98951,100,100586,100,98936,100,100623,100,98930,100,100714,100,98870,100
2019-06-28 10:03:40.000000000,99876,152,99822,152,99917,264,99687,152,99934,152,99683,152,99956,152,99539,152,100124,152,99519,152,100138,100,99370,100,100492,100,98951,100,100586,100,98936,100,100623,100,98930,100,100714,100,98870,100
2019-06-28 10:03:46.378842341,99876,152,99822,52,99917,264,99687,152,99934,152,99683,152,99956,152,99539,152,100124,152,99519,152,100138,100,99370,100,100492,100,98951,100,100586,100,98936,100,100623,100,98930,100,100714,100,98870,100
2019-06-28 10:03:50.000000000,99876,152,99687,152,99917,264,99683,152,99934,152,99539,152,99956,152,99519,152,100124,152,99370,152,100138,100,98951,100,100492,100,98936,100,100586,100,98930,100,100623,100,98870,100,100714,100,98868,100
2019-06-28 10:03:54.963019920,99876,152,99687,152,99917,264,99683,152,99934,152,99539,152,99956,152,99519,152,100124,152,99370,152,100138,100,99249,100,100492,100,98951,100,100586,100,98936,100,100623,100,98930,100,100714,100,98870,100
2019-06-28 10:03:55.608444211,99729,100,99687,152,99876,152,99683,152,99917,264,99539,152,99934,152,99519,152,99956,152,99370,152,100124,152,99249,100,100138,100,98951,100,100492,100,98936,100,100586,100,98930,100,100623,100,98870,100
2019-06-28 10:04:00.000000000,99729,164,99687,164,99876,164,99683,164,99917,276,99539,164,99934,164,99519,164,99956,100,99370,100,100124,100,99249,100,100138,100,98951,100,100492,100,98936,100,100586,100,98930,100,100623,100,98870,100
2019-06-28 10:04:05.952120090,99729,164,99687,164,99876,164,99683,164,99917,276,99539,164,99934,164,99519,164,99956,100,99370,100,100124,100,99338,100,100138,100,99249,100,100492,100,98951,100,100586,100,98936,100,100623,100,98930,100
2019-06-28 10:04:07.108305853,99729,164,99687,164,99876,164,99683,164,99917,176,99539,164,99934,164,99519,164,99956,100,99370,100,100124,100,99338,100,100138,100,99249,100,100492,100,98951,100,100586,100,98936,100,100623,100,98930,100
2019-06-28 10:04:10.000000000,99729,152,99687,152,99876,152,99683,152,99917,164,99539,152,99934,152,99519,152,99956,152,99370,152,100124,100,99338,100,100138,100,99249,100,100492,100,98951,100,100586,100,98936,100,100623,100,98930,100
2019-06-28 10:04:20.000000000,99729,188,99687,188,99876,185,99683,185,99917,197,99539,185,99934,100,99519,100,99956,100,99370,100,100124,100,99338,100,100138,100,99249,100,100492,100,98951,100,100586,100,98936,100,100623,100,98930,100
2019-06-28 10:04:30.000000000,99729,152,99687,152,99876,152,99683,152,99917,164,99539,152,99934,152,99519,152,99956,152,99370,152,100124,100,99338,100,100138,100,99249,100,100492,100,98951,100,100586,100,98936,100,100623,100,98930,100
2019-06-28 10:04:40.000000000,99729,188,99687,188,99876,185,99683,185,99917,197,99539,185,99934,100,99519,100,99956,100,99370,100,100124,100,99338,100,100138,100,99249,100,100492,100,98951,100,100586,100,98936,100,100623,100,98930,100
2019-06-28 10:04:50.000000000,99729,152,99687,152,99876,152,99683,152,99917,164,99539,152,99934,152,99519,152,99956,152,99370,152,100124,100,99338,100,100138,100,99249,100,100492,100,98951,100,100586,100,98936,100,100623,100,98930,100
2019-06-28 10:05:00.000000000,99729,164,99687,164,99876,164,99683,164,99917,176,99539,164,99934,164,99519,164,99956,100,99370,100,100124,100,99338,100,100138,100,99249,100,100492,100,98951,100,100586,100,98936,100,100623,100,98930,100
2019-06-28 10:05:09.619671543,99729,64,99687,164,99876,164,99683,164,99917,176,99539,164,99934,164,99519,164,99956,100,99370,100,100124,100,99338,100,100138,100,99249,100,100492,100,98951,100,100586,100,98936,100,100623,100,98930,100
2019-06-28 10:05:09.831668591,99876,164,99729,36,99917,176,99687,164,99934,164,99683,164,99956,100,99539,164,100124,100,99519,164,100138,100,99370,100,100492,100,99338,100,100586,100,99249,100,100623,100,98951,100,100714,100,98936,100
2019-06-28 10:05:10.000000000,99876,358,99729,294,99917,112,99687,100,99934,100,99683,100,99956,100,99539,100,100124,100,99519,100,100138,100,99370,100,100492,100,99338,100,100586,100,99249,100,100623,100,98951,100,100714,100,98936,100
2019-06-28 10:05:20.000000000,99876,164,99729,100,99917,176,99687,164,99934,164,99683,164,99956,164,99539,164,100124,100,99519,100,100138,100,99370,100,100492,100,99338,100,100586,100,99249,100,100623,100,98951,100,100714,100,98936,100
2019-06-28 10:05:24.353341219,99876,164,99729,100,99917,176,99687,164,99934,164,99683,164,99956,164,99539,164,100028,100,99519,100,100124,100,99370,100,100138,100,99338,100,100492,100,99249,100,100586,100,98951,100,100623,100,98936,100
2019-06-28 10:05:30.000000000,99876,188,99729,124,99917,197,99687,185,99934,185,99683,185,99956,100,99539,100,100028,100,99519,100,100124,100,99370,100,100138,100,99338,100,100492,100,99249,100,100586,100,98951,100,100623,100,98936,100
2019-06-28 10:05:34.182370679,99876,188,99810,100,99917,197,99729,88,99934,185,99687,185,99956,100,99683,185,100028,100,99539,100,100124,100,99519,100,100138,100,99370,100,100492,100,99338,100,100586,100,99249,100,100623,100,98951,100
2019-06-28 10:05:40.000000000,99876,164,99810,164,99917,176,99687,164,99934,164,99683,164,99956,164,99539,164,100028,100,99519,100,100124,100,99370,100,100138,100,99338,100,100492,100,99249,100,100586,100,98951,100,100623,100,98936,100
2019-06-28 10:05:41.448115852,99876,164,99810,164,99917,176,99687,164,99934,164,99683,164,99956,164,99539,164,100028,100,99519,100,100124,100,99370,100,100138,100,99338,100,100231,100,99249,100,100492,100,98951,100,100586,100,98936,100
2019-06-28 10:05:50.000000000,99876,358,99810,358,99917,112,99687,100,99934,100,99683,100,99956,100,99539,100,100028,100,99519,100,100124,100,99370,100,100138,100,99338,100,100231,100,99249,100,100492,100,98951,100,100586,100,98936,100
2019-06-28 10:05:51.000026041,99876,358,99810,358,99917,112,99729,100,99934,100,99687,100,99956,100,99683,100,100028,100,99539,100,100124,100,99519,100,100138,100,99370,100,100231,100,99338,100,100492,100,99249,100,100586,100,98951,100
2019-06-28 10:06:00.000000000,99876,164,99810,164,99917,176,99729,164,99934,164,99687,164,99956,164,99683,164,100028,100,99539,100,100124,100,99519,100,100138,100,99370,100,100231,100,99338,100,100492,100,99249,100,100586,100,98951,100
2019-06-28 10:06:10.000000000,99876,152,99810,152,99917,164,99729,152,99934,152,99687,152,99956,152,99683,152,100028,152,99539,152,100124,100,99519,100,100138,100,99370,100,100231,100,99338,100,100492,100,99249,100,100586,100,98951,100
2019-06-28 10:06:20.000000000,99876,229,99810,229,99917,241,99729,229,99934,100,99687,100,99956,100,99683,100,100028,100,99539,100,100124,100,99519,100,100138,100,99370,100,100231,100,99338,100,100492,100,99249,100,100586,100,98951,100
2019-06-28 10:06:30.000000000,99876,188,99810,188,99917,197,99729,185,99934,185,99687,185,99956,100,99683,100,100028,100,99539,100,100124,100,99519,100,100138,100,99370,100,100231,100,99338,100,100492,100,99249,100,100586,100,98951,100
2019-06-28 10:06:32.764511707,99876,188,99810,188,99910,100,99729,185,99917,197,99687,185,99934,185,99683,100,99956,100,99539,100,100028,100,99519,100,100124,100,99370,100,100138,100,99338,100,100231,100,99249,100,100492,100,98951,100
2019-06-28 10:06:33.537042944,99876,88,99810,188,99910,100,99729,185,99917,197,99687,185,99934,185,99683,100,99956,100,99539,100,100028,100,99519,100,100124,100,99370,100,100138,100,99338,100,100231,100,99249,100,100492,100,98936,100
2019-06-28 10:06:33.542770169,99876,88,99810,188,99910,100,99739,100,99917,197,99729,185,99934,185,99687,185,99956,100,99683,100,100028,100,99539,100,100124,100,99519,100,100138,100,99370,100,100231,100,99338,100,100492,100,99249,100
2019-06-28 10:06:40.000000000,99910,164,99810,164,99917,176,99739,164,99934,164,99729,164,99956,164,99687,164,100028,100,99683,100,100124,100,99539,100,100138,100,99519,100,100231,100,99370,100,100492,100,99338,100,100586,100,99249,100
