,ask_price_1,ask_size_1,bid_price_1,bid_size_1,ask_price_2,ask_size_2,bid_price_2,bid_size_2,ask_price_3,ask_size_3,bid_price_3,bid_size_3,ask_price_4,ask_size_4,bid_price_4,bid_size_4,ask_price_5,ask_size_5,bid_price_5,bid_size_5,ask_price_6,ask_size_6,bid_price_6,bid_size_6,ask_price_7,ask_size_7,bid_price_7,bid_size_7,ask_price_8,ask_size_8,bid_price_8,bid_size_8,ask_price_9,ask_size_9,bid_price_9,bid_size_9,ask_price_10,ask_size_10,bid_price_10,bid_size_10
2019-06-28 09:30:00.000000000,100055,100,,,,,,,,,,,,,,,,,,,,,,,,,,,,,,,,,,,,,,
2019-06-28 09:30:00.000000001,100055,100,99929,100,,,,,,,,,,,,,,,,,,,,,,,,,,,,,,,,,,,,
2019-06-28 09:30:00.000000007,100029,100,99929,100,100055,100,99899,100,,,,,,,,,,,,,,,,,,,,,,,,,,,,,,,,
2019-06-28 09:30:00.000000008,100029,100,99929,100,100055,100,99916,100,,,99899,100,,,,,,,,,,,,,,,,,,,,,,,,,,,,
2019-06-28 09:30:00.000000010,100029,100,99973,100,100055,100,99929,100,,,99921,100,,,99916,100,,,99899,100,,,99892,100,,,,,,,,,,,,,,,,
2019-06-28 09:30:00.000000011,100029,100,99929,100,100055,100,99921,100,,,99916,100,,,99899,100,,,99892,100,,,,,,,,,,,,,,,,,,,,
2019-06-28 09:30:00.000000012,100029,100,100027,100,100055,100,99998,100,,,99929,100,,,99921,100,,,99916,100,,,99899,100,,,99892,100,,,,,,,,,,,,
2019-06-28 09:30:00.000000018,100029,100,100027,100,100055,100,99998,100,,,99929,100,,,99921,100,,,99916,100,,,99915,100,,,99914,100,,,99899,100,,,99892,100,,,,
2019-06-28 09:30:00.000000020,100029,100,99998,100,100055,100,99929,100,,,99921,100,,,99916,100,,,99915,100,,,99914,100,,,99899,100,,,99892,100,,,,,,,,
2019-06-28 09:30:00.000000026,100027,100,99998,100,100029,100,99929,100,100055,100,99921,100,,,99916,100,,,99915,100,,,99914,100,,,99899,100,,,99892,100,,,,,,,,
2019-06-28 09:30:00.000000027,100027,100,99998,100,100029,100,99929,100,100055,100,99921,100,,,99916,100,,,99915,100,,,99914,100,,,99899,100,,,99892,100,,,,,,,,
2019-06-28 09:30:00.000000028,100027,100,99998,100,100029,100,99929,100,100055,100,99921,100,,,99916,100,,,99915,100,,,99914,100,,,99899,100,,,99892,100,,,99870,100,,,,
2019-06-28 09:30:00.000000034,100014,100,99998,100,100027,100,99929,100,100029,100,99921,100,100055,100,99916,100,,,99915,100,,,99914,100,,,99899,100,,,99892,100,,,99870,100,,,,
2019-06-28 09:30:00.000000035,100014,100,99998,100,100027,100,99929,100,100029,100,99921,100,100055,100,99916,100,,,99915,100,,,99914,100,,,99899,100,,,99892,100,,,99870,100,,,99829,100
2019-06-28 09:30:00.000000036,100014,100,99998,100,100027,200,99929,100,100029,100,99921,100,100055,100,99916,100,,,99915,100,,,99914,100,,,99899,100,,,99892,100,,,99870,100,,,99829,100
2019-06-28 09:30:00.000000038,100014,100,99998,100,100027,200,99982,100,100029,100,99929,100,100055,100,99921,100,,,99916,100,,,99915,100,,,99914,100,,,99899,100,,,99892,100,,,99870,100
2019-06-28 09:30:00.000000039,100014,100,99998,100,100027,200,99982,100,100029,100,99929,100,100050,100,99921,100,100055,100,99916,100,,,99915,100,,,99914,100,,,99899,100,,,99892,100,,,99870,100
2019-06-28 09:30:00.000000040,100014,100,99998,100,100027,200,99982,100,100029,100,99929,100,100050,100,99921,100,100055,100,99916,100,100256,100,99915,100,,,99914,100,,,99899,100,,,99892,100,,,99870,100
2019-06-28 09:30:00.000000041,100014,100,99998,100,100027,200,99982,100,100029,100,99946,100,100050,100,99929,100,100055,100,99921,100,100256,100,99916,100,,,99915,100,,,99914,100,,,99899,100,,,99892,100
2019-06-28 09:30:00.000000042,100014,100,99998,100,100027,200,99982,100,100029,100,99954,100,100050,100,99946,100,100055,100,99929,100,100256,100,99921,100,,,99916,100,,,99915,100,,,99914,100,,,99899,100
2019-06-28 09:30:00.000000043,100014,100,99998,100,100027,200,99982,100,100029,100,99954,200,100050,100,99946,100,100055,100,99929,100,100057,100,99921,100,100256,100,99916,100,,,99915,100,,,99914,100,,,99899,100
2019-06-28 09:30:00.000000049,100014,100,99998,100,100027,300,99982,100,100029,100,99954,200,100050,100,99946,100,100055,100,99929,100,100057,100,99921,100,100256,100,99916,100,,,99915,100,,,99914,100,,,99899,100
2019-06-28 09:30:00.000000051,100014,100,99982,100,100024,100,99954,200,100026,100,99946,100,100027,300,99929,100,100029,100,99921,100,100050,100,99916,100,100055,100,99915,100,100057,100,99914,100,100256,100,99899,100,,,99892,100
2019-06-28 09:30:00.000000052,100014,100,99982,100,100024,100,99954,200,100026,100,99946,100,100027,300,99929,100,100029,100,99921,100,100050,100,99916,100,100055,100,99915,100,100057,100,99914,100,100060,100,99899,100,100124,100,99892,100
2019-06-28 09:30:00.000000053,100014,100,99982,100,100024,100,99954,200,100026,100,99946,100,100027,300,99929,100,100029,100,99921,100,100050,100,99916,100,100055,100,99915,100,100057,100,99914,100,100060,100,99899,100,100083,100,99892,100
2019-06-28 09:30:00.000000055,100014,100,99954,200,100024,100,99946,100,100026,100,99929,100,100027,300,99921,100,100029,100,99916,100,100050,100,99915,100,100055,100,99914,100,100057,100,99899,100,100060,100,99892,100,100083,100,99870,100
2019-06-28 09:30:00.000000056,100014,100,99954,200,100024,100,99946,100,100026,100,99929,100,100027,300,99921,100,100029,100,99916,100,100050,100,99915,100,100055,100,99914,100,100057,100,99899,100,100060,100,99892,100,100083,100,99870,100
2019-06-28 09:30:00.000000057,100014,100,99954,200,100024,100,99946,100,100026,100,99929,100,100027,300,99921,100,100029,100,99916,100,100050,100,99915,100,100055,100,99914,100,100057,100,99899,100,100060,100,99892,100,100083,100,99890,100
2019-06-28 09:30:00.000000058,100014,100,99954,200,100024,100,99946,100,100026,100,99929,100,100027,300,99921,100,100029,100,99916,100,100050,100,99915,100,100055,100,99914,100,100057,100,99899,100,100060,100,99892,100,100083,100,99890,100
2019-06-28 09:30:00.000000060,100014,100,99982,100,100024,100,99954,200,100026,100,99946,100,100027,300,99929,100,100029,100,99921,100,100050,100,99916,100,100055,100,99915,100,100057,100,99914,100,100060,100,99899,100,100083,100,99892,100
2019-06-28 09:30:00.000000061,100014,100,99982,100,100024,100,99954,200,100026,100,99946,100,100027,300,99929,100,100029,100,99921,100,100050,100,99916,100,100055,100,99915,100,100057,100,99914,100,100060,100,99912,100,100083,100,99899,100
2019-06-28 09:30:00.000000064,100014,100,99982,100,100024,100,99954,200,100026,100,99946,100,100027,300,99929,100,100029,100,99921,100,100050,100,99916,100,100055,100,99915,100,100057,100,99914,100,100060,100,99912,100,100083,100,99899,100
2019-06-28 09:30:00.000000067,100014,100,99982,100,100024,100,99954,200,100026,100,99946,100,100027,300,99929,100,100029,100,99921,100,100050,100,99916,100,100055,100,99915,100,100057,100,99914,100,100060,100,99912,100,100079,100,99899,100
2019-06-28 09:30:00.000000069,99998,100,99982,100,100005,100,99954,200,100014,100,99946,100,100024,100,99929,100,100026,100,99921,100,100027,300,99916,100,100029,100,99915,100,100050,100,99914,100,100055,100,99912,100,100057,100,99899,100
2019-06-28 09:30:00.000000070,99998,100,99982,300,100005,100,99954,200,100014,100,99946,100,100024,100,99929,100,100026,100,99921,100,100027,300,99916,100,100029,100,99915,100,100050,100,99914,100,100055,100,99912,100,100057,100,99899,100
2019-06-28 09:30:00.000000071,99986,100,99982,300,99998,100,99954,200,100005,100,99946,100,100014,100,99929,100,100024,100,99921,100,100026,100,99916,100,100027,300,99915,100,100029,100,99914,100,100050,100,99912,100,100055,100,99899,100
2019-06-28 09:30:00.000000075,99986,100,99982,300,99998,100,99954,200,100005,100,99946,100,100014,100,99929,100,100024,100,99921,100,100026,100,99916,100,100027,300,99915,100,100029,100,99914,100,100050,100,99912,100,100055,100,99907,100
2019-06-28 09:30:00.000000079,99986,100,99982,300,99998,100,99954,200,100005,100,99946,100,100014,100,99929,100,100024,100,99923,100,100026,100,99921,100,100027,300,99916,100,100029,100,99915,100,100050,100,99914,100,100055,100,99912,100
2019-06-28 09:30:00.000000081,99998,100,99995,100,100005,100,99982,300,100014,100,99954,200,100024,100,99946,100,100026,100,99929,100,100027,300,99923,100,100029,100,99921,100,100050,100,99916,100,100055,100,99915,100,100057,100,99914,100
2019-06-28 09:30:00.000000082,100005,100,99995,100,100014,100,99982,300,100024,100,99954,200,100026,100,99946,100,100027,300,99929,100,100029,100,99923,100,100050,100,99921,100,100055,100,99916,100,100057,100,99915,100,100060,100,99914,100
2019-06-28 09:30:00.000000085,100005,100,99996,100,100014,100,99995,100,100024,100,99982,300,100026,100,99954,200,100027,300,99946,100,100029,100,99929,100,100050,100,99923,100,100055,100,99921,100,100057,100,99916,100,100060,100,99915,100
2019-06-28 09:30:00.000000087,100005,100,99996,100,100014,100,99995,100,100024,100,99982,300,100026,100,99954,200,100027,300,99946,100,100029,100,99929,100,100050,100,99923,100,100055,100,99921,100,100057,100,99916,100,100060,100,99915,100
2019-06-28 09:30:00.000000088,99998,100,99996,100,100005,100,99995,100,100014,100,99982,300,100024,100,99954,200,100026,100,99946,100,100027,300,99929,100,100029,100,99923,100,100050,100,99921,100,100055,100,99916,100,100057,100,99915,100
2019-06-28 09:30:00.000000091,99998,100,99996,100,100005,100,99995,100,100014,100,99982,300,100024,100,99954,200,100026,100,99946,100,100027,300,99929,100,100029,100,99923,100,100050,100,99921,100,100055,100,99916,100,100057,100,99915,100
2019-06-28 09:30:00.000000093,99998,100,99996,100,100005,100,99995,100,100014,100,99982,300,100024,100,99954,200,100026,100,99946,100,100027,300,99929,100,100029,100,99923,100,100050,100,99921,100,100055,100,99916,100,100057,100,99915,100
2019-06-28 09:30:00.000000096,99997,100,99996,100,99998,100,99995,100,100005,100,99982,300,100014,100,99954,200,100024,100,99946,100,100026,100,99929,100,100027,300,99923,100,100029,100,99921,100,100050,100,99916,100,100055,100,99915,100
2019-06-28 09:30:00.000000097,99997,100,99995,100,99998,100,99982,300,100005,100,99954,200,100014,100,99946,100,100024,100,99929,100,100026,100,99923,100,100027,300,99921,100,100029,100,99916,100,100050,100,99915,100,100055,100,99914,100
2019-06-28 09:30:00.000000099,99997,100,99995,100,99998,100,99982,300,100005,100,99954,200,100014,100,99950,100,100024,100,99946,100,100026,100,99929,100,100027,300,99923,100,100029,100,99921,100,100050,100,99916,100,100055,100,99915,100
2019-06-28 09:30:10.000000000,99997,463,99995,463,99998,100,99982,300,100005,100,99954,200,100014,100,99950,100,100024,100,99946,100,100026,100,99929,100,100027,300,99923,100,100029,100,99921,100,100050,100,99916,100,100055,100,99915,100
2019-06-28 09:30:20.000000000,99997,282,99995,282,99998,282,99982,482,100005,100,99954,200,100014,100,99950,100,100024,100,99946,100,100026,100,99929,100,100027,300,99923,100,100029,100,99921,100,100050,100,99916,100,100055,100,99915,100
2019-06-28 09:30:30.000000000,99997,282,99995,282,99998,282,99982,482,100005,100,99954,200,100014,100,99950,100,100024,100,99946,100,100026,100,99929,100,100027,300,99923,100,100029,100,99921,100,100050,100,99916,100,100055,100,99915,100
2019-06-28 09:30:32.731444137,99997,282,99995,282,99998,282,99982,482,100005,100,99954,200,100014,100,99950,100,100024,100,99946,100,100026,100,99929,100,100027,300,99923,100,100029,100,99921,100,100050,100,99916,100,100055,100,99915,100
2019-06-28 09:30:35.155897691,99997,282,99995,282,99998,282,99982,482,100005,100,99954,200,100014,100,99950,100,100024,100,99946,100,100026,100,99929,100,100027,300,99923,100,100029,100,99921,100,100050,100,99916,100,100055,100,99915,100
2019-06-28 09:30:40.000000000,99997,191,99995,191,99998,191,99982,391,100005,191,99954,291,100014,191,99950,191,100024,100,99946,100,100026,100,99929,100,100027,300,99923,100,100029,100,99921,100,100050,100,99916,100,100055,100,99915,100
2019-06-28 09:30:43.765203864,99997,191,99995,191,99998,191,99982,391,100005,191,99954,291,100014,191,99950,191,100024,100,99946,100,100026,100,99929,100,100027,300,99923,100,100029,100,99921,100,100050,100,99916,100,100055,100,99915,100
2019-06-28 09:30:44.369461695,99996,100,99995,191,99997,191,99982,391,99998,191,99954,291,100005,191,99950,191,100014,191,99946,100,100024,100,99929,100,100026,100,99923,100,100027,300,99921,100,100029,100,99916,100,100050,100,99915,100
2019-06-28 09:30:48.641949332,99996,100,99995,91,99997,191,99982,391,99998,191,99954,291,100005,191,99950,191,100014,191,99946,100,100024,100,99929,100,100026,100,99923,100,100027,300,99921,100,100029,100,99916,100,100050,100,99915,100
2019-06-28 09:30:50.000000000,99996,223,99982,423,99997,220,99954,320,99998,220,99950,220,100005,100,99946,100,100014,100,99929,100,100024,100,99923,100,100026,100,99921,100,100027,300,99916,100,100029,100,99915,100,100050,100,99914,100
2019-06-28 09:31:00.000000000,99996,223,99982,423,99997,220,99954,320,99998,220,99950,220,100005,100,99946,100,100014,100,99929,100,100024,100,99923,100,100026,100,99921,100,100027,300,99916,100,100029,100,99915,100,100050,100,99914,100
2019-06-28 09:31:02.709126365,99996,223,99982,423,99997,220,99954,320,99998,220,99950,120,100005,100,99946,100,100014,100,99929,100,100024,100,99923,100,100026,100,99921,100,100027,300,99916,100,100029,100,99915,100,100050,100,99914,100
2019-06-28 09:31:10.000000000,99996,282,99982,482,99997,282,99954,382,99998,100,99946,100,100005,100,99929,100,100014,100,99923,100,100024,100,99921,100,100026,100,99916,100,100027,300,99915,100,100029,100,99914,100,100050,100,99912,100
2019-06-28 09:31:20.000000000,99996,282,99982,482,99997,282,99954,382,99998,100,99946,100,100005,100,99929,100,100014,100,99923,100,100024,100,99921,100,100026,100,99916,100,100027,300,99915,100,100029,100,99914,100,100050,100,99912,100
2019-06-28 09:31:22.433748878,99996,282,99982,382,99997,282,99954,382,99998,100,99946,100,100005,100,99929,100,100014,100,99923,100,100024,100,99921,100,100026,100,99916,100,100027,300,99915,100,100029,100,99914,100,100050,100,99912,100
2019-06-28 09:31:24.849424805,99996,282,99982,382,99997,282,99954,382,99998,100,99946,100,100005,100,99929,100,100014,100,99923,100,100024,100,99921,100,100026,100,99916,100,100027,300,99915,100,100029,100,99914,100,100050,100,99912,100
2019-06-28 09:31:30.000000000,99996,463,99982,563,99997,100,99954,200,99998,100,99946,100,100005,100,99929,100,100014,100,99923,100,100024,100,99921,100,100026,100,99916,100,100027,300,99915,100,100029,100,99914,100,100050,100,99912,100
2019-06-28 09:31:36.676863317,99996,363,99982,563,99997,100,99954,200,99998,100,99946,100,100005,100,99929,100,100014,100,99923,100,100024,100,99921,100,100026,100,99916,100,100027,300,99915,100,100029,100,99914,100,100050,100,99912,100
2019-06-28 09:31:40.000000000,99997,282,99982,382,99998,282,99954,382,100005,100,99946,100,100014,100,99929,100,100024,100,99923,100,100026,100,99921,100,100027,300,99916,100,100029,100,99915,100,100050,100,99914,100,100055,100,99912,100
2019-06-28 09:31:40.417869522,99997,282,99982,382,99998,282,99954,382,100005,100,99946,100,100014,100,99929,100,100024,100,99923,100,100026,100,99921,100,100027,300,99916,100,100029,100,99915,100,100050,100,99914,100,100055,100,99912,100
2019-06-28 09:31:50.000000000,99997,173,99982,273,99998,173,99954,273,100005,173,99946,173,100014,173,99929,173,100024,173,99923,173,100026,100,99921,100,100027,300,99916,100,100029,100,99915,100,100050,100,99914,100,100055,100,99912,100
2019-06-28 09:31:53.090836486,99997,173,99982,173,99998,173,99954,273,100005,173,99946,173,100014,173,99929,173,100024,173,99923,173,100026,100,99921,100,100027,300,99916,100,100029,100,99915,100,100050,100,99914,100,100055,100,99912,100
2019-06-28 09:32:00.000000000,99997,173,99982,173,99998,173,99954,273,100005,173,99946,173,100014,173,99929,173,100024,173,99923,173,100026,100,99921,100,100027,300,99916,100,100029,100,99915,100,100050,100,99914,100,100055,100,99912,100
2019-06-28 09:32:00.883566156,99997,173,99982,73,99998,173,99954,273,100005,173,99946,173,100014,173,99929,173,100024,173,99923,173,100026,100,99921,100,100027,300,99916,100,100029,100,99915,100,100050,100,99914,100,100055,100,99912,100
2019-06-28 09:32:10.000000000,99997,463,99954,563,99998,100,99946,100,100005,100,99929,100,100014,100,99923,100,100024,100,99921,100,100026,100,99916,100,100027,300,99915,100,100029,100,99914,100,100050,100,99912,100,100055,100,99907,100
2019-06-28 09:32:10.639788815,99997,463,99954,463,99998,100,99946,100,100005,100,99929,100,100014,100,99923,100,100024,100,99921,100,100026,100,99916,100,100027,300,99915,100,100029,100,99914,100,100050,100,99912,100,100055,100,99907,100
2019-06-28 09:32:20.000000000,99997,173,99954,173,99998,173,99946,173,100005,173,99929,173,100014,173,99923,173,100024,173,99921,173,100026,100,99916,100,100027,300,99915,100,100029,100,99914,100,100050,100,99912,100,100055,100,99907,100
2019-06-28 09:32:30.000000000,99997,223,99954,223,99998,220,99946,220,100005,220,99929,220,100014,100,99923,100,100024,100,99921,100,100026,100,99916,100,100027,300,99915,100,100029,100,99914,100,100050,100,99912,100,100055,100,99907,100
2019-06-28 09:32:40.000000000,99997,282,99954,282,99998,282,99946,282,100005,100,99929,100,100014,100,99923,100,100024,100,99921,100,100026,100,99916,100,100027,300,99915,100,100029,100,99914,100,100050,100,99912,100,100055,100,99907,100
2019-06-28 09:32:50.000000000,99997,282,99954,282,99998,282,99946,282,100005,100,99929,100,100014,100,99923,100,100024,100,99921,100,100026,100,99916,100,100027,300,99915,100,100029,100,99914,100,100050,100,99912,100,100055,100,99907,100
2019-06-28 09:32:59.157354021,99982,100,99954,282,99997,282,99946,282,99998,282,99929,100,100005,100,99923,100,100014,100,99921,100,100024,100,99916,100,100026,100,99915,100,100027,300,99914,100,100029,100,99912,100,100050,100,99907,100
2019-06-28 09:33:00.000000000,99982,191,99954,191,99997,191,99946,191,99998,191,99929,191,100005,191,99923,191,100014,100,99921,100,100024,100,99916,100,100026,100,99915,100,100027,300,99914,100,100029,100,99912,100,100050,100,99907,100
2019-06-28 09:33:07.100261153,99982,191,99954,91,99997,191,99946,91,99998,191,99929,191,100005,191,99923,191,100014,100,99921,100,100024,100,99916,100,100026,100,99915,100,100027,300,99914,100,100029,100,99912,100,100050,100,99907,100
2019-06-28 09:33:08.077448716,99954,9,99946,91,99982,191,99929,191,99997,191,99923,191,99998,191,99921,100,100005,191,99916,100,100014,100,99915,100,100024,100,99914,100,100026,100,99912,100,100027,300,99907,100,100029,100,99892,100
2019-06-28 09:33:10.000000000,99954,100,99929,191,99982,191,99923,191,99997,191,99921,191,99998,191,99916,191,100005,100,99915,100,100014,100,99914,100,100024,100,99912,100,100026,100,99907,100,100027,300,99892,100,100029,100,99890,100
2019-06-28 09:33:20.000000000,99954,191,99929,282,99982,282,99923,282,99997,100,99921,100,99998,100,99916,100,100005,100,99915,100,100014,100,99914,100,100024,100,99912,100,100026,100,99907,100,100027,300,99892,100,100029,100,99890,100
2019-06-28 09:33:24.253260400,99954,191,99929,282,99982,282,99923,282,99997,100,99921,100,99998,100,99916,100,100005,100,99915,100,100014,100,99914,100,100024,100,99912,100,100026,100,99907,100,100027,300,99892,100,100029,100,99890,100
2019-06-28 09:33:30.000000000,99954,100,99929,191,99982,191,99923,191,99997,191,99921,191,99998,191,99916,191,100005,100,99915,100,100014,100,99914,100,100024,100,99912,100,100026,100,99907,100,100027,300,99892,100,100029,100,99890,100
2019-06-28 09:33:36.633031913,99954,100,99929,191,99982,191,99923,191,99997,191,99921,191,99998,191,99916,191,100005,100,99915,100,100014,100,99914,100,100024,100,99912,100,100026,100,99907,100,100027,300,99892,100,100029,100,99890,100
2019-06-28 09:33:40.000000000,99954,82,99929,173,99982,173,99923,173,99997,173,99921,173,99998,173,99916,173,100005,173,99915,173,100014,100,99914,100,100024,100,99912,100,100026,100,99907,100,100027,300,99892,100,100029,100,99890,100
2019-06-28 09:33:50.000000000,99954,372,99929,463,99982,100,99923,100,99997,100,99921,100,99998,100,99916,100,100005,100,99915,100,100014,100,99914,100,100024,100,99912,100,100026,100,99907,100,100027,300,99892,100,100029,100,99890,100
2019-06-28 09:33:56.245699943,99954,372,99929,463,99982,100,99923,100,99997,100,99921,100,99998,100,99916,100,100005,100,99915,100,100014,100,99914,100,100024,100,99912,100,100026,100,99907,100,100027,300,99892,100,100029,100,99890,100
2019-06-28 09:34:00.000000000,99954,191,99929,282,99982,282,99923,282,99997,100,99921,100,99998,100,99916,100,100005,100,99915,100,100014,100,99914,100,100024,100,99912,100,100026,100,99907,100,100027,300,99892,100,100029,100,99890,100
2019-06-28 09:34:10.000000000,99954,100,99929,191,99982,191,99923,191,99997,191,99921,191,99998,191,99916,191,100005,100,99915,100,100014,100,99914,100,100024,100,99912,100,100026,100,99907,100,100027,300,99892,100,100029,100,99890,100
2019-06-28 09:34:20.000000000,99954,82,99929,173,99982,173,99923,173,99997,173,99921,173,99998,173,99916,173,100005,173,99915,173,100014,100,99914,100,100024,100,99912,100,100026,100,99907,100,100027,300,99892,100,100029,100,99890,100
2019-06-28 09:34:30.000000000,99954,132,99929,223,99982,220,99923,220,99997,220,99921,220,99998,100,99916,100,100005,100,99915,100,100014,100,99914,100,100024,100,99912,100,100026,100,99907,100,100027,300,99892,100,100029,100,99890,100
2019-06-28 09:34:40.000000000,99954,100,99929,191,99982,191,99923,191,99997,191,99921,191,99998,191,99916,191,100005,100,99915,100,100014,100,99914,100,100024,100,99912,100,100026,100,99907,100,100027,300,99892,100,100029,100,99890,100
2019-06-28 09:34:40.258119760,99954,100,99929,191,99982,191,99923,191,99997,191,99921,191,99998,191,99916,191,100005,100,99915,100,100014,100,99914,100,100024,100,99912,100,100026,100,99907,100,100027,300,99892,100,100029,100,99890,100
2019-06-28 09:34:50.000000000,99954,132,99929,223,99982,220,99923,220,99997,220,99921,220,99998,100,99916,100,100005,100,99915,100,100014,100,99914,100,100024,100,99912,100,100026,100,99907,100,100027,300,99892,100,100029,100,99890,100
2019-06-28 09:35:00.000000000,99954,191,99929,282,99982,282,99923,282,99997,100,99921,100,99998,100,99916,100,100005,100,99915,100,100014,100,99914,100,100024,100,99912,100,100026,100,99907,100,100027,300,99892,100,100029,100,99890,100
2019-06-28 09:35:04.401405452,99954,191,99929,282,99982,282,99923,282,99997,100,99921,100,99998,100,99916,100,100005,100,99915,100,100014,100,99914,100,100024,100,99912,100,100026,100,99907,100,100027,300,99892,100,100029,100,99890,100
2019-06-28 09:35:10.000000000,99954,191,99929,282,99982,282,99923,282,99997,100,99921,100,99998,100,99916,100,100005,100,99915,100,100014,100,99914,100,100024,100,99912,100,100026,100,99907,100,100027,300,99892,100,100029,100,99890,100
2019-06-28 09:35:18.878808004,99954,91,99929,282,99982,282,99923,282,99997,100,99921,100,99998,100,99916,100,100005,100,99915,100,100014,100,99914,100,100024,100,99912,100,100026,100,99907,100,100027,300,99892,100,100029,100,99890,100
2019-06-28 09:35:20.000000000,99982,223,99929,223,99997,220,99923,220,99998,220,99921,220,100005,100,99916,100,100014,100,99915,100,100024,100,99914,100,100026,100,99912,100,100027,300,99907,100,100029,100,99892,100,100050,100,99890,100
2019-06-28 09:35:21.442211502,99982,223,99929,123,99997,220,99923,220,99998,220,99921,220,100005,100,99916,100,100014,100,99915,100,100024,100,99914,100,100026,100,99912,100,100027,300,99907,100,100029,100,99892,100,100050,100,99890,100
2019-06-28 09:35:30.000000000,99982,173,99923,173,99997,173,99921,173,99998,173,99916,173,100005,173,99915,173,100014,173,99914,173,100024,100,99912,100,100026,100,99907,100,100027,300,99892,100,100029,100,99890,100,100050,100,99876,100
2019-06-28 09:35:40.000000000,99982,463,99923,463,99997,100,99921,100,99998,100,99916,100,100005,100,99915,100,100014,100,99914,100,100024,100,99912,100,100026,100,99907,100,100027,300,99892,100,100029,100,99890,100,100050,100,99876,100
2019-06-28 09:35:47.490526134,99982,463,99923,463,99997,100,99921,100,99998,100,99916,100,100005,100,99915,100,100014,100,99914,100,100024,100,99912,100,100027,300,99907,100,100029,100,99892,100,100050,100,99890,100,100055,100,99876,100
2019-06-28 09:35:50.000000000,99982,463,99923,463,99997,100,99921,100,99998,100,99916,100,100005,100,99915,100,100014,100,99914,100,100024,100,99912,100,100027,300,99907,100,100029,100,99892,100,100050,100,99890,100,100055,100,99876,100
2019-06-28 09:36:00.000000000,99982,463,99923,463,99997,100,99921,100,99998,100,99916,100,100005,100,99915,100,100014,100,99914,100,100024,100,99912,100,100027,300,99907,100,100029,100,99892,100,100050,100,99890,100,100055,100,99876,100
2019-06-28 09:36:10.000000000,99982,463,99923,463,99997,100,99921,100,99998,100,99916,100,100005,100,99915,100,100014,100,99914,100,100024,100,99912,100,100027,300,99907,100,100029,100,99892,100,100050,100,99890,100,100055,100,99876,100
2019-06-28 09:36:20.000000000,99982,223,99923,223,99997,220,99921,220,99998,220,99916,220,100005,100,99915,100,100014,100,99914,100,100024,100,99912,100,100027,300,99907,100,100029,100,99892,100,100050,100,99890,100,100055,100,99876,100
2019-06-28 09:36:24.338596877,99982,223,99923,223,99997,220,99921,220,99998,220,99916,220,100005,100,99915,100,100014,100,99914,100,100024,100,99912,100,100027,300,99907,100,100029,100,99892,100,100050,100,99890,100,100055,100,99876,100
2019-06-28 09:36:30.000000000,99982,173,99923,173,99997,173,99921,173,99998,173,99916,173,100005,173,99915,173,100014,173,99914,173,100024,100,99912,100,100027,300,99907,100,100029,100,99892,100,100050,100,99890,100,100055,100,99876,100
2019-06-28 09:36:34.126119368,99982,173,99923,73,99997,173,99921,173,99998,173,99916,173,100005,173,99915,173,100014,173,99914,173,100024,100,99912,100,100027,300,99907,100,100050,100,99892,100,100055,100,99890,100,100057,100,99876,100
2019-06-28 09:36:40.000000000,99982,173,99921,173,99997,173,99916,173,99998,173,99915,173,100005,173,99914,173,100014,173,99912,173,100024,100,99907,100,100027,300,99892,100,100050,100,99890,100,100055,100,99876,100,100057,100,99870,100
2019-06-28 09:36:50.000000000,99982,191,99921,191,99997,191,99916,191,99998,191,99915,191,100005,191,99914,191,100014,100,99912,100,100024,100,99907,100,100027,300,99892,100,100050,100,99890,100,100055,100,99876,100,100057,100,99870,100
2019-06-28 09:37:00.000000000,99982,463,99921,463,99997,100,99916,100,99998,100,99915,100,100005,100,99914,100,100014,100,99912,100,100024,100,99907,100,100027,300,99892,100,100050,100,99890,100,100055,100,99876,100,100057,100,99870,100
2019-06-28 09:37:10.000000000,99982,282,99921,282,99997,282,99916,282,99998,100,99915,100,100005,100,99914,100,100014,100,99912,100,100024,100,99907,100,100027,300,99892,100,100050,100,99890,100,100055,100,99876,100,100057,100,99870,100
2019-06-28 09:37:20.000000000,99982,191,99921,191,99997,191,99916,191,99998,191,99915,191,100005,191,99914,191,100014,100,99912,100,100024,100,99907,100,100027,300,99892,100,100050,100,99890,100,100055,100,99876,100,100057,100,99870,100
2019-06-28 09:37:23.751844852,99982,191,99921,91,99997,191,99916,191,99998,191,99915,191,100005,191,99914,191,100014,100,99912,100,100024,100,99907,100,100027,300,99892,100,100050,100,99890,100,100055,100,99876,100,100057,100,99870,100
2019-06-28 09:37:30.000000000,99982,463,99916,463,99997,100,99915,100,99998,100,99914,100,100005,100,99912,100,100014,100,99907,100,100024,100,99892,100,100027,300,99890,100,100050,100,99876,100,100055,100,99870,100,100057,100,99864,100
2019-06-28 09:37:40.000000000,99982,223,99916,223,99997,220,99915,220,99998,220,99914,220,100005,100,99912,100,100014,100,99907,100,100024,100,99892,100,100027,300,99890,100,100050,100,99876,100,100055,100,99870,100,100057,100,99864,100
2019-06-28 09:37:50.000000000,99982,282,99916,282,99997,282,99915,282,99998,100,99914,100,100005,100,99912,100,100014,100,99907,100,100024,100,99892,100,100027,300,99890,100,100050,100,99876,100,100055,100,99870,100,100057,100,99864,100
2019-06-28 09:38:00.000000000,99982,282,99916,282,99997,282,99915,282,99998,100,99914,100,100005,100,99912,100,100014,100,99907,100,100024,100,99892,100,100027,300,99890,100,100050,100,99876,100,100055,100,99870,100,100057,100,99864,100
2019-06-28 09:38:10.000000000,99982,223,99916,223,99997,220,99915,220,99998,220,99914,220,100005,100,99912,100,100014,100,99907,100,100024,100,99892,100,100027,300,99890,100,100050,100,99876,100,100055,100,99870,100,100057,100,99864,100
2019-06-28 09:38:20.000000000,99982,463,99916,463,99997,100,99915,100,99998,100,99914,100,100005,100,99912,100,100014,100,99907,100,100024,100,99892,100,100027,300,99890,100,100050,100,99876,100,100055,100,99870,100,100057,100,99864,100
2019-06-28 09:38:25.704491664,99982,463,99916,363,99997,100,99915,100,99998,100,99914,100,100005,100,99912,100,100014,100,99907,100,100024,100,99892,100,100027,300,99890,100,100050,100,99876,100,100055,100,99870,100,100057,100,99864,100
2019-06-28 09:38:30.000000000,99982,463,99915,463,99997,100,99914,100,99998,100,99912,100,100005,100,99907,100,100014,100,99892,100,100024,100,99890,100,100027,300,99876,100,100050,100,99870,100,100055,100,99864,100,100057,100,99829,100
2019-06-28 09:38:40.000000000,99982,173,99915,173,99997,173,99914,173,99998,173,99912,173,100005,173,99907,173,100014,173,99892,173,100024,100,99890,100,100027,300,99876,100,100050,100,99870,100,100055,100,99864,100,100057,100,99829,100
2019-06-28 09:38:42.920733309,99982,173,99915,173,99997,173,99914,173,99998,173,99912,173,100005,173,99907,173,100014,173,99892,173,100024,100,99890,100,100027,300,99876,100,100034,100,99870,100,100050,100,99864,100,100055,100,99829,100
2019-06-28 09:38:50.000000000,99982,463,99915,463,99997,100,99914,100,99998,100,99912,100,100005,100,99907,100,100014,100,99892,100,100024,100,99890,100,100027,300,99876,100,100034,100,99870,100,100050,100,99864,100,100055,100,99829,100
2019-06-28 09:39:00.000000000,99982,282,99915,282,99997,282,99914,282,99998,100,99912,100,100005,100,99907,100,100014,100,99892,100,100024,100,99890,100,100027,300,99876,100,100034,100,99870,100,100050,100,99864,100,100055,100,99829,100
2019-06-28 09:39:09.914140251,99982,282,99915,282,99997,282,99914,282,99998,100,99912,100,100005,100,99907,100,100014,100,99892,100,100024,100,99890,100,100027,300,99876,100,100034,100,99870,100,100055,100,99864,100,100057,100,99829,100
2019-06-28 09:39:10.000000000,99982,463,99915,463,99997,100,99914,100,99998,100,99912,100,100005,100,99907,100,100014,100,99892,100,100024,100,99890,100,100027,300,99876,100,100034,100,99870,100,100055,100,99864,100,100057,100,99829,100
2019-06-28 09:39:20.000000000,99982,463,99915,463,99997,100,99914,100,99998,100,99912,100,100005,100,99907,100,100014,100,99892,100,100024,100,99890,100,100027,300,99876,100,100034,100,99870,100,100055,100,99864,100,100057,100,99829,100
2019-06-28 09:39:30.000000000,99982,173,99915,173,99997,173,99914,173,99998,173,99912,173,100005,173,99907,173,100014,173,99892,173,100024,100,99890,100,100027,300,99876,100,100034,100,99870,100,100055,100,99864,100,100057,100,99829,100
2019-06-28 09:39:40.000000000,99982,223,99915,223,99997,220,99914,220,99998,220,99912,220,100005,100,99907,100,100014,100,99892,100,100024,100,99890,100,100027,300,99876,100,100034,100,99870,100,100055,100,99864,100,100057,100,99829,100
2019-06-28 09:39:50.000000000,99982,463,99915,463,99997,100,99914,100,99998,100,99912,100,100005,100,99907,100,100014,100,99892,100,100024,100,99890,100,100027,300,99876,100,100034,100,99870,100,100055,100,99864,100,100057,100,99829,100
2019-06-28 09:40:00.000000000,99982,173,99915,173,99997,173,99914,173,99998,173,99912,173,100005,173,99907,173,100014,173,99892,173,100024,100,99890,100,100027,300,99876,100,100034,100,99870,100,100055,100,99864,100,100057,100,99829,100
2019-06-28 09:40:04.949159963,99982,173,99915,173,99997,173,99914,173,99998,173,99912,173,100005,173,99907,173,100014,173,99892,173,100024,100,99890,100,100027,300,99876,100,100034,100,99870,100,100055,100,99864,100,100057,100,99829,100
2019-06-28 09:40:10.000000000,99982,463,99915,463,99997,100,99914,100,99998,100,99912,100,100005,100,99907,100,100014,100,99892,100,100024,100,99890,100,100027,300,99876,100,100034,100,99870,100,100055,100,99864,100,100057,100,99829,100
2019-06-28 09:40:20.000000000,99982,463,99915,463,99997,100,99914,100,99998,100,99912,100,100005,100,99907,100,100014,100,99892,100,100024,100,99890,100,100027,300,99876,100,100034,100,99870,100,100055,100,99864,100,100057,100,99829,100
2019-06-28 09:40:30.000000000,99982,223,99915,223,99997,220,99914,220,99998,220,99912,220,100005,100,99907,100,100014,100,99892,100,100024,100,99890,100,100027,300,99876,100,100034,100,99870,100,100055,100,99864,100,100057,100,99829,100
2019-06-28 09:40:40.000000000,99982,173,99915,173,99997,173,99914,173,99998,173,99912,173,100005,173,99907,173,100014,173,99892,173,100024,100,99890,100,100027,300,99876,100,100034,100,99870,100,100055,100,99864,100,100057,100,99829,100
2019-06-28 09:40:44.362701612,99921,100,99915,173,99982,73,99914,173,99997,173,99912,173,99998,173,99907,173,100005,173,99892,173,100014,173,99890,100,100024,100,99876,100,100027,300,99870,100,100034,100,99864,100,100055,100,99829,100
2019-06-28 09:40:47.325343029,99921,100,99915,173,99982,73,99914,173,99997,173,99912,173,99998,173,99907,173,100005,173,99892,173,100014,173,99890,100,100024,100,99870,100,100027,300,99864,100,100034,100,99829,100,100055,100,99725,100
2019-06-28 09:40:50.000000000,99921,463,99915,463,99997,100,99914,100,99998,100,99912,100,100005,100,99907,100,100014,100,99892,100,100024,100,99890,100,100027,300,99870,100,100034,100,99864,100,100055,100,99829,100,100057,100,99725,100
2019-06-28 09:40:57.891706868,99921,563,99915,463,99997,100,99914,100,99998,100,99912,100,100005,100,99907,100,100014,100,99892,100,100024,100,99890,100,100027,200,99870,100,100034,100,99864,100,100055,100,99829,100,100057,100,99725,100
2019-06-28 09:41:00.000000000,99921,273,99915,173,99997,173,99914,173,99998,173,99912,173,100005,173,99907,173,100014,173,99892,173,100024,100,99890,100,100027,200,99870,100,100034,100,99864,100,100055,100,99829,100,100057,100,99725,100
2019-06-28 09:41:08.801379077,99921,273,99915,173,99997,173,99914,173,99998,173,99912,173,100005,173,99907,173,100014,173,99892,173,100024,100,99890,100,100027,200,99870,100,100034,100,99864,100,100055,100,99829,100,100057,100,99725,100
2019-06-28 09:41:10.000000000,99921,382,99915,282,99997,282,99914,282,99998,100,99912,100,100005,100,99907,100,100014,100,99892,100,100024,100,99890,100,100027,200,99870,100,100034,100,99864,100,100055,100,99829,100,100057,100,99725,100
2019-06-28 09:41:20.000000000,99921,323,99915,223,99997,220,99914,220,99998,220,99912,220,100005,100,99907,100,100014,100,99892,100,100024,100,99890,100,100027,200,99870,100,100034,100,99864,100,100055,100,99829,100,100057,100,99725,100
2019-06-28 09:41:22.206473068,99921,323,99915,123,99997,220,99914,220,99998,220,99912,220,100005,100,99907,100,100014,100,99892,100,100024,100,99890,100,100027,200,99870,100,100034,100,99864,100,100055,100,99725,100,100057,100,99527,100
2019-06-28 09:41:27.684408169,99921,323,99915,123,99997,220,99914,220,99998,220,99912,220,100005,100,99907,100,100014,100,99892,100,100024,100,99890,100,100027,200,99870,100,100034,100,99864,100,100055,100,99725,100,100057,100,99527,100
2019-06-28 09:41:28.918647026,99916,100,99915,123,99921,323,99914,220,99997,220,99912,220,99998,220,99907,100,100005,100,99892,100,100014,100,99890,100,100024,100,99870,100,100027,200,99864,100,100034,100,99725,100,100055,100,99527,100
2019-06-28 09:41:30.000000000,99916,173,99914,173,99921,273,99912,173,99997,173,99907,173,99998,173,99892,173,100005,173,99890,173,100014,100,99870,100,100024,100,99864,100,100027,200,99725,100,100034,100,99527,100,100055,100,99519,100
2019-06-28 09:41:40.000000000,99916,282,99914,282,99921,382,99912,282,99997,100,99907,100,99998,100,99892,100,100005,100,99890,100,100014,100,99870,100,100024,100,99864,100,100027,200,99725,100,100034,100,99527,100,100055,100,99519,100
2019-06-28 09:41:43.318167814,99916,282,99914,182,99921,382,99912,282,99997,100,99907,100,99998,100,99892,100,100005,100,99890,100,100014,100,99870,100,100024,100,99864,100,100027,200,99725,100,100034,100,99527,100,100055,100,99519,100
2019-06-28 09:41:49.272477912,99916,282,99914,82,99921,382,99912,282,99997,100,99907,100,99998,100,99892,100,100005,100,99890,100,100014,100,99870,100,100024,100,99864,100,100027,200,99725,100,100034,100,99527,100,100055,100,99519,100
2019-06-28 09:41:50.000000000,99916,173,99912,173,99921,273,99907,173,99997,173,99892,173,99998,173,99890,173,100005,173,99870,173,100014,100,99864,100,100024,100,99725,100,100027,200,99527,100,100034,100,99519,100,100055,100,99461,100
2019-06-28 09:42:00.000000000,99916,282,99912,282,99921,382,99907,282,99997,100,99892,100,99998,100,99890,100,100005,100,99870,100,100014,100,99864,100,100024,100,99725,100,100027,200,99527,100,100034,100,99519,100,100055,100,99461,100
2019-06-28 09:42:10.000000000,99916,282,99912,282,99921,382,99907,282,99997,100,99892,100,99998,100,99890,100,100005,100,99870,100,100014,100,99864,100,100024,100,99725,100,100027,200,99527,100,100034,100,99519,100,100055,100,99461,100
2019-06-28 09:42:14.072472319,99916,282,99912,282,99921,382,99907,282,99997,100,99892,100,99998,100,99890,100,100005,100,99870,100,100014,100,99864,100,100024,100,99739,100,100027,200,99725,100,100034,100,99527,100,100055,100,99519,100
2019-06-28 09:42:20.000000000,99916,191,99912,191,99921,291,99907,191,99997,191,99892,191,99998,191,99890,191,100005,100,99870,100,100014,100,99864,100,100024,100,99739,100,100027,200,99725,100,100034,100,99527,100,100055,100,99519,100
2019-06-28 09:42:30.000000000,99916,191,99912,191,99921,291,99907,191,99997,191,99892,191,99998,191,99890,191,100005,100,99870,100,100014,100,99864,100,100024,100,99739,100,100027,200,99725,100,100034,100,99527,100,100055,100,99519,100
2019-06-28 09:42:35.244678854,99914,100,99912,191,99916,191,99907,191,99921,291,99892,191,99997,191,99890,191,99998,191,99870,100,100005,100,99864,100,100014,100,99739,100,100024,100,99725,100,100027,200,99527,100,100034,100,99519,100
2019-06-28 09:42:40.000000000,99914,463,99912,463,99916,100,99907,100,99921,200,99892,100,99997,100,99890,100,99998,100,99870,100,100005,100,99864,100,100014,100,99739,100,100024,100,99725,100,100027,200,99527,100,100034,100,99519,100
2019-06-28 09:42:43.321417998,99914,463,99912,463,99916,100,99907,100,99921,200,99892,100,99997,100,99890,100,99998,100,99870,100,100005,100,99864,100,100014,100,99739,100,100024,100,99725,100,100027,200,99527,100,100034,100,99519,100
2019-06-28 09:42:44.501930971,99914,563,99912,463,99916,100,99907,100,99921,200,99892,100,99997,100,99890,100,99998,100,99870,100,100005,100,99864,100,100014,100,99739,100,100024,100,99725,100,100027,200,99527,100,100034,100,99519,100
2019-06-28 09:42:47.738015048,99914,563,99912,463,99916,100,99907,100,99921,200,99892,100,99997,100,99890,100,99998,100,99870,100,100005,100,99864,100,100014,100,99739,100,100024,100,99725,100,100027,200,99527,100,100034,100,99519,100
2019-06-28 09:42:50.000000000,99914,323,99912,223,99916,220,99907,220,99921,320,99892,220,99997,100,99890,100,99998,100,99870,100,100005,100,99864,100,100014,100,99739,100,100024,100,99725,100,100027,200,99527,100,100034,100,99519,100
2019-06-28 09:42:55.198418207,99914,323,99912,123,99916,220,99907,220,99921,320,99892,120,99997,100,99890,100,99998,100,99870,100,100005,100,99864,100,100014,100,99739,100,100024,100,99725,100,100027,200,99527,100,100034,100,99519,100
2019-06-28 09:43:00.000000000,99914,563,99907,463,99916,100,99890,100,99921,200,99870,100,99997,100,99864,100,99998,100,99739,100,100005,100,99725,100,100014,100,99527,100,100024,100,99519,100,100027,200,99461,100,100034,100,99396,100
2019-06-28 09:43:06.869658804,99913,100,99907,463,99914,563,99890,100,99916,100,99870,100,99921,200,99864,100,99997,100,99739,100,99998,100,99725,100,100005,100,99527,100,100014,100,99519,100,100024,100,99461,100,100027,200,99396,100
2019-06-28 09:43:10.000000000,99913,282,99907,282,99914,382,99890,282,99916,100,99870,100,99921,200,99864,100,99997,100,99739,100,99998,100,99725,100,100005,100,99527,100,100014,100,99519,100,100024,100,99461,100,100027,200,99396,100
2019-06-28 09:43:10.880809472,99913,282,99907,182,99914,382,99890,282,99916,100,99870,100,99921,200,99864,100,99997,100,99739,100,99998,100,99725,100,100014,100,99527,100,100024,100,99519,100,100027,200,99461,100,100034,100,99396,100
2019-06-28 09:43:20.000000000,99913,282,99890,282,99914,382,99870,282,99916,100,99864,100,99921,200,99739,100,99997,100,99725,100,99998,100,99527,100,100014,100,99519,100,100024,100,99461,100,100027,200,99396,100,100034,100,99387,100
2019-06-28 09:43:29.557956568,99913,282,99890,182,99914,382,99870,282,99916,100,99864,100,99921,200,99739,100,99997,100,99725,100,99998,100,99527,100,100014,100,99519,100,100024,100,99461,100,100027,200,99396,100,100034,100,99387,100
2019-06-28 09:43:30.000000000,99913,463,99870,463,99914,200,99864,100,99916,100,99739,100,99921,200,99725,100,99997,100,99527,100,99998,100,99519,100,100014,100,99461,100,100024,100,99396,100,100027,200,99387,100,100034,100,99307,100
2019-06-28 09:43:32.397726676,99907,100,99870,463,99913,463,99864,100,99914,200,99739,100,99916,100,99725,100,99921,200,99527,100,99997,100,99519,100,99998,100,99461,100,100014,100,99396,100,100024,100,99387,100,100027,200,99307,100
2019-06-28 09:43:33.254101853,99907,100,99870,363,99913,463,99864,100,99914,200,99739,100,99916,100,99725,100,99921,200,99527,100,99997,100,99519,100,99998,100,99461,100,100014,100,99396,100,100024,100,99387,100,100027,200,99307,100
2019-06-28 09:43:40.000000000,99907,191,99864,191,99913,191,99739,191,99914,291,99725,191,99916,191,99527,191,99921,200,99519,100,99997,100,99461,100,99998,100,99396,100,100014,100,99387,100,100024,100,99307,100,100027,200,99266,100
2019-06-28 09:43:50.000000000,99907,223,99864,223,99913,220,99739,220,99914,320,99725,220,99916,100,99527,100,99921,200,99519,100,99997,100,99461,100,99998,100,99396,100,100014,100,99387,100,100024,100,99307,100,100027,200,99266,100
2019-06-28 09:43:59.664985115,99907,223,99864,123,99913,220,99739,220,99914,320,99725,220,99916,100,99527,100,99921,200,99519,100,99997,100,99461,100,99998,100,99396,100,100014,100,99387,100,100024,100,99307,100,100027,200,99266,100
2019-06-28 09:44:00.000000000,99907,173,99739,173,99913,173,99725,173,99914,273,99527,173,99916,173,99519,173,99921,273,99461,173,99997,100,99396,100,99998,100,99387,100,100014,100,99307,100,100024,100,99266,100,100027,200,99246,100
2019-06-28 09:44:10.000000000,99907,223,99739,223,99913,220,99725,220,99914,320,99527,220,99916,100,99519,100,99921,200,99461,100,99997,100,99396,100,99998,100,99387,100,100014,100,99307,100,100024,100,99266,100,100027,200,99246,100
2019-06-28 09:44:20.000000000,99907,223,99739,223,99913,220,99725,220,99914,320,99527,220,99916,100,99519,100,99921,200,99461,100,99997,100,99396,100,99998,100,99387,100,100014,100,99307,100,100024,100,99266,100,100027,200,99246,100
2019-06-28 09:44:30.000000000,99907,191,99739,191,99913,191,99725,191,99914,291,99527,191,99916,191,99519,191,99921,200,99461,100,99997,100,99396,100,99998,100,99387,100,100014,100,99307,100,100024,100,99266,100,100027,200,99246,100
2019-06-28 09:44:40.000000000,99907,223,99739,223,99913,220,99725,220,99914,320,99527,220,99916,100,99519,100,99921,200,99461,100,99997,100,99396,100,99998,100,99387,100,100014,100,99307,100,100024,100,99266,100,100027,200,99246,100
2019-06-28 09:44:41.078639290,99907,223,99739,123,99913,220,99725,220,99914,320,99527,220,99916,100,99519,100,99921,200,99461,100,99997,100,99396,100,99998,100,99387,100,100014,100,99307,100,100024,100,99266,100,100027,200,99246,100
2019-06-28 09:44:41.269682000,99864,100,99739,123,99907,223,99725,220,99913,220,99527,220,99914,320,99519,100,99916,100,99461,100,99921,200,99396,100,99997,100,99387,100,99998,100,99307,100,100014,100,99266,100,100024,100,99246,100
2019-06-28 09:44:48.883198802,99745,100,99739,123,99864,100,99725,220,99907,223,99527,220,99913,220,99519,100,99914,320,99461,100,99916,100,99396,100,99921,200,99387,100,99997,100,99307,100,99998,100,99266,100,100014,100,99246,100
2019-06-28 09:44:50.000000000,99745,191,99725,191,99864,191,99527,191,99907,191,99519,191,99913,191,99461,191,99914,200,99396,100,99916,100,99387,100,99921,200,99307,100,99997,100,99266,100,99998,100,99246,100,100014,100,99237,100
2019-06-28 09:44:56.570001047,99745,191,99725,191,99835,100,99527,191,99864,191,99519,191,99907,191,99461,191,99913,191,99396,100,99914,200,99387,100,99916,100,99307,100,99921,200,99266,100,99997,100,99246,100,99998,100,99237,100
2019-06-28 09:45:00.000000000,99745,173,99725,173,99835,173,99527,173,99864,173,99519,173,99907,173,99461,173,99913,173,99396,173,99914,200,99387,100,99916,100,99307,100,99921,200,99266,100,99997,100,99246,100,99998,100,99237,100
2019-06-28 09:45:00.389255309,99745,173,99725,173,99835,173,99527,173,99864,173,99519,173,99907,173,99461,173,99913,173,99401,100,99914,200,99396,173,99916,100,99387,100,99921,200,99307,100,99997,100,99266,100,99998,100,99246,100
2019-06-28 09:45:10.000000000,99745,191,99725,191,99835,191,99527,191,99864,191,99519,191,99907,191,99461,191,99913,100,99401,100,99914,200,99396,100,99916,100,99387,100,99921,200,99307,100,99997,100,99266,100,99998,100,99246,100
2019-06-28 09:45:20.000000000,99745,282,99725,282,99835,282,99527,282,99864,100,99519,100,99907,100,99461,100,99913,100,99401,100,99914,200,99396,100,99916,100,99387,100,99921,200,99307,100,99997,100,99266,100,99998,100,99246,100
2019-06-28 09:45:30.000000000,99745,282,99725,282,99835,282,99527,282,99864,100,99519,100,99907,100,99461,100,99913,100,99401,100,99914,200,99396,100,99916,100,99387,100,99921,200,99307,100,99997,100,99266,100,99998,100,99246,100
2019-06-28 09:45:36.679673145,99745,282,99725,182,99835,282,99527,282,99864,100,99519,100,99907,100,99461,100,99913,100,99401,100,99914,200,99396,100,99916,100,99387,100,99921,200,99307,100,99997,100,99266,100,99998,100,99246,100
2019-06-28 09:45:40.000000000,99745,463,99527,463,99835,100,99519,100,99864,100,99461,100,99907,100,99401,100,99913,100,99396,100,99914,200,99387,100,99916,100,99307,100,99921,200,99266,100,99997,100,99246,100,99998,100,99237,100
2019-06-28 09:45:41.487869830,99745,463,99527,463,99830,100,99519,100,99835,100,99461,100,99864,100,99401,100,99907,100,99396,100,99913,100,99387,100,99914,200,99307,100,99916,100,99266,100,99921,200,99246,100,99997,100,99237,100
2019-06-28 09:45:50.000000000,99745,223,99527,223,99830,220,99519,220,99835,220,99461,220,99864,100,99401,100,99907,100,99396,100,99913,100,99387,100,99914,200,99307,100,99916,100,99266,100,99921,200,99246,100,99997,100,99237,100
2019-06-28 09:45:59.543755286,99739,100,99527,223,99745,223,99519,220,99830,220,99461,220,99835,220,99401,100,99864,100,99396,100,99907,100,99387,100,99913,100,99307,100,99914,200,99266,100,99916,100,99246,100,99921,200,99237,100
2019-06-28 09:46:00.000000000,99739,173,99527,173,99745,173,99519,173,99830,173,99461,173,99835,173,99401,173,99864,173,99396,173,99907,100,99387,100,99913,100,99307,100,99914,200,99266,100,99916,100,99246,100,99921,200,99237,100
2019-06-28 09:46:10.000000000,99739,191,99527,191,99745,191,99519,191,99830,191,99461,191,99835,191,99401,191,99864,100,99396,100,99907,100,99387,100,99913,100,99307,100,99914,200,99266,100,99916,100,99246,100,99921,200,99237,100
2019-06-28 09:46:20.000000000,99739,191,99527,191,99745,191,99519,191,99830,191,99461,191,99835,191,99401,191,99864,100,99396,100,99907,100,99387,100,99913,100,99307,100,99914,200,99266,100,99916,100,99246,100,99921,200,99237,100
2019-06-28 09:46:23.380802614,99739,91,99527,191,99745,191,99519,191,99830,191,99461,191,99835,191,99401,191,99864,100,99396,100,99907,100,99387,100,99913,100,99307,100,99914,200,99266,100,99916,100,99246,100,99921,200,99237,100
2019-06-28 09:46:30.000000000,99745,173,99527,173,99830,173,99519,173,99835,173,99461,173,99864,173,99401,173,99907,173,99396,173,99913,100,99387,100,99914,200,99307,100,99916,100,99266,100,99921,200,99246,100,99997,100,99237,100
2019-06-28 09:46:30.600268742,99745,173,99633,100,99830,173,99527,173,99835,173,99519,173,99864,173,99461,173,99907,173,99401,173,99913,100,99396,173,99914,200,99387,100,99916,100,99307,100,99921,200,99266,100,99997,100,99246,100
2019-06-28 09:46:40.000000000,99745,173,99633,173,99830,173,99527,173,99835,173,99519,173,99864,173,99461,173,99907,173,99401,173,99913,100,99396,100,99914,200,99387,100,99916,100,99307,100,99921,200,99266,100,99997,100,99246,100
2019-06-28 09:46:50.000000000,99745,223,99633,223,99830,220,99527,220,99835,220,99519,220,99864,100,99461,100,99907,100,99401,100,99913,100,99396,100,99914,200,99387,100,99916,100,99307,100,99921,200,99266,100,99997,100,99246,100
2019-06-28 09:46:59.710428724,99745,223,99633,223,99830,220,99527,220,99835,220,99519,220,99864,100,99511,100,99907,100,99461,100,99913,100,99401,100,99914,200,99396,100,99916,100,99387,100,99921,200,99307,100,99997,100,99266,100
2019-06-28 09:47:00.000000000,99745,463,99633,463,99830,100,99527,100,99835,100,99519,100,99864,100,99511,100,99907,100,99461,100,99913,100,99401,100,99914,200,99396,100,99916,100,99387,100,99921,200,99307,100,99997,100,99266,100
2019-06-28 09:47:10.000000000,99745,463,99633,463,99830,100,99527,100,99835,100,99519,100,99864,100,99511,100,99907,100,99461,100,99913,100,99401,100,99914,200,99396,100,99916,100,99387,100,99921,200,99307,100,99997,100,99266,100
2019-06-28 09:47:20.000000000,99745,191,99633,191,99830,191,99527,191,99835,191,99519,191,99864,191,99511,191,99907,100,99461,100,99913,100,99401,100,99914,200,99396,100,99916,100,99387,100,99921,200,99307,100,99997,100,99266,100
2019-06-28 09:47:24.471963296,99745,191,99633,91,99830,191,99527,191,99835,191,99519,191,99864,191,99511,191,99907,100,99461,100,99913,100,99401,100,99914,200,99396,100,99916,100,99387,100,99921,200,99307,100,99997,100,99266,100
2019-06-28 09:47:27.318225991,99633,9,99527,191,99745,191,99519,191,99830,191,99511,191,99835,191,99461,100,99864,191,99401,100,99907,100,99396,100,99913,100,99387,100,99914,200,99307,100,99916,100,99266,100,99921,200,99246,100
2019-06-28 09:47:30.000000000,99633,191,99527,282,99745,282,99519,282,99830,100,99511,100,99835,100,99461,100,99864,100,99401,100,99907,100,99396,100,99913,100,99387,100,99914,200,99307,100,99916,100,99266,100,99921,200,99246,100
2019-06-28 09:47:40.000000000,99633,191,99527,282,99745,282,99519,282,99830,100,99511,100,99835,100,99461,100,99864,100,99401,100,99907,100,99396,100,99913,100,99387,100,99914,200,99307,100,99916,100,99266,100,99921,200,99246,100
2019-06-28 09:47:50.000000000,99633,191,99527,282,99745,282,99519,282,99830,100,99511,100,99835,100,99461,100,99864,100,99401,100,99907,100,99396,100,99913,100,99387,100,99914,200,99307,100,99916,100,99266,100,99921,200,99246,100
2019-06-28 09:48:00.000000000,99633,100,99527,191,99745,191,99519,191,99830,191,99511,191,99835,191,99461,191,99864,100,99401,100,99907,100,99396,100,99913,100,99387,100,99914,200,99307,100,99916,100,99266,100,99921,200,99246,100
2019-06-28 09:48:02.855075711,99745,191,99527,191,99830,191,99519,191,99835,191,99511,191,99864,100,99461,191,99907,100,99401,100,99913,100,99396,100,99914,200,99387,100,99916,100,99307,100,99921,200,99266,100,99997,100,99246,100
2019-06-28 09:48:10.000000000,99745,282,99527,282,99830,282,99519,282,99835,100,99511,100,99864,100,99461,100,99907,100,99401,100,99913,100,99396,100,99914,200,99387,100,99916,100,99307,100,99921,200,99266,100,99997,100,99246,100
2019-06-28 09:48:20.000000000,99745,282,99527,282,99830,282,99519,282,99835,100,99511,100,99864,100,99461,100,99907,100,99401,100,99913,100,99396,100,99914,200,99387,100,99916,100,99307,100,99921,200,99266,100,99997,100,99246,100
2019-06-28 09:48:23.078036566,99745,182,99527,282,99830,282,99519,282,99835,100,99511,100,99864,100,99461,100,99907,100,99401,100,99913,100,99396,100,99914,200,99387,100,99916,100,99307,100,99921,200,99266,100,99997,100,99246,100
2019-06-28 09:48:30.000000000,99830,191,99527,191,99835,191,99519,191,99864,191,99511,191,99907,191,99461,191,99913,100,99401,100,99914,200,99396,100,99916,100,99387,100,99921,200,99307,100,99997,100,99266,100,99998,100,99246,100
2019-06-28 09:48:40.000000000,99830,173,99527,173,99835,173,99519,173,99864,173,99511,173,99907,173,99461,173,99913,173,99401,173,99914,200,99396,100,99916,100,99387,100,99921,200,99307,100,99997,100,99266,100,99998,100,99246,100
2019-06-28 09:48:48.783654601,99830,173,99761,100,99835,173,99527,173,99864,173,99519,173,99907,173,99511,173,99913,173,99461,173,99914,200,99401,173,99916,100,99396,100,99921,200,99387,100,99997,100,99307,100,99998,100,99266,100
2019-06-28 09:48:50.000000000,99830,223,99761,223,99835,220,99527,220,99864,220,99519,220,99907,100,99511,100,99913,100,99461,100,99914,200,99401,100,99916,100,99396,100,99921,200,99387,100,99997,100,99307,100,99998,100,99266,100
2019-06-28 09:48:53.603349242,99830,223,99761,123,99835,220,99527,220,99864,220,99519,220,99907,100,99511,100,99913,100,99461,100,99914,200,99401,100,99916,100,99396,100,99921,200,99387,100,99997,100,99307,100,99998,100,99266,100
2019-06-28 09:49:00.000000000,99830,223,99527,223,99835,220,99519,220,99864,220,99511,220,99907,100,99461,100,99913,100,99401,100,99914,200,99396,100,99916,100,99387,100,99921,200,99307,100,99997,100,99266,100,99998,100,99246,100
2019-06-28 09:49:10.000000000,99830,463,99527,463,99835,100,99519,100,99864,100,99511,100,99907,100,99461,100,99913,100,99401,100,99914,200,99396,100,99916,100,99387,100,99921,200,99307,100,99997,100,99266,100,99998,100,99246,100
2019-06-28 09:49:16.090113018,99830,363,99527,463,99835,100,99519,100,99864,100,99511,100,99907,100,99461,100,99913,100,99401,100,99914,200,99396,100,99916,100,99387,100,99921,200,99307,100,99997,100,99266,100,99998,100,99246,100
2019-06-28 09:49:20.000000000,99835,463,99527,463,99864,100,99519,100,99907,100,99511,100,99913,100,99461,100,99914,200,99401,100,99916,100,99396,100,99921,200,99387,100,99997,100,99307,100,99998,100,99266,100,100024,100,99246,100
2019-06-28 09:49:26.746671174,99835,463,99762,100,99864,100,99527,463,99907,100,99519,100,99913,100,99511,100,99914,200,99461,100,99916,100,99401,100,99921,200,99396,100,99997,100,99387,100,99998,100,99307,100,100024,100,99266,100
2019-06-28 09:49:30.000000000,99835,223,99762,223,99864,220,99527,220,99907,220,99519,220,99913,100,99511,100,99914,200,99461,100,99916,100,99401,100,99921,200,99396,100,99997,100,99387,100,99998,100,99307,100,100024,100,99266,100
2019-06-28 09:49:40.000000000,99835,282,99762,282,99864,282,99527,282,99907,100,99519,100,99913,100,99511,100,99914,200,99461,100,99916,100,99401,100,99921,200,99396,100,99997,100,99387,100,99998,100,99307,100,100024,100,99266,100
2019-06-28 09:49:43.266228098,99835,282,99762,382,99864,282,99527,282,99907,100,99519,100,99913,100,99511,100,99914,100,99461,100,99916,100,99401,100,99921,200,99396,100,99997,100,99387,100,99998,100,99307,100,100024,100,99266,100
2019-06-28 09:49:48.950567355,99835,282,99762,382,99864,282,99632,100,99907,100,99527,282,99913,100,99519,100,99914,100,99511,100,99916,100,99461,100,99921,200,99401,100,99997,100,99396,100,100024,100,99387,100,100027,200,99307,100
2019-06-28 09:49:50.000000000,99835,463,99762,563,99864,100,99632,100,99907,100,99527,100,99913,100,99519,100,99914,100,99511,100,99916,100,99461,100,99921,200,99401,100,99997,100,99396,100,100024,100,99387,100,100027,200,99307,100
2019-06-28 09:50:00.000000000,99835,223,99762,323,99864,220,99632,220,99907,220,99527,220,99913,100,99519,100,99914,100,99511,100,99916,100,99461,100,99921,200,99401,100,99997,100,99396,100,100024,100,99387,100,100027,200,99307,100
2019-06-28 09:50:10.000000000,99835,463,99762,563,99864,100,99632,100,99907,100,99527,100,99913,100,99519,100,99914,100,99511,100,99916,100,99461,100,99921,200,99401,100,99997,100,99396,100,100024,100,99387,100,100027,200,99307,100
2019-06-28 09:50:20.000000000,99835,463,99762,563,99864,100,99632,100,99907,100,99527,100,99913,100,99519,100,99914,100,99511,100,99916,100,99461,100,99921,200,99401,100,99997,100,99396,100,100024,100,99387,100,100027,200,99307,100
2019-06-28 09:50:30.000000000,99835,173,99762,273,99864,173,99632,173,99907,173,99527,173,99913,173,99519,173,99914,173,99511,173,99916,100,99461,100,99921,200,99401,100,99997,100,99396,100,100024,100,99387,100,100027,200,99307,100
2019-06-28 09:50:32.889315261,99835,173,99762,273,99864,173,99632,173,99907,173,99527,173,99913,173,99519,173,99914,173,99511,173,99916,100,99461,100,99921,200,99401,100,100024,100,99396,100,100027,200,99387,100,100055,100,99307,100
2019-06-28 09:50:40.000000000,99835,463,99762,563,99864,100,99632,100,99907,100,99527,100,99913,100,99519,100,99914,100,99511,100,99916,100,99461,100,99921,200,99401,100,100024,100,99396,100,100027,200,99387,100,100055,100,99307,100
2019-06-28 09:50:47.959179677,99835,363,99762,563,99864,100,99632,100,99907,100,99527,100,99913,100,99519,100,99914,100,99511,100,99916,100,99461,100,99921,200,99401,100,100024,100,99396,100,100027,200,99387,100,100055,100,99307,100
2019-06-28 09:50:49.130573988,99835,363,99762,563,99864,100,99632,100,99907,100,99527,100,99913,100,99519,100,99914,100,99511,100,99916,100,99461,100,99921,200,99401,100,99937,100,99396,100,100024,100,99387,100,100027,200,99307,100
2019-06-28 09:50:50.000000000,99864,223,99762,323,99907,220,99632,220,99913,220,99527,220,99914,100,99519,100,99916,100,99511,100,99921,200,99461,100,99937,100,99401,100,100024,100,99396,100,100027,200,99387,100,100055,100,99307,100
2019-06-28 09:51:00.000000000,99864,173,99762,273,99907,173,99632,173,99913,173,99527,173,99914,173,99519,173,99916,173,99511,173,99921,200,99461,100,99937,100,99401,100,100024,100,99396,100,100027,200,99387,100,100055,100,99307,100
2019-06-28 09:51:10.000000000,99864,173,99762,273,99907,173,99632,173,99913,173,99527,173,99914,173,99519,173,99916,173,99511,173,99921,200,99461,100,99937,100,99401,100,100024,100,99396,100,100027,200,99387,100,100055,100,99307,100
2019-06-28 09:51:20.000000000,99864,463,99762,563,99907,100,99632,100,99913,100,99527,100,99914,100,99519,100,99916,100,99511,100,99921,200,99461,100,99937,100,99401,100,100024,100,99396,100,100027,200,99387,100,100055,100,99307,100
2019-06-28 09:51:24.119793986,99864,463,99762,563,99907,100,99632,100,99913,100,99527,100,99914,100,99519,100,99916,100,99511,100,99921,200,99461,100,99937,100,99401,100,100024,100,99396,100,100027,200,99387,100,100055,100,99345,100
2019-06-28 09:51:30.000000000,99864,282,99762,382,99907,282,99632,282,99913,100,99527,100,99914,100,99519,100,99916,100,99511,100,99921,200,99461,100,99937,100,99401,100,100024,100,99396,100,100027,200,99387,100,100055,100,99345,100
2019-06-28 09:51:40.000000000,99864,282,99762,382,99907,282,99632,282,99913,100,99527,100,99914,100,99519,100,99916,100,99511,100,99921,200,99461,100,99937,100,99401,100,100024,100,99396,100,100027,200,99387,100,100055,100,99345,100
2019-06-28 09:51:41.075428306,99864,282,99762,382,99907,282,99632,282,99913,100,99527,100,99914,100,99519,100,99916,100,99511,100,99921,200,99461,100,99937,100,99401,100,100024,100,99396,100,100027,200,99387,100,100055,100,99345,100
2019-06-28 09:51:50.000000000,99864,191,99762,291,99907,191,99632,191,99913,191,99527,191,99914,191,99519,191,99916,100,99511,100,99921,200,99461,100,99937,100,99401,100,100024,100,99396,100,100027,200,99387,100,100055,100,99345,100
2019-06-28 09:51:52.584824768,99864,191,99762,191,99907,191,99632,191,99913,191,99527,191,99914,191,99519,191,99916,100,99511,100,99921,200,99461,100,99937,100,99401,100,100024,100,99396,100,100027,200,99387,100,100055,100,99307,100
2019-06-28 09:52:00.000000000,99864,463,99762,463,99907,100,99632,100,99913,100,99527,100,99914,100,99519,100,99916,100,99511,100,99921,200,99461,100,99937,100,99401,100,100024,100,99396,100,100027,200,99387,100,100055,100,99307,100
2019-06-28 09:52:10.000000000,99864,191,99762,191,99907,191,99632,191,99913,191,99527,191,99914,191,99519,191,99916,100,99511,100,99921,200,99461,100,99937,100,99401,100,100024,100,99396,100,100027,200,99387,100,100055,100,99307,100
2019-06-28 09:52:20.000000000,99864,191,99762,191,99907,191,99632,191,99913,191,99527,191,99914,191,99519,191,99916,100,99511,100,99921,200,99461,100,99937,100,99401,100,100024,100,99396,100,100027,200,99387,100,100055,100,99307,100
2019-06-28 09:52:30.000000000,99864,191,99762,191,99907,191,99632,191,99913,191,99527,191,99914,191,99519,191,99916,100,99511,100,99921,200,99461,100,99937,100,99401,100,100024,100,99396,100,100027,200,99387,100,100055,100,99307,100
2019-06-28 09:52:32.792316903,99829,100,99762,191,99864,191,99632,191,99907,91,99527,191,99913,191,99519,191,99914,191,99511,100,99916,100,99461,100,99921,200,99401,100,99937,100,99396,100,100024,100,99387,100,100027,200,99307,100
2019-06-28 09:52:40.000000000,99829,191,99762,191,99864,191,99632,191,99913,191,99527,191,99914,191,99519,191,99916,100,99511,100,99921,200,99461,100,99937,100,99401,100,100024,100,99396,100,100027,200,99387,100,100055,100,99307,100
2019-06-28 09:52:43.094288703,99829,191,99762,91,99864,191,99632,191,99913,191,99527,191,99914,191,99519,191,99916,100,99511,100,99921,200,99461,100,99937,100,99401,100,100024,100,99396,100,100027,200,99387,100,100055,100,99307,100
2019-06-28 09:52:44.104092596,99762,9,99632,191,99829,191,99527,191,99864,191,99519,191,99913,191,99511,100,99914,191,99461,100,99916,100,99401,100,99921,200,99396,100,99937,100,99387,100,100024,100,99307,100,100027,200,99266,100
2019-06-28 09:52:50.000000000,99762,82,99632,173,99829,173,99527,173,99864,173,99519,173,99913,173,99511,173,99914,173,99461,173,99916,100,99401,100,99921,200,99396,100,99937,100,99387,100,100024,100,99307,100,100027,200,99266,100
2019-06-28 09:52:50.223653697,99762,182,99632,173,99829,173,99527,173,99864,173,99519,173,99913,173,99511,173,99914,173,99461,173,99916,100,99401,100,99921,200,99396,100,99937,100,99387,100,100024,100,99307,100,100027,200,99266,100
2019-06-28 09:53:00.000000000,99762,291,99632,282,99829,282,99527,282,99864,100,99519,100,99913,100,99511,100,99914,100,99461,100,99916,100,99401,100,99921,200,99396,100,99937,100,99387,100,100024,100,99307,100,100027,200,99266,100
2019-06-28 09:53:10.000000000,99762,200,99632,191,99829,191,99527,191,99864,191,99519,191,99913,191,99511,191,99914,100,99461,100,99916,100,99401,100,99921,200,99396,100,99937,100,99387,100,100024,100,99307,100,100027,200,99266,100
2019-06-28 09:53:20.000000000,99762,200,99632,191,99829,191,99527,191,99864,191,99519,191,99913,191,99511,191,99914,100,99461,100,99916,100,99401,100,99921,200,99396,100,99937,100,99387,100,100024,100,99307,100,100027,200,99266,100
2019-06-28 09:53:30.000000000,99762,291,99632,282,99829,282,99527,282,99864,100,99519,100,99913,100,99511,100,99914,100,99461,100,99916,100,99401,100,99921,200,99396,100,99937,100,99387,100,100024,100,99307,100,100027,200,99266,100
2019-06-28 09:53:40.000000000,99762,291,99632,282,99829,282,99527,282,99864,100,99519,100,99913,100,99511,100,99914,100,99461,100,99916,100,99401,100,99921,200,99396,100,99937,100,99387,100,100024,100,99307,100,100027,200,99266,100
2019-06-28 09:53:50.000000000,99762,232,99632,223,99829,220,99527,220,99864,220,99519,220,99913,100,99511,100,99914,100,99461,100,99916,100,99401,100,99921,200,99396,100,99937,100,99387,100,100024,100,99307,100,100027,200,99266,100
2019-06-28 09:53:51.059662462,99762,332,99632,223,99829,220,99527,220,99864,220,99519,220,99913,100,99511,100,99914,100,99461,100,99916,100,99401,100,99921,200,99396,100,99937,100,99387,100,100024,100,99307,100,100027,200,99266,100
2019-06-28 09:54:00.000000000,99762,282,99632,173,99829,173,99527,173,99864,173,99519,173,99913,173,99511,173,99914,173,99461,173,99916,100,99401,100,99921,200,99396,100,99937,100,99387,100,100024,100,99307,100,100027,200,99266,100
2019-06-28 09:54:10.000000000,99762,300,99632,191,99829,191,99527,191,99864,191,99519,191,99913,191,99511,191,99914,100,99461,100,99916,100,99401,100,99921,200,99396,100,99937,100,99387,100,100024,100,99307,100,100027,200,99266,100
2019-06-28 09:54:20.000000000,99762,572,99632,463,99829,100,99527,100,99864,100,99519,100,99913,100,99511,100,99914,100,99461,100,99916,100,99401,100,99921,200,99396,100,99937,100,99387,100,100024,100,99307,100,100027,200,99266,100
2019-06-28 09:54:22.699590877,99689,100,99632,463,99762,572,99527,100,99829,100,99519,100,99864,100,99511,100,99913,100,99461,100,99914,100,99401,100,99916,100,99396,100,99921,200,99387,100,99937,100,99307,100,100024,100,99266,100
2019-06-28 09:54:27.144129175,99689,100,99632,463,99762,572,99527,100,99829,100,99519,100,99864,100,99511,100,99913,100,99461,100,99914,100,99401,100,99916,100,99396,100,99921,200,99387,100,99937,100,99307,100,100024,100,99266,100
2019-06-28 09:54:30.000000000,99689,191,99632,191,99762,300,99527,191,99829,191,99519,191,99864,191,99511,191,99913,100,99461,100,99914,100,99401,100,99916,100,99396,100,99921,200,99387,100,99937,100,99307,100,100024,100,99266,100
2019-06-28 09:54:31.030701286,99689,191,99632,191,99762,400,99527,191,99829,191,99519,191,99864,191,99511,191,99913,100,99461,100,99914,100,99401,100,99916,100,99396,100,99921,200,99387,100,99937,100,99307,100,100024,100,99266,100
2019-06-28 09:54:31.791155089,99689,191,99632,191,99762,500,99527,191,99829,191,99519,191,99864,191,99511,191,99913,100,99461,100,99914,100,99401,100,99916,100,99396,100,99921,200,99387,100,99937,100,99307,100,100024,100,99266,100
2019-06-28 09:54:38.477826310,99689,91,99632,191,99762,500,99527,191,99829,191,99519,191,99864,191,99511,191,99913,100,99461,100,99914,100,99401,100,99916,100,99396,100,99921,200,99387,100,99937,100,99307,100,100024,100,99266,100
2019-06-28 09:54:40.000000000,99762,532,99632,223,99829,220,99527,220,99864,220,99519,220,99913,100,99511,100,99914,100,99461,100,99916,100,99401,100,99921,200,99396,100,99937,100,99387,100,100024,100,99307,100,100027,200,99266,100
2019-06-28 09:54:50.000000000,99762,532,99632,223,99829,220,99527,220,99864,220,99519,220,99913,100,99511,100,99914,100,99461,100,99916,100,99401,100,99921,200,99396,100,99937,100,99387,100,100024,100,99307,100,100027,200,99266,100
2019-06-28 09:54:53.386433844,99762,532,99689,100,99829,220,99632,223,99864,220,99527,220,99913,100,99519,220,99914,100,99511,100,99916,100,99461,100,99921,200,99401,100,99937,100,99396,100,100024,100,99387,100,100027,200,99307,100
2019-06-28 09:55:00.000000000,99762,591,99689,282,99829,282,99632,282,99864,100,99527,100,99913,100,99519,100,99914,100,99511,100,99916,100,99461,100,99921,200,99401,100,99937,100,99396,100,100024,100,99387,100,100027,200,99307,100
2019-06-28 09:55:10.000000000,99762,482,99689,173,99829,173,99632,173,99864,173,99527,173,99913,173,99519,173,99914,173,99511,173,99916,100,99461,100,99921,200,99401,100,99937,100,99396,100,100024,100,99387,100,100027,200,99307,100
2019-06-28 09:55:11.384680677,99762,482,99689,173,99829,173,99632,173,99864,173,99527,173,99913,173,99519,173,99914,173,99511,173,99916,100,99461,100,99921,200,99401,100,99937,100,99396,100,100024,100,99387,100,100027,200,99307,100
2019-06-28 09:55:20.000000000,99762,500,99689,191,99829,191,99632,191,99864,191,99527,191,99913,191,99519,191,99914,100,99511,100,99916,100,99461,100,99921,200,99401,100,99937,100,99396,100,100024,100,99387,100,100027,200,99307,100
2019-06-28 09:55:27.472502397,99762,500,99689,191,99829,191,99632,191,99864,91,99527,191,99913,191,99519,191,99914,100,99511,100,99916,100,99461,100,99921,200,99401,100,99937,100,99396,100,100024,100,99387,100,100027,200,99307,100
2019-06-28 09:55:30.000000000,99762,772,99689,463,99829,100,99632,100,99913,100,99527,100,99914,100,99519,100,99916,100,99511,100,99921,200,99461,100,99937,100,99401,100,100024,100,99396,100,100027,200,99387,100,100055,100,99307,100
2019-06-28 09:55:40.000000000,99762,532,99689,223,99829,220,99632,220,99913,220,99527,220,99914,100,99519,100,99916,100,99511,100,99921,200,99461,100,99937,100,99401,100,100024,100,99396,100,100027,200,99387,100,100055,100,99307,100
2019-06-28 09:55:49.671155488,99762,432,99689,223,99829,220,99632,220,99913,220,99527,220,99914,100,99519,100,99916,100,99511,100,99921,200,99461,100,99937,100,99401,100,100024,100,99396,100,100027,200,99387,100,100055,100,99307,100
2019-06-28 09:55:50.000000000,99762,382,99689,173,99829,173,99632,173,99913,173,99527,173,99914,173,99519,173,99916,173,99511,173,99921,200,99461,100,99937,100,99401,100,100024,100,99396,100,100027,200,99387,100,100055,100,99307,100
2019-06-28 09:55:57.182740863,99762,282,99689,173,99829,173,99632,173,99913,173,99527,173,99914,173,99519,173,99916,173,99511,173,99921,200,99461,100,99937,100,99401,100,100027,200,99396,100,100055,100,99387,100,100089,100,99307,100
2019-06-28 09:56:00.000000000,99762,300,99689,191,99829,191,99632,191,99913,191,99527,191,99914,191,99519,191,99916,100,99511,100,99921,200,99461,100,99937,100,99401,100,100027,200,99396,100,100055,100,99387,100,100089,100,99307,100
2019-06-28 09:56:10.000000000,99762,282,99689,173,99829,173,99632,173,99913,173,99527,173,99914,173,99519,173,99916,173,99511,173,99921,200,99461,100,99937,100,99401,100,100027,200,99396,100,100055,100,99387,100,100089,100,99307,100
2019-06-28 09:56:20.000000000,99762,391,99689,282,99829,282,99632,282,99913,100,99527,100,99914,100,99519,100,99916,100,99511,100,99921,200,99461,100,99937,100,99401,100,100027,200,99396,100,100055,100,99387,100,100089,100,99307,100
2019-06-28 09:56:22.351736950,99762,391,99689,282,99829,282,99632,282,99913,100,99527,100,99914,100,99519,100,99916,100,99511,100,99921,200,99461,100,99937,100,99401,100,100027,200,99396,100,100055,100,99387,100,100089,100,99307,100
2019-06-28 09:56:30.000000000,99762,282,99689,173,99829,173,99632,173,99913,173,99527,173,99914,173,99519,173,99916,173,99511,173,99921,200,99461,100,99937,100,99401,100,100027,200,99396,100,100055,100,99387,100,100089,100,99307,100
2019-06-28 09:56:36.755125348,99762,273,99689,173,99829,173,99632,173,99913,173,99527,173,99914,173,99519,173,99916,173,99511,173,99921,200,99461,100,99937,100,99401,100,100027,200,99396,100,100055,100,99387,100,100089,100,99307,100
2019-06-28 09:56:40.000000000,99762,563,99689,463,99829,100,99632,100,99913,100,99527,100,99914,100,99519,100,99916,100,99511,100,99921,200,99461,100,99937,100,99401,100,100027,200,99396,100,100055,100,99387,100,100089,100,99307,100
2019-06-28 09:56:50.000000000,99762,273,99689,173,99829,173,99632,173,99913,173,99527,173,99914,173,99519,173,99916,173,99511,173,99921,200,99461,100,99937,100,99401,100,100027,200,99396,100,100055,100,99387,100,100089,100,99307,100
2019-06-28 09:57:00.000000000,99762,291,99689,191,99829,191,99632,191,99913,191,99527,191,99914,191,99519,191,99916,100,99511,100,99921,200,99461,100,99937,100,99401,100,100027,200,99396,100,100055,100,99387,100,100089,100,99307,100
2019-06-28 09:57:10.000000000,99762,382,99689,282,99829,282,99632,282,99913,100,99527,100,99914,100,99519,100,99916,100,99511,100,99921,200,99461,100,99937,100,99401,100,100027,200,99396,100,100055,100,99387,100,100089,100,99307,100
2019-06-28 09:57:20.000000000,99762,273,99689,173,99829,173,99632,173,99913,173,99527,173,99914,173,99519,173,99916,173,99511,173,99921,200,99461,100,99937,100,99401,100,100027,200,99396,100,100055,100,99387,100,100089,100,99307,100
2019-06-28 09:57:30.000000000,99762,291,99689,191,99829,191,99632,191,99913,191,99527,191,99914,191,99519,191,99916,100,99511,100,99921,200,99461,100,99937,100,99401,100,100027,200,99396,100,100055,100,99387,100,100089,100,99307,100
2019-06-28 09:57:30.898553099,99762,191,99689,191,99829,191,99632,191,99913,191,99527,191,99914,191,99519,191,99916,100,99511,100,99921,200,99461,100,99937,100,99401,100,100027,200,99396,100,100055,100,99387,100,100089,100,99307,100
2019-06-28 09:57:33.811957562,99762,91,99689,191,99829,191,99632,191,99913,191,99527,191,99914,191,99519,191,99916,100,99511,100,99921,200,99461,100,99937,100,99401,100,100027,200,99396,100,100055,100,99387,100,100089,100,99307,100
2019-06-28 09:57:40.000000000,99829,223,99689,223,99913,220,99632,220,99914,220,99527,220,99916,100,99519,100,99921,200,99511,100,99937,100,99461,100,100027,200,99401,100,100055,100,99396,100,100089,100,99387,100,100124,100,99307,100
2019-06-28 09:57:50.000000000,99829,282,99689,282,99913,282,99632,282,99914,100,99527,100,99916,100,99519,100,99921,200,99511,100,99937,100,99461,100,100027,200,99401,100,100055,100,99396,100,100089,100,99387,100,100124,100,99307,100
2019-06-28 09:57:55.222188654,99829,182,99689,282,99913,282,99632,282,99914,100,99527,100,99916,100,99519,100,99921,200,99511,100,99937,100,99461,100,100027,200,99401,100,100055,100,99396,100,100089,100,99387,100,100124,100,99307,100
2019-06-28 09:58:00.000000000,99913,223,99689,223,99914,220,99632,220,99916,220,99527,220,99921,200,99519,100,99937,100,99511,100,100027,200,99461,100,100055,100,99401,100,100089,100,99396,100,100124,100,99387,100,100134,100,99307,100
2019-06-28 09:58:04.494844391,99913,123,99689,223,99914,220,99632,220,99916,220,99527,220,99921,200,99519,100,99937,100,99511,100,100027,200,99461,100,100055,100,99401,100,100089,100,99396,100,100124,100,99387,100,100134,100,99307,100
2019-06-28 09:58:04.862294369,99913,123,99689,223,99914,220,99632,220,99916,220,99527,220,99921,200,99519,100,99937,100,99511,100,100027,200,99461,100,100055,100,99401,100,100089,100,99396,100,100124,100,99387,100,100134,100,99307,100
2019-06-28 09:58:10.000000000,99914,173,99689,173,99916,173,99632,173,99921,273,99527,173,99937,173,99519,173,100027,273,99511,173,100055,100,99461,100,100089,100,99401,100,100124,100,99396,100,100134,100,99387,100,100182,100,99307,100
2019-06-28 09:58:10.639020604,99914,73,99689,173,99916,173,99632,173,99921,273,99527,173,99937,173,99519,173,100027,273,99511,173,100055,100,99461,100,100089,100,99401,100,100124,100,99396,100,100134,100,99387,100,100182,100,99307,100
2019-06-28 09:58:13.361590241,99916,173,99914,27,99921,273,99689,173,99937,173,99632,173,100027,273,99527,173,100055,100,99519,173,100089,100,99511,173,100124,100,99461,100,100134,100,99401,100,100182,100,99396,100,100183,100,99387,100
2019-06-28 09:58:16.464726696,99916,73,99914,27,99921,273,99689,173,99937,173,99632,173,100027,273,99527,173,100055,100,99519,173,100089,100,99511,173,100124,100,99461,100,100134,100,99401,100,100182,100,99396,100,100183,100,99387,100
2019-06-28 09:58:20.000000000,99921,273,99914,100,99937,173,99689,173,100027,273,99632,173,100055,173,99527,173,100089,173,99519,173,100124,100,99511,100,100134,100,99461,100,100182,100,99401,100,100183,100,99396,100,100256,100,99387,100
2019-06-28 09:58:22.926970320,99921,273,99914,200,99937,173,99689,173,100027,273,99632,173,100055,173,99527,173,100089,173,99519,173,100124,100,99511,100,100134,100,99461,100,100182,100,99401,100,100183,100,99396,100,100256,100,99387,100
2019-06-28 09:58:30.000000000,99921,323,99914,250,99937,220,99689,220,100027,320,99632,220,100055,100,99527,100,100089,100,99519,100,100124,100,99511,100,100134,100,99461,100,100182,100,99401,100,100183,100,99396,100,100256,100,99387,100
2019-06-28 09:58:38.793903208,99921,323,99914,250,99937,220,99689,220,100027,320,99632,220,100055,100,99527,100,100089,100,99519,100,100124,100,99511,100,100134,100,99461,100,100182,100,99401,100,100183,100,99396,100,100256,100,99387,100
2019-06-28 09:58:40.000000000,99921,273,99914,200,99937,173,99689,173,100027,273,99632,173,100055,173,99527,173,100089,173,99519,173,100124,100,99511,100,100134,100,99461,100,100182,100,99401,100,100183,100,99396,100,100256,100,99387,100
2019-06-28 09:58:42.501520285,99921,273,99914,200,99937,173,99689,173,100027,273,99632,173,100055,173,99527,173,100089,173,99519,173,100134,100,99511,100,100182,100,99461,100,100183,100,99401,100,100256,100,99396,100,100723,100,99387,100
2019-06-28 09:58:50.000000000,99921,291,99914,218,99937,191,99689,191,100027,291,99632,191,100055,191,99527,191,100089,100,99519,100,100134,100,99511,100,100182,100,99461,100,100183,100,99401,100,100256,100,99396,100,100723,100,99387,100
2019-06-28 09:59:00.000000000,99921,563,99914,490,99937,100,99689,100,100027,200,99632,100,100055,100,99527,100,100089,100,99519,100,100134,100,99511,100,100182,100,99461,100,100183,100,99401,100,100256,100,99396,100,100723,100,99387,100
2019-06-28 09:59:00.208481089,99921,563,99914,490,99937,100,99689,100,100027,200,99632,100,100055,100,99527,100,100089,100,99519,100,100134,100,99511,100,100182,100,99461,100,100183,100,99401,100,100256,100,99396,100,100723,100,99387,100
2019-06-28 09:59:09.599508980,99921,463,99914,490,99937,100,99689,100,100027,200,99632,100,100055,100,99527,100,100089,100,99519,100,100134,100,99511,100,100182,100,99461,100,100183,100,99401,100,100256,100,99396,100,100723,100,99387,100
2019-06-28 09:59:10.000000000,99921,173,99914,200,99937,173,99689,173,100027,273,99632,173,100055,173,99527,173,100089,173,99519,173,100134,100,99511,100,100182,100,99461,100,100183,100,99401,100,100256,100,99396,100,100723,100,99387,100
2019-06-28 09:59:20.000000000,99921,191,99914,218,99937,191,99689,191,100027,291,99632,191,100055,191,99527,191,100089,100,99519,100,100134,100,99511,100,100182,100,99461,100,100183,100,99401,100,100256,100,99396,100,100723,100,99387,100
2019-06-28 09:59:30.000000000,99921,173,99914,200,99937,173,99689,173,100027,273,99632,173,100055,173,99527,173,100089,173,99519,173,100134,100,99511,100,100182,100,99461,100,100183,100,99401,100,100256,100,99396,100,100723,100,99387,100
2019-06-28 09:59:40.000000000,99921,191,99914,218,99937,191,99689,191,100027,291,99632,191,100055,191,99527,191,100089,100,99519,100,100134,100,99511,100,100182,100,99461,100,100183,100,99401,100,100256,100,99396,100,100723,100,99387,100
2019-06-28 09:59:50.000000000,99921,282,99914,309,99937,282,99689,282,100027,200,99632,100,100055,100,99527,100,100089,100,99519,100,100134,100,99511,100,100182,100,99461,100,100183,100,99401,100,100256,100,99396,100,100723,100,99387,100
2019-06-28 09:59:57.028434433,99921,182,99914,309,99937,282,99689,282,100027,200,99632,100,100055,100,99527,100,100089,100,99519,100,100134,100,99511,100,100182,100,99461,100,100183,100,99401,100,100256,100,99396,100,100723,100,99387,100
2019-06-28 10:00:00.000000000,99937,223,99914,250,100027,320,99689,220,100055,220,99632,220,100089,100,99527,100,100134,100,99519,100,100182,100,99511,100,100183,100,99461,100,100256,100,99401,100,100723,100,99396,100,100798,100,99387,100
2019-06-28 10:00:00.039659928,99937,123,99914,250,100027,320,99689,220,100055,220,99632,220,100089,100,99527,100,100134,100,99511,100,100182,100,99461,100,100183,100,99401,100,100256,100,99396,100,100723,100,99387,100,100798,100,99307,100
2019-06-28 10:00:10.000000000,100027,291,99914,218,100055,191,99689,191,100089,191,99632,191,100134,191,99527,191,100182,100,99511,100,100183,100,99461,100,100256,100,99401,100,100723,100,99396,100,100798,100,99387,100,100951,100,99307,100
2019-06-28 10:00:12.233655972,100027,291,99914,218,100055,191,99689,191,100089,191,99632,191,100134,191,99527,191,100182,100,99511,100,100183,100,99461,100,100256,100,99401,100,100529,100,99396,100,100723,100,99387,100,100798,100,99307,100
2019-06-28 10:00:20.000000000,100027,273,99914,200,100055,173,99689,173,100089,173,99632,173,100134,173,99527,173,100182,173,99511,173,100183,100,99461,100,100256,100,99401,100,100529,100,99396,100,100723,100,99387,100,100798,100,99307,100
2019-06-28 10:00:30.000000000,100027,382,99914,309,100055,282,99689,282,100089,100,99632,100,100134,100,99527,100,100182,100,99511,100,100183,100,99461,100,100256,100,99401,100,100529,100,99396,100,100723,100,99387,100,100798,100,99307,100
2019-06-28 10:00:40.000000000,100027,563,99914,490,100055,100,99689,100,100089,100,99632,100,100134,100,99527,100,100182,100,99511,100,100183,100,99461,100,100256,100,99401,100,100529,100,99396,100,100723,100,99387,100,100798,100,99307,100
2019-06-28 10:00:50.000000000,100027,273,99914,200,100055,173,99689,173,100089,173,99632,173,100134,173,99527,173,100182,173,99511,173,100183,100,99461,100,100256,100,99401,100,100529,100,99396,100,100723,100,99387,100,100798,100,99307,100
2019-06-28 10:00:56.966282238,100027,173,99914,200,100055,173,99689,173,100089,173,99632,173,100134,173,99527,173,100182,73,99511,173,100183,100,99461,100,100256,100,99401,100,100529,100,99396,100,100723,100,99387,100,100798,100,99307,100
2019-06-28 10:01:00.000000000,100027,282,99914,309,100055,282,99689,282,100089,100,99632,100,100134,100,99527,100,100183,100,99511,100,100256,100,99461,100,100529,100,99401,100,100723,100,99396,100,100798,100,99387,100,100951,100,99307,100
2019-06-28 10:01:10.000000000,100027,223,99914,250,100055,220,99689,220,100089,220,99632,220,100134,100,99527,100,100183,100,99511,100,100256,100,99461,100,100529,100,99401,100,100723,100,99396,100,100798,100,99387,100,100951,100,99307,100
2019-06-28 10:01:20.000000000,100027,173,99914,200,100055,173,99689,173,100089,173,99632,173,100134,173,99527,173,100183,173,99511,173,100256,100,99461,100,100529,100,99401,100,100723,100,99396,100,100798,100,99387,100,100951,100,99307,100
2019-06-28 10:01:30.000000000,100027,173,99914,200,100055,173,99689,173,100089,173,99632,173,100134,173,99527,173,100183,173,99511,173,100256,100,99461,100,100529,100,99401,100,100723,100,99396,100,100798,100,99387,100,100951,100,99307,100
2019-06-28 10:01:40.000000000,100027,173,99914,200,100055,173,99689,173,100089,173,99632,173,100134,173,99527,173,100183,173,99511,173,100256,100,99461,100,100529,100,99401,100,100723,100,99396,100,100798,100,99387,100,100951,100,99307,100
2019-06-28 10:01:43.433426724,99961,100,99914,200,100027,173,99689,173,100055,173,99632,173,100089,173,99527,173,100134,173,99511,173,100183,173,99461,100,100256,100,99401,100,100529,100,99396,100,100723,100,99387,100,100798,100,99307,100
2019-06-28 10:01:50.000000000,99961,463,99914,490,100027,100,99689,100,100055,100,99632,100,100089,100,99527,100,100134,100,99511,100,100183,100,99461,100,100256,100,99401,100,100529,100,99396,100,100723,100,99387,100,100798,100,99307,100
2019-06-28 10:01:56.973518155,99961,463,99914,390,100027,100,99689,100,100055,100,99632,100,100089,100,99527,100,100134,100,99511,100,100183,100,99461,100,100256,100,99401,100,100529,100,99396,100,100723,100,99387,100,100798,100,99307,100
2019-06-28 10:01:58.769324819,99961,463,99914,390,100027,100,99689,100,100055,100,99652,100,100089,100,99632,100,100134,100,99527,100,100183,100,99511,100,100256,100,99401,100,100529,100,99396,100,100723,100,99387,100,100798,100,99307,100
2019-06-28 10:02:00.000000000,99961,173,99914,100,100027,173,99689,173,100055,173,99652,173,100089,173,99632,173,100134,173,99527,173,100183,100,99511,100,100256,100,99401,100,100529,100,99396,100,100723,100,99387,100,100798,100,99307,100
2019-06-28 10:02:10.000000000,99961,282,99914,209,100027,282,99689,282,100055,100,99652,100,100089,100,99632,100,100134,100,99527,100,100183,100,99511,100,100256,100,99401,100,100529,100,99396,100,100723,100,99387,100,100798,100,99307,100
2019-06-28 10:02:12.123857534,99961,282,99914,109,100027,282,99689,282,100055,100,99652,100,100089,100,99632,100,100134,100,99527,100,100183,100,99511,100,100256,100,99401,100,100529,100,99396,100,100723,100,99387,100,100798,100,99307,100
2019-06-28 10:02:20.000000000,99961,463,99689,463,100027,100,99652,100,100055,100,99632,100,100089,100,99527,100,100134,100,99511,100,100183,100,99401,100,100256,100,99396,100,100529,100,99387,100,100723,100,99307,100,100798,100,99246,100
2019-06-28 10:02:30.000000000,99961,223,99689,223,100027,220,99652,220,100055,220,99632,220,100089,100,99527,100,100134,100,99511,100,100183,100,99401,100,100256,100,99396,100,100529,100,99387,100,100723,100,99307,100,100798,100,99246,100
2019-06-28 10:02:35.856339563,99961,123,99689,223,100027,220,99652,220,100055,220,99632,220,100089,100,99527,100,100134,100,99511,100,100183,100,99401,100,100256,100,99396,100,100529,100,99387,100,100723,100,99307,100,100798,100,99246,100
2019-06-28 10:02:38.957343956,99961,123,99889,100,100027,220,99689,223,100055,220,99652,220,100089,100,99632,220,100134,100,99511,100,100183,100,99401,100,100256,100,99396,100,100529,100,99387,100,100723,100,99307,100,100798,100,99246,100
2019-06-28 10:02:40.000000000,100027,223,99889,223,100055,220,99689,220,100089,220,99652,220,100134,100,99632,100,100183,100,99511,100,100256,100,99401,100,100529,100,99396,100,100723,100,99387,100,100798,100,99307,100,100951,100,99246,100
2019-06-28 10:02:50.000000000,100027,223,99889,223,100055,220,99689,220,100089,220,99652,220,100134,100,99632,100,100183,100,99511,100,100256,100,99401,100,100529,100,99396,100,100723,100,99387,100,100798,100,99307,100,100951,100,99246,100
2019-06-28 10:03:00.000000000,100027,282,99889,282,100055,282,99689,282,100089,100,99652,100,100134,100,99632,100,100183,100,99511,100,100256,100,99401,100,100529,100,99396,100,100723,100,99387,100,100798,100,99307,100,100951,100,99246,100
2019-06-28 10:03:10.000000000,100027,191,99889,191,100055,191,99689,191,100089,191,99652,191,100134,191,99632,191,100183,100,99511,100,100256,100,99401,100,100529,100,99396,100,100723,100,99387,100,100798,100,99307,100,100951,100,99246,100
2019-06-28 10:03:13.977004817,100027,191,99949,100,100055,191,99889,191,100089,91,99689,191,100134,191,99652,191,100183,100,99632,191,100256,100,99511,100,100529,100,99401,100,100723,100,99396,100,100798,100,99387,100,100951,100,99307,100
2019-06-28 10:03:20.000000000,100027,223,99949,223,100055,220,99889,220,100134,220,99689,220,100183,100,99652,100,100256,100,99632,100,100529,100,99511,100,100723,100,99401,100,100798,100,99396,100,100951,100,99387,100,,,99307,100
2019-06-28 10:03:30.000000000,100027,173,99949,173,100055,173,99889,173,100134,173,99689,173,100183,173,99652,173,100256,173,99632,173,100529,100,99511,100,100723,100,99401,100,100798,100,99396,100,100951,100,99387,100,,,99307,100
2019-06-28 10:03:31.721258599,100027,173,99949,173,100055,173,99889,173,100068,100,99689,173,100134,173,99652,173,100183,173,99632,173,100256,173,99511,100,100529,100,99401,100,100723,100,99396,100,100798,100,99387,100,100951,100,99307,100
2019-06-28 10:03:40.000000000,100027,173,99949,173,100055,173,99889,173,100068,173,99689,173,100134,173,99652,173,100183,173,99632,173,100256,100,99511,100,100529,100,99401,100,100723,100,99396,100,100798,100,99387,100,100951,100,99307,100
2019-06-28 10:03:50.000000000,100027,173,99949,173,100055,173,99889,173,100068,173,99689,173,100134,173,99652,173,100183,173,99632,173,100256,100,99511,100,100529,100,99401,100,100723,100,99396,100,100798,100,99387,100,100951,100,99307,100
2019-06-28 10:04:00.000000000,100027,173,99949,173,100055,173,99889,173,100068,173,99689,173,100134,173,99652,173,100183,173,99632,173,100256,100,99511,100,100529,100,99401,100,100723,100,99396,100,100798,100,99387,100,100951,100,99307,100
2019-06-28 10:04:10.000000000,100027,463,99949,463,100055,100,99889,100,100068,100,99689,100,100134,100,99652,100,100183,100,99632,100,100256,100,99511,100,100529,100,99401,100,100723,100,99396,100,100798,100,99387,100,100951,100,99307,100
2019-06-28 10:04:20.000000000,100027,223,99949,223,100055,220,99889,220,100068,220,99689,220,100134,100,99652,100,100183,100,99632,100,100256,100,99511,100,100529,100,99401,100,100723,100,99396,100,100798,100,99387,100,100951,100,99307,100
2019-06-28 10:04:30.000000000,100027,173,99949,173,100055,173,99889,173,100068,173,99689,173,100134,173,99652,173,100183,173,99632,173,100256,100,99511,100,100529,100,99401,100,100723,100,99396,100,100798,100,99387,100,100951,100,99307,100
2019-06-28 10:04:40.000000000,100027,191,99949,191,100055,191,99889,191,100068,191,99689,191,100134,191,99652,191,100183,100,99632,100,100256,100,99511,100,100529,100,99401,100,100723,100,99396,100,100798,100,99387,100,100951,100,99307,100
2019-06-28 10:04:49.105232711,100027,91,99949,191,100055,191,99889,191,100068,191,99689,191,100134,191,99652,191,100183,100,99632,100,100256,100,99511,100,100529,100,99401,100,100723,100,99396,100,100798,100,99387,100,100951,100,99307,100
2019-06-28 10:04:50.000000000,100055,282,99949,282,100068,282,99889,282,100134,100,99689,100,100183,100,99652,100,100256,100,99632,100,100529,100,99511,100,100723,100,99401,100,100798,100,99396,100,100951,100,99387,100,,,99307,100
2019-06-28 10:04:54.084012746,100055,182,99949,282,100068,282,99889,282,100134,100,99689,100,100183,100,99652,100,100256,100,99632,100,100529,100,99511,100,100723,100,99401,100,100798,100,99396,100,100951,100,99387,100,,,99307,100
2019-06-28 10:05:00.000000000,100068,463,99949,463,100134,100,99889,100,100183,100,99689,100,100256,100,99652,100,100529,100,99632,100,100723,100,99511,100,100798,100,99401,100,100951,100,99396,100,,,99387,100,,,99307,100
2019-06-28 10:05:10.000000000,100068,463,99949,463,100134,100,99889,100,100183,100,99689,100,100256,100,99652,100,100529,100,99632,100,100723,100,99511,100,100798,100,99401,100,100951,100,99396,100,,,99387,100,,,99307,100
2019-06-28 10:05:12.901516742,100068,463,99949,463,100134,100,99889,100,100183,100,99689,100,100256,100,99652,100,100439,100,99632,100,100529,100,99511,100,100723,100,99401,100,100798,100,99396,100,100951,100,99387,100,,,99307,100
2019-06-28 10:05:20.000000000,100068,282,99949,282,100134,282,99889,282,100183,100,99689,100,100256,100,99652,100,100439,100,99632,100,100529,100,99511,100,100723,100,99401,100,100798,100,99396,100,100951,100,99387,100,,,99307,100
2019-06-28 10:05:26.670798749,100068,282,99949,282,100134,282,99889,282,100183,100,99689,100,100256,100,99652,100,100439,100,99632,100,100529,100,99511,100,100577,100,99401,100,100723,100,99396,100,100798,100,99387,100,100951,100,99307,100
2019-06-28 10:05:30.000000000,100068,173,99949,173,100134,173,99889,173,100183,173,99689,173,100256,173,99652,173,100439,173,99632,173,100529,100,99511,100,100577,100,99401,100,100723,100,99396,100,100798,100,99387,100,100951,100,99307,100
2019-06-28 10:05:30.677527170,100068,173,99949,173,100134,173,99889,173,100183,173,99689,173,100256,173,99652,173,100330,100,99632,173,100439,173,99511,100,100529,100,99401,100,100577,100,99396,100,100723,100,99387,100,100798,100,99307,100
2019-06-28 10:05:36.324285409,100068,173,100027,100,100134,173,99949,173,100183,173,99889,173,100256,173,99689,173,100330,100,99652,173,100439,173,99632,173,100529,100,99511,100,100577,100,99401,100,100723,100,99396,100,100798,100,99387,100
2019-06-28 10:05:40.000000000,100068,463,100027,463,100134,100,99949,100,100183,100,99889,100,100256,100,99689,100,100330,100,99652,100,100439,100,99632,100,100529,100,99511,100,100577,100,99401,100,100723,100,99396,100,100798,100,99387,100
2019-06-28 10:05:44.048108027,100068,463,100059,100,100134,100,100027,463,100183,100,99949,100,100256,100,99889,100,100330,100,99689,100,100439,100,99652,100,100529,100,99632,100,100577,100,99511,100,100723,100,99401,100,100798,100,99396,100
2019-06-28 10:05:49.903672919,100068,463,100059,100,100134,100,100027,563,100183,100,99949,100,100256,100,99889,100,100330,100,99652,100,100439,100,99632,100,100529,100,99511,100,100577,100,99401,100,100723,100,99396,100,100798,100,99387,100
2019-06-28 10:05:50.000000000,100068,223,100059,223,100134,220,100027,320,100183,220,99949,220,100256,100,99889,100,100330,100,99652,100,100439,100,99632,100,100529,100,99511,100,100577,100,99401,100,100723,100,99396,100,100798,100,99387,100
2019-06-28 10:06:00.000000000,100068,223,100059,223,100134,220,100027,320,100183,220,99949,220,100256,100,99889,100,100330,100,99652,100,100439,100,99632,100,100529,100,99511,100,100577,100,99401,100,100723,100,99396,100,100798,100,99387,100
2019-06-28 10:06:10.000000000,100068,463,100059,463,100134,100,100027,200,100183,100,99949,100,100256,100,99889,100,100330,100,99652,100,100439,100,99632,100,100529,100,99511,100,100577,100,99401,100,100723,100,99396,100,100798,100,99387,100
2019-06-28 10:06:20.000000000,100068,223,100059,223,100134,220,100027,320,100183,220,99949,220,100256,100,99889,100,100330,100,99652,100,100439,100,99632,100,100529,100,99511,100,100577,100,99401,100,100723,100,99396,100,100798,100,99387,100
2019-06-28 10:06:21.208210316,100068,223,100059,223,100134,220,100027,420,100183,220,99949,220,100256,100,99889,100,100330,100,99652,100,100439,100,99632,100,100529,100,99511,100,100577,100,99401,100,100723,100,99396,100,100798,100,99387,100
2019-06-28 10:06:30.000000000,100068,223,100059,223,100134,220,100027,420,100183,220,99949,220,100256,100,99889,100,100330,100,99652,100,100439,100,99632,100,100529,100,99511,100,100577,100,99401,100,100723,100,99396,100,100798,100,99387,100
2019-06-28 10:06:32.199867164,100068,123,100059,223,100134,220,100027,420,100183,220,99949,220,100256,100,99889,100,100330,100,99652,100,100439,100,99632,100,100529,100,99511,100,100577,100,99401,100,100723,100,99396,100,100798,100,99387,100
2019-06-28 10:06:36.335715976,100068,123,100060,100,100134,220,100059,223,100183,220,100027,420,100256,100,99949,220,100330,100,99889,100,100439,100,99652,100,100529,100,99632,100,100577,100,99511,100,100723,100,99401,100,100798,100,99396,100
2019-06-28 10:06:40.000000000,100134,173,100060,173,100183,173,100059,173,100256,173,100027,373,100330,173,99949,173,100439,173,99889,173,100529,100,99652,100,100577,100,99632,100,100723,100,99511,100,100798,100,99401,100,100951,100,99396,100
2019-06-28 10:06:44.129554133,100134,173,100060,273,100183,173,100059,173,100256,173,100027,373,100330,173,99949,173,100439,173,99889,173,100529,100,99652,100,100577,100,99632,100,100723,100,99511,100,100798,100,99401,100,100951,100,99396,100
2019-06-28 10:06:50.000000000,100134,173,100060,273,100183,173,100059,173,100256,173,100027,373,100330,173,99949,173,100439,173,99889,173,100529,100,99652,100,100577,100,99632,100,100723,100,99511,100,100798,100,99401,100,100951,100,99396,100
2019-06-28 10:07:00.000000000,100134,282,100060,382,100183,282,100059,282,100256,100,100027,300,100330,100,99949,100,100439,100,99889,100,100529,100,99652,100,100577,100,99632,100,100723,100,99511,100,100798,100,99401,100,100951,100,99396,100
2019-06-28 10:07:02.432457696,100134,282,100060,482,100183,282,100059,282,100256,100,100027,300,100330,100,99949,100,100439,100,99889,100,100529,100,99652,100,100577,100,99632,100,100723,100,99511,100,100798,100,99401,100,100951,100,99396,100
2019-06-28 10:07:10.000000000,100134,282,100060,482,100183,282,100059,282,100256,100,100027,300,100330,100,99949,100,100439,100,99889,100,100529,100,99652,100,100577,100,99632,100,100723,100,99511,100,100798,100,99401,100,100951,100,99396,100
2019-06-28 10:07:10.134817316,100134,282,100060,482,100183,282,100059,282,100256,100,100027,300,100330,100,99949,100,100359,100,99889,100,100439,100,99652,100,100529,100,99632,100,100577,100,99511,100,100723,100,99401,100,100798,100,99396,100
2019-06-28 10:07:20.000000000,100134,173,100060,373,100183,173,100059,173,100256,173,100027,373,100330,173,99949,173,100359,173,99889,173,100439,100,99652,100,100529,100,99632,100,100577,100,99511,100,100723,100,99401,100,100798,100,99396,100
2019-06-28 10:07:30.000000000,100134,463,100060,663,100183,100,100059,100,100256,100,100027,300,100330,100,99949,100,100359,100,99889,100,100439,100,99652,100,100529,100,99632,100,100577,100,99511,100,100723,100,99401,100,100798,100,99396,100
2019-06-28 10:07:40.000000000,100134,223,100060,423,100183,220,100059,220,100256,220,100027,420,100330,100,99949,100,100359,100,99889,100,100439,100,99652,100,100529,100,99632,100,100577,100,99511,100,100723,100,99401,100,100798,100,99396,100
2019-06-28 10:07:48.236660697,100134,223,100060,523,100183,220,100059,220,100256,220,100027,420,100330,100,99949,100,100359,100,99889,100,100439,100,99652,100,100529,100,99632,100,100577,100,99511,100,100723,100,99401,100,100798,100,99396,100
2019-06-28 10:07:50.000000000,100134,463,100060,763,100183,100,100059,100,100256,100,100027,300,100330,100,99949,100,100359,100,99889,100,100439,100,99652,100,100529,100,99632,100,100577,100,99511,100,100723,100,99401,100,100798,100,99396,100
2019-06-28 10:08:00.000000000,100134,223,100060,523,100183,220,100059,220,100256,220,100027,420,100330,100,99949,100,100359,100,99889,100,100439,100,99652,100,100529,100,99632,100,100577,100,99511,100,100723,100,99401,100,100798,100,99396,100
2019-06-28 10:08:10.000000000,100134,173,100060,473,100183,173,100059,173,100256,173,100027,373,100330,173,99949,173,100359,173,99889,173,100439,100,99652,100,100529,100,99632,100,100577,100,99511,100,100723,100,99401,100,100798,100,99396,100
2019-06-28 10:08:20.000000000,100134,223,100060,523,100183,220,100059,220,100256,220,100027,420,100330,100,99949,100,100359,100,99889,100,100439,100,99652,100,100529,100,99632,100,100577,100,99511,100,100723,100,99401,100,100798,100,99396,100
2019-06-28 10:08:30.000000000,100134,463,100060,763,100183,100,100059,100,100256,100,100027,300,100330,100,99949,100,100359,100,99889,100,100439,100,99652,100,100529,100,99632,100,100577,100,99511,100,100723,100,99401,100,100798,100,99396,100
2019-06-28 10:08:33.418203685,100134,363,100060,763,100183,100,100059,100,100256,100,100027,300,100330,100,99949,100,100359,100,99889,100,100439,100,99652,100,100529,100,99632,100,100577,100,99511,100,100723,100,99401,100,100798,100,99396,100
2019-06-28 10:08:40.000000000,100183,223,100060,523,100256,220,100059,220,100330,220,100027,420,100359,100,99949,100,100439,100,99889,100,100529,100,99652,100,100577,100,99632,100,100723,100,99511,100,100798,100,99401,100,100951,100,99396,100
2019-06-28 10:08:50.000000000,100183,223,100060,523,100256,220,100059,220,100330,220,100027,420,100359,100,99949,100,100439,100,99889,100,100529,100,99652,100,100577,100,99632,100,100723,100,99511,100,100798,100,99401,100,100951,100,99396,100
2019-06-28 10:08:58.757425535,100183,123,100060,523,100256,220,100059,220,100330,220,100027,420,100359,100,99949,100,100439,100,99889,100,100529,100,99652,100,100577,100,99632,100,100723,100,99511,100,100798,100,99401,100,100951,100,99396,100
2019-06-28 10:09:00.000000000,100256,191,100060,491,100330,191,100059,191,100359,191,100027,391,100439,191,99949,191,100529,100,99889,100,100577,100,99652,100,100723,100,99632,100,100798,100,99511,100,100951,100,99401,100,,,99396,100
2019-06-28 10:09:10.000000000,100256,282,100060,582,100330,282,100059,282,100359,100,100027,300,100439,100,99949,100,100529,100,99889,100,100577,100,99652,100,100723,100,99632,100,100798,100,99511,100,100951,100,99401,100,,,99396,100
2019-06-28 10:09:15.521336556,100256,182,100060,582,100330,282,100059,282,100359,100,100027,300,100439,100,99949,100,100529,100,99889,100,100577,100,99652,100,100723,100,99632,100,100798,100,99511,100,100951,100,99401,100,,,99396,100
2019-06-28 10:09:20.000000000,100330,191,100060,491,100359,191,100059,191,100439,191,100027,391,100529,191,99949,191,100577,100,99889,100,100723,100,99652,100,100798,100,99632,100,100951,100,99511,100,,,99401,100,,,99396,100
2019-06-28 10:09:30.000000000,100330,223,100060,523,100359,220,100059,220,100439,220,100027,420,100529,100,99949,100,100577,100,99889,100,100723,100,99652,100,100798,100,99632,100,100951,100,99511,100,,,99401,100,,,99396,100
2019-06-28 10:09:40.000000000,100330,463,100060,763,100359,100,100059,100,100439,100,100027,300,100529,100,99949,100,100577,100,99889,100,100723,100,99652,100,100798,100,99632,100,100951,100,99511,100,,,99401,100,,,99396,100
2019-06-28 10:09:50.000000000,100330,282,100060,582,100359,282,100059,282,100439,100,100027,300,100529,100,99949,100,100577,100,99889,100,100723,100,99652,100,100798,100,99632,100,100951,100,99511,100,,,99401,100,,,99396,100
2019-06-28 10:10:00.000000000,100330,173,100060,473,100359,173,100059,173,100439,173,100027,373,100529,173,99949,173,100577,173,99889,173,100723,100,99652,100,100798,100,99632,100,100951,100,99511,100,,,99401,100,,,99396,100
2019-06-28 10:10:01.328012403,100330,73,100060,473,100359,173,100059,173,100439,173,100027,373,100529,173,99949,173,100577,173,99889,173,100723,100,99652,100,100798,100,99632,100,100951,100,99511,100,,,99401,100,,,99396,100
2019-06-28 10:10:10.000000000,100359,463,100060,763,100439,100,100059,100,100529,100,100027,300,100577,100,99949,100,100723,100,99889,100,100798,100,99652,100,100951,100,99632,100,,,99511,100,,,99401,100,,,99396,100
