,ask_price_1,ask_size_1,bid_price_1,bid_size_1,ask_price_2,ask_size_2,bid_price_2,bid_size_2,ask_price_3,ask_size_3,bid_price_3,bid_size_3,ask_price_4,ask_size_4,bid_price_4,bid_size_4,ask_price_5,ask_size_5,bid_price_5,bid_size_5,ask_price_6,ask_size_6,bid_price_6,bid_size_6,ask_price_7,ask_size_7,bid_price_7,bid_size_7,ask_price_8,ask_size_8,bid_price_8,bid_size_8,ask_price_9,ask_size_9,bid_price_9,bid_size_9,ask_price_10,ask_size_10,bid_price_10,bid_size_10
2019-06-28 09:30:00.000000000,100064,100,,,,,,,,,,,,,,,,,,,,,,,,,,,,,,,,,,,,,,
2019-06-28 09:30:00.000000002,100064,100,99938,100,,,,,,,,,,,,,,,,,,,,,,,,,,,,,,,,,,,,
2019-06-28 09:30:00.000000003,100059,100,99938,100,100064,100,,,100079,100,,,,,,,,,,,,,,,,,,,,,,,,,,,,,,
2019-06-28 09:30:00.000000004,100059,100,99998,100,100064,100,99938,100,100079,100,,,,,,,,,,,,,,,,,,,,,,,,,,,,,,
2019-06-28 09:30:00.000000007,100042,100,99998,100,100059,100,99938,100,100064,100,,,100079,100,,,,,,,,,,,,,,,,,,,,,,,,,,
2019-06-28 09:30:00.000000008,100042,100,99998,100,100052,100,99938,100,100059,100,,,100064,100,,,100079,100,,,,,,,,,,,,,,,,,,,,,,
2019-06-28 09:30:00.000000009,100042,100,99998,100,100052,100,99954,100,100059,100,99938,100,100064,100,,,100079,100,,,,,,,,,,,,,,,,,,,,,,
2019-06-28 09:30:00.000000010,100041,100,99998,100,100042,100,99954,100,100052,100,99938,100,100059,100,,,100064,100,,,100079,100,,,,,,,,,,,,,,,,,,
2019-06-28 09:30:00.000000011,100026,100,99998,100,100041,100,99954,100,100042,100,99938,100,100052,100,99914,100,100059,100,99886,100,100064,100,,,100079,100,,,100208,100,,,,,,,,,,
2019-06-28 09:30:00.000000012,100026,100,99998,100,100041,100,99954,100,100042,100,99938,100,100052,100,99914,100,100059,100,99886,100,100064,100,99860,100,100079,100,99859,100,100208,100,,,,,,,,,,
2019-06-28 09:30:00.000000013,100026,100,99954,100,100041,100,99938,100,100042,100,99914,100,100052,100,99886,100,100059,100,99860,100,100064,100,99859,100,100079,100,,,100208,100,,,,,,,,,,
2019-06-28 09:30:00.000000014,100026,100,99954,100,100041,100,99938,100,100042,100,99914,100,100052,100,99886,100,100059,100,99866,100,100064,100,99860,100,100079,100,99859,100,100208,100,,,,,,,,,,
2019-06-28 09:30:00.000000015,100026,100,99954,100,100041,100,99938,100,100042,100,99914,100,100052,100,99886,100,100059,100,99866,100,100064,100,99860,100,100079,100,99859,100,100108,100,,,100208,100,,,,,,
2019-06-28 09:30:00.000000018,100026,100,99971,100,100041,100,99954,100,100042,100,99938,100,100052,100,99914,100,100059,100,99886,100,100064,100,99866,100,100079,100,99860,100,100108,100,99859,100,100208,100,,,,,,
2019-06-28 09:30:00.000000019,100026,100,99971,100,100041,100,99954,100,100042,100,99938,100,100052,100,99914,100,100058,100,99890,100,100059,100,99886,100,100064,100,99866,100,100079,100,99860,100,100108,100,99859,100,100208,100,,
2019-06-28 09:30:00.000000020,100026,100,99954,100,100041,100,99938,100,100042,100,99914,100,100052,100,99890,100,100058,100,99886,100,100059,100,99866,100,100064,100,99860,100,100079,100,99859,100,100108,100,,,100208,100,,
2019-06-28 09:30:00.000000026,100026,100,99954,100,100041,100,99938,100,100042,100,99914,100,100052,100,99911,100,100058,100,99890,100,100059,100,99886,100,100064,100,99882,100,100079,100,99866,100,100108,100,99860,100,100208,100,99859,100
2019-06-28 09:30:00.000000029,100026,100,99954,100,100041,100,99938,100,100042,100,99922,100,100052,100,99914,100,100058,100,99911,100,100059,100,99890,100,100064,100,99886,100,100079,100,99882,100,100108,100,99867,100,100208,100,99866,100
2019-06-28 09:30:00.000000030,100026,100,99954,100,100041,100,99938,100,100042,100,99922,100,100052,100,99914,100,100058,100,99911,100,100059,100,99899,100,100064,100,99890,100,100079,100,99886,100,100108,100,99882,100,100208,100,99867,100
2019-06-28 09:30:00.000000032,100026,100,99954,100,100041,100,99938,100,100042,100,99922,100,100052,100,99914,100,100058,100,99911,100,100059,100,99899,100,100064,100,99890,100,100079,100,99886,100,100093,100,99882,100,100108,100,99867,100
2019-06-28 09:30:00.000000033,100026,100,99954,100,100041,100,99938,100,100042,100,99922,100,100052,100,99914,100,100058,100,99911,100,100059,100,99899,100,100064,100,99890,100,100079,100,99886,100,100093,100,99882,100,100108,100,99867,100
2019-06-28 09:30:00.000000034,100026,100,99971,100,100041,100,99954,100,100042,100,99938,100,100052,100,99922,100,100058,100,99914,100,100059,100,99911,100,100064,100,99899,100,100079,100,99890,100,100093,100,99886,100,100108,100,99882,100
2019-06-28 09:30:00.000000038,100022,100,99971,100,100026,100,99954,100,100041,100,99938,100,100042,100,99922,100,100052,100,99914,100,100058,100,99911,100,100059,100,99899,100,100064,100,99890,100,100079,100,99886,100,100090,100,99882,100
2019-06-28 09:30:00.000000048,100022,100,99971,100,100026,100,99954,100,100041,100,99938,100,100042,100,99922,100,100052,100,99914,100,100058,100,99911,100,100059,100,99899,100,100064,100,99890,100,100079,100,99886,100,100090,100,99882,200
2019-06-28 09:30:00.000000052,100022,100,99971,100,100026,100,99954,100,100041,100,99938,100,100042,100,99922,100,100052,100,99914,100,100058,100,99911,100,100059,100,99899,100,100064,100,99890,100,100079,100,99886,100,100090,100,99882,200
2019-06-28 09:30:00.000000053,100022,100,99954,100,100026,100,99938,100,100041,100,99922,100,100042,100,99914,100,100052,100,99911,100,100058,100,99899,100,100059,100,99890,100,100064,100,99886,100,100079,100,99882,200,100090,100,99867,100
2019-06-28 09:30:00.000000056,100022,100,99966,100,100026,100,99954,100,100041,100,99938,100,100042,100,99922,100,100052,100,99914,100,100058,100,99911,100,100059,100,99899,100,100064,100,99890,100,100079,100,99886,100,100090,100,99882,200
2019-06-28 09:30:00.000000057,99968,100,99966,100,100022,100,99954,100,100026,100,99938,100,100041,100,99922,100,100042,100,99914,100,100052,100,99911,100,100058,100,99899,100,100059,100,99890,100,100064,100,99886,100,100079,100,99882,200
2019-06-28 09:30:00.000000059,99968,100,99966,100,99997,100,99954,100,100022,100,99938,100,100026,100,99922,100,100041,100,99914,100,100042,100,99911,100,100052,100,99899,100,100058,100,99890,100,100059,100,99886,100,100064,100,99882,200
2019-06-28 09:30:00.000000061,99997,100,99966,100,100022,100,99954,100,100026,100,99938,100,100041,100,99922,100,100042,100,99914,100,100052,100,99911,100,100058,100,99899,100,100059,100,99890,100,100064,100,99886,100,100079,100,99882,200
2019-06-28 09:30:00.000000064,99997,100,99966,100,100022,100,99954,100,100026,100,99938,100,100041,100,99922,100,100042,100,99914,100,100052,100,99911,100,100058,100,99899,100,100059,100,99890,100,100064,100,99886,100,100075,100,99882,200
2019-06-28 09:30:00.000000070,99997,100,99966,100,100022,100,99954,100,100026,100,99938,100,100041,100,99928,100,100042,100,99922,100,100052,100,99914,100,100058,100,99911,100,100059,100,99899,100,100064,100,99890,100,100075,100,99886,100
2019-06-28 09:30:00.000000073,99997,100,99989,100,100022,100,99966,100,100026,100,99954,100,100041,100,99938,100,100042,100,99928,100,100052,100,99922,100,100058,100,99914,100,100059,100,99911,100,100064,100,99899,100,100075,100,99890,100
2019-06-28 09:30:00.000000074,99997,100,99966,100,100000,100,99954,100,100022,100,99938,100,100026,100,99928,100,100041,100,99922,100,100042,100,99914,100,100052,100,99911,100,100058,100,99899,100,100059,100,99890,100,100064,100,99886,100
2019-06-28 09:30:00.000000076,99997,100,99966,100,100000,100,99954,100,100022,100,99938,100,100026,100,99928,100,100041,100,99922,100,100042,100,99914,100,100052,100,99911,100,100058,100,99899,100,100059,100,99890,100,100064,100,99886,100
2019-06-28 09:30:00.000000078,99997,100,99988,100,100000,100,99966,100,100022,100,99954,100,100026,100,99938,100,100041,100,99928,100,100042,100,99922,100,100052,100,99914,100,100058,100,99911,100,100059,100,99899,100,100064,100,99890,100
2019-06-28 09:30:00.000000080,99997,100,99988,100,100000,100,99966,100,100022,100,99954,100,100026,100,99938,100,100038,100,99928,100,100041,100,99922,100,100042,100,99914,100,100052,100,99911,100,100058,100,99899,100,100059,100,99890,100
2019-06-28 09:30:00.000000084,99997,100,99988,100,100000,100,99968,100,100022,100,99966,100,100026,100,99954,100,100038,100,99938,100,100041,100,99928,100,100042,100,99922,100,100052,100,99914,100,100058,100,99911,100,100059,100,99899,100
2019-06-28 09:30:00.000000085,99997,100,99968,100,100000,100,99966,100,100022,100,99954,100,100026,100,99938,100,100038,100,99928,100,100041,100,99922,100,100042,100,99914,100,100052,100,99911,100,100058,100,99899,100,100059,100,99890,100
2019-06-28 09:30:00.000000086,99997,100,99995,100,100000,100,99968,100,100022,100,99966,100,100026,100,99954,100,100038,100,99938,100,100041,100,99928,100,100042,100,99922,100,100052,100,99914,100,100058,100,99911,100,100059,100,99899,100
2019-06-28 09:30:00.000000087,99997,100,99995,100,100000,100,99988,100,100022,100,99968,100,100026,100,99966,100,100038,100,99954,100,100041,100,99938,100,100042,100,99928,100,100052,100,99922,100,100058,100,99914,100,100059,100,99911,100
2019-06-28 09:30:00.000000090,100000,100,99995,100,100022,100,99988,100,100026,100,99968,100,100038,100,99966,100,100041,100,99954,100,100042,100,99938,100,100052,100,99928,100,100058,100,99922,100,100059,100,99914,100,100064,100,99911,100
2019-06-28 09:30:00.000000091,100000,100,99988,100,100022,100,99968,100,100026,100,99966,100,100038,100,99954,100,100041,100,99938,100,100042,100,99928,100,100052,100,99922,100,100058,100,99914,100,100059,100,99911,100,100064,100,99901,100
2019-06-28 09:30:00.000000092,100000,100,99988,100,100022,100,99982,100,100026,100,99968,100,100038,100,99966,100,100041,100,99954,100,100042,100,99938,100,100052,100,99928,100,100058,100,99922,100,100059,100,99914,100,100064,100,99911,100
2019-06-28 09:30:00.000000094,100000,100,99988,100,100022,100,99982,100,100026,100,99968,100,100038,100,99966,100,100041,100,99954,100,100042,100,99938,100,100052,100,99928,100,100058,100,99922,100,100059,100,99914,100,100064,100,99911,100
2019-06-28 09:30:00.000000098,100000,100,99988,100,100022,100,99982,100,100026,100,99968,100,100038,100,99966,100,100041,100,99954,100,100042,100,99938,100,100052,100,99928,100,100058,100,99922,100,100059,100,99914,100,100064,100,99911,100
2019-06-28 09:30:09.446305756,100000,100,99988,100,100022,100,99982,200,100026,100,99968,100,100038,100,99966,100,100041,100,99954,100,100042,100,99938,100,100052,100,99928,100,100058,100,99922,100,100059,100,99914,100,100064,100,99911,100
2019-06-28 09:30:10.000000000,100000,214,99988,214,100022,210,99982,310,100026,210,99968,210,100038,100,99966,100,100041,100,99954,100,100042,100,99938,100,100052,100,99928,100,100058,100,99922,100,100059,100,99914,100,100064,100,99911,100
2019-06-28 09:30:20.000000000,100000,434,99988,434,100022,100,99982,200,100026,100,99968,100,100038,100,99966,100,100041,100,99954,100,100042,100,99938,100,100052,100,99928,100,100058,100,99922,100,100059,100,99914,100,100064,100,99911,100
2019-06-28 09:30:29.660934803,100000,434,99988,434,100022,100,99982,200,100026,100,99968,100,100038,100,99966,100,100041,100,99954,100,100042,100,99938,100,100052,100,99928,100,100058,100,99922,100,100059,100,99914,100,100064,100,99911,100
2019-06-28 09:30:30.000000000,100000,167,99988,167,100022,167,99982,267,100026,167,99968,167,100038,167,99966,167,100041,167,99954,167,100042,100,99938,100,100052,100,99928,100,100058,100,99922,100,100059,100,99914,100,100064,100,99911,100
2019-06-28 09:30:40.000000000,100000,167,99988,167,100022,167,99982,267,100026,167,99968,167,100038,167,99966,167,100041,167,99954,167,100042,100,99938,100,100052,100,99928,100,100058,100,99922,100,100059,100,99914,100,100064,100,99911,100
2019-06-28 09:30:44.129736582,100000,167,99995,100,100022,167,99988,167,100026,167,99982,267,100038,167,99968,167,100041,167,99966,167,100042,100,99954,167,100052,100,99938,100,100058,100,99928,100,100059,100,99922,100,100064,100,99914,100
2019-06-28 09:30:46.923231427,100000,67,99995,100,100022,167,99988,167,100026,167,99982,267,100038,167,99968,167,100041,167,99966,67,100042,100,99954,167,100052,100,99938,100,100058,100,99928,100,100059,100,99922,100,100064,100,99914,100
2019-06-28 09:30:50.000000000,100022,434,99995,434,100026,100,99988,100,100038,100,99982,200,100041,100,99968,100,100042,100,99954,100,100052,100,99938,100,100058,100,99928,100,100059,100,99922,100,100064,100,99914,100,100066,100,99911,100
2019-06-28 09:31:00.000000000,100022,167,99995,167,100026,167,99988,167,100038,167,99982,267,100041,167,99968,167,100042,167,99954,167,100052,100,99938,100,100058,100,99928,100,100059,100,99922,100,100064,100,99914,100,100066,100,99911,100
2019-06-28 09:31:10.000000000,100022,267,99995,267,100026,267,99988,267,100038,100,99982,200,100041,100,99968,100,100042,100,99954,100,100052,100,99938,100,100058,100,99928,100,100059,100,99922,100,100064,100,99914,100,100066,100,99911,100
2019-06-28 09:31:20.000000000,100022,184,99995,184,100026,184,99988,184,100038,184,99982,284,100041,184,99968,184,100042,100,99954,100,100052,100,99938,100,100058,100,99928,100,100059,100,99922,100,100064,100,99914,100,100066,100,99911,100
2019-06-28 09:31:25.668606741,100022,184,99995,184,100026,184,99988,184,100038,184,99982,284,100041,184,99968,184,100042,100,99954,100,100052,100,99938,100,100058,100,99928,100,100059,100,99922,100,100064,100,99914,100,100066,100,99911,100
2019-06-28 09:31:25.688384131,100022,184,99995,184,100026,184,99988,84,100038,184,99982,284,100041,184,99968,184,100042,100,99954,100,100052,100,99938,100,100058,100,99928,100,100059,100,99922,100,100064,100,99914,100,100066,100,99911,100
2019-06-28 09:31:26.460743283,100022,184,99995,184,100026,184,99988,84,100038,184,99982,284,100041,184,99968,184,100042,100,99954,100,100052,100,99938,100,100058,100,99928,100,100059,100,99922,100,100064,100,99914,100,100066,100,99911,100
2019-06-28 09:31:30.000000000,100022,214,99995,214,100026,210,99982,310,100038,210,99968,210,100041,100,99954,100,100042,100,99938,100,100052,100,99928,100,100058,100,99922,100,100059,100,99914,100,100064,100,99911,100,100066,100,99901,100
2019-06-28 09:31:40.000000000,100022,267,99995,267,100026,267,99982,367,100038,100,99968,100,100041,100,99954,100,100042,100,99938,100,100052,100,99928,100,100058,100,99922,100,100059,100,99914,100,100064,100,99911,100,100066,100,99901,100
2019-06-28 09:31:50.000000000,100022,214,99995,214,100026,210,99982,310,100038,210,99968,210,100041,100,99954,100,100042,100,99938,100,100052,100,99928,100,100058,100,99922,100,100059,100,99914,100,100064,100,99911,100,100066,100,99901,100
2019-06-28 09:31:54.075523603,100022,214,99995,214,100026,210,99982,310,100038,210,99968,210,100040,100,99954,100,100041,100,99938,100,100042,100,99928,100,100052,100,99922,100,100058,100,99914,100,100059,100,99911,100,100064,100,99901,100
2019-06-28 09:32:00.000000000,100022,184,99995,184,100026,184,99982,284,100038,184,99968,184,100040,184,99954,184,100041,100,99938,100,100042,100,99928,100,100052,100,99922,100,100058,100,99914,100,100059,100,99911,100,100064,100,99901,100
2019-06-28 09:32:10.000000000,100022,214,99995,214,100026,210,99982,310,100038,210,99968,210,100040,100,99954,100,100041,100,99938,100,100042,100,99928,100,100052,100,99922,100,100058,100,99914,100,100059,100,99911,100,100064,100,99901,100
2019-06-28 09:32:20.000000000,100022,434,99995,434,100026,100,99982,200,100038,100,99968,100,100040,100,99954,100,100041,100,99938,100,100042,100,99928,100,100052,100,99922,100,100058,100,99914,100,100059,100,99911,100,100064,100,99901,100
2019-06-28 09:32:30.000000000,100022,184,99995,184,100026,184,99982,284,100038,184,99968,184,100040,184,99954,184,100041,100,99938,100,100042,100,99928,100,100052,100,99922,100,100058,100,99914,100,100059,100,99911,100,100064,100,99901,100
2019-06-28 09:32:40.000000000,100022,214,99995,214,100026,210,99982,310,100038,210,99968,210,100040,100,99954,100,100041,100,99938,100,100042,100,99928,100,100052,100,99922,100,100058,100,99914,100,100059,100,99911,100,100064,100,99901,100
2019-06-28 09:32:45.459132177,100022,214,99995,214,100026,210,99982,310,100038,210,99968,210,100040,100,99938,100,100041,100,99928,100,100042,100,99922,100,100052,100,99914,100,100058,100,99911,100,100059,100,99901,100,100064,100,99899,100
2019-06-28 09:32:45.855683905,100022,214,99996,100,100026,210,99995,214,100038,210,99982,310,100040,100,99968,110,100041,100,99938,100,100042,100,99928,100,100052,100,99922,100,100058,100,99914,100,100059,100,99911,100,100064,100,99901,100
2019-06-28 09:32:50.000000000,100022,214,99996,214,100026,210,99995,210,100038,210,99982,310,100040,100,99938,100,100041,100,99928,100,100042,100,99922,100,100052,100,99914,100,100058,100,99911,100,100059,100,99901,100,100064,100,99899,100
2019-06-28 09:33:00.000000000,100022,214,99996,214,100026,210,99995,210,100038,210,99982,310,100040,100,99938,100,100041,100,99928,100,100042,100,99922,100,100052,100,99914,100,100058,100,99911,100,100059,100,99901,100,100064,100,99899,100
2019-06-28 09:33:10.000000000,100022,267,99996,267,100026,267,99995,267,100038,100,99982,200,100040,100,99938,100,100041,100,99928,100,100042,100,99922,100,100052,100,99914,100,100058,100,99911,100,100059,100,99901,100,100064,100,99899,100
2019-06-28 09:33:20.000000000,100022,214,99996,214,100026,210,99995,210,100038,210,99982,310,100040,100,99938,100,100041,100,99928,100,100042,100,99922,100,100052,100,99914,100,100058,100,99911,100,100059,100,99901,100,100064,100,99899,100
2019-06-28 09:33:22.723524604,100022,114,99996,214,100026,210,99995,210,100038,210,99982,310,100040,100,99938,100,100041,100,99928,100,100042,100,99922,100,100052,100,99914,100,100058,100,99911,100,100059,100,99901,100,100064,100,99899,100
2019-06-28 09:33:30.000000000,100026,167,99996,167,100038,167,99995,167,100040,167,99982,267,100041,167,99938,167,100042,167,99928,167,100052,100,99922,100,100058,100,99914,100,100059,100,99911,100,100064,100,99901,100,100066,100,99899,100
2019-06-28 09:33:38.447858261,100026,67,99996,167,100038,167,99995,167,100040,167,99982,267,100041,167,99938,167,100042,167,99928,167,100052,100,99922,100,100058,100,99914,100,100059,100,99911,100,100064,100,99901,100,100066,100,99899,100
2019-06-28 09:33:40.000000000,100038,434,99996,434,100040,100,99995,100,100041,100,99982,200,100042,100,99938,100,100052,100,99928,100,100058,100,99922,100,100059,100,99914,100,100064,100,99911,100,100066,100,99901,100,100075,100,99899,100
2019-06-28 09:33:50.000000000,100038,214,99996,214,100040,210,99995,210,100041,210,99982,310,100042,100,99938,100,100052,100,99928,100,100058,100,99922,100,100059,100,99914,100,100064,100,99911,100,100066,100,99901,100,100075,100,99899,100
2019-06-28 09:34:00.000000000,100038,267,99996,267,100040,267,99995,267,100041,100,99982,200,100042,100,99938,100,100052,100,99928,100,100058,100,99922,100,100059,100,99914,100,100064,100,99911,100,100066,100,99901,100,100075,100,99899,100
2019-06-28 09:34:07.750488472,100038,267,100022,100,100040,267,99996,267,100041,100,99995,267,100042,100,99982,200,100052,100,99938,100,100058,100,99928,100,100059,100,99922,100,100064,100,99914,100,100066,100,99911,100,100075,100,99901,100
2019-06-28 09:34:10.000000000,100038,184,100022,184,100040,184,99996,184,100041,184,99995,184,100042,184,99982,284,100052,100,99938,100,100058,100,99928,100,100059,100,99922,100,100064,100,99914,100,100066,100,99911,100,100075,100,99901,100
2019-06-28 09:34:18.157692819,100038,184,100022,184,100040,184,99996,184,100041,184,99995,184,100042,184,99982,284,100052,100,99938,100,100058,100,99928,100,100059,100,99922,100,100064,100,99914,100,100066,100,99911,100,100075,100,99901,100
2019-06-28 09:34:20.000000000,100038,214,100022,214,100040,210,99996,210,100041,210,99995,210,100042,100,99982,200,100052,100,99938,100,100058,100,99928,100,100059,100,99922,100,100064,100,99914,100,100066,100,99911,100,100075,100,99901,100
2019-06-28 09:34:25.944995874,100038,114,100022,214,100040,210,99996,210,100041,210,99995,210,100042,100,99982,200,100052,100,99938,100,100058,100,99928,100,100059,100,99922,100,100064,100,99914,100,100066,100,99911,100,100075,100,99901,100
2019-06-28 09:34:30.000000000,100040,184,100022,184,100041,184,99996,184,100042,184,99995,184,100052,184,99982,284,100058,100,99938,100,100059,100,99928,100,100064,100,99922,100,100066,100,99914,100,100075,100,99911,100,100079,100,99901,100
2019-06-28 09:34:31.860087867,100040,184,100022,184,100041,184,99996,184,100042,184,99995,184,100052,184,99982,284,100058,100,99938,100,100059,100,99928,100,100064,100,99922,100,100066,100,99914,100,100075,100,99911,100,100079,100,99901,100
2019-06-28 09:34:40.000000000,100040,167,100022,167,100041,167,99996,167,100042,167,99995,167,100052,167,99982,267,100058,167,99938,167,100059,100,99928,100,100064,100,99922,100,100066,100,99914,100,100075,100,99911,100,100079,100,99901,100
2019-06-28 09:34:40.413998201,100040,67,100022,167,100041,167,99996,167,100042,167,99995,167,100052,167,99982,267,100058,167,99938,167,100059,100,99928,100,100064,100,99922,100,100066,100,99914,100,100075,100,99911,100,100079,100,99901,100
2019-06-28 09:34:40.939200279,100040,67,100022,167,100041,167,99996,167,100042,167,99995,167,100052,167,99982,267,100058,167,99938,167,100059,100,99928,100,100064,100,99922,100,100066,100,99914,100,100075,100,99911,100,100079,100,99901,100
2019-06-28 09:34:45.738031549,100040,67,100038,100,100041,67,100022,167,100042,167,99996,167,100052,167,99995,167,100058,167,99982,267,100059,100,99938,167,100064,100,99928,100,100066,100,99922,100,100075,100,99914,100,100079,100,99911,100
2019-06-28 09:34:45.911944341,100040,67,100038,100,100041,67,100022,167,100042,167,99996,167,100052,167,99995,167,100058,167,99982,267,100059,100,99938,167,100064,100,99928,100,100066,100,99922,100,100075,100,99914,100,100079,100,99911,100
2019-06-28 09:34:50.000000000,100042,167,100038,167,100052,167,100022,167,100058,167,99996,167,100059,167,99995,167,100064,167,99982,267,100066,100,99938,100,100075,100,99928,100,100079,100,99922,100,100107,100,99914,100,100108,100,99911,100
2019-06-28 09:34:51.936516501,100042,167,100038,167,100052,167,100022,167,100058,167,99996,167,100059,167,99995,167,100064,167,99982,267,100066,100,99938,100,100075,100,99928,100,100079,100,99922,100,100107,100,99914,100,100108,100,99911,100
2019-06-28 09:35:00.000000000,100042,184,100038,184,100052,184,100022,184,100058,184,99996,184,100059,184,99995,184,100064,100,99982,200,100066,100,99938,100,100075,100,99928,100,100079,100,99922,100,100107,100,99914,100,100108,100,99911,100
2019-06-28 09:35:08.437094358,100042,184,100038,184,100052,184,100022,184,100058,184,99996,184,100059,184,99995,184,100064,100,99982,200,100066,100,99938,100,100079,100,99928,100,100107,100,99922,100,100108,100,99914,100,100169,100,99911,100
2019-06-28 09:35:10.000000000,100042,267,100038,267,100052,267,100022,267,100058,100,99996,100,100059,100,99995,100,100064,100,99982,200,100066,100,99938,100,100079,100,99928,100,100107,100,99922,100,100108,100,99914,100,100169,100,99911,100
2019-06-28 09:35:20.000000000,100042,434,100038,434,100052,100,100022,100,100058,100,99996,100,100059,100,99995,100,100064,100,99982,200,100066,100,99938,100,100079,100,99928,100,100107,100,99922,100,100108,100,99914,100,100169,100,99911,100
2019-06-28 09:35:28.358494187,100042,434,100038,534,100052,100,100022,100,100058,100,99995,100,100059,100,99982,200,100064,100,99938,100,100066,100,99928,100,100079,100,99922,100,100107,100,99914,100,100108,100,99911,100,100169,100,99901,100
2019-06-28 09:35:30.000000000,100042,214,100038,314,100052,210,100022,210,100058,210,99995,210,100059,100,99982,200,100064,100,99938,100,100066,100,99928,100,100079,100,99922,100,100107,100,99914,100,100108,100,99911,100,100169,100,99901,100
2019-06-28 09:35:40.000000000,100042,267,100038,367,100052,267,100022,267,100058,100,99995,100,100059,100,99982,200,100064,100,99938,100,100066,100,99928,100,100079,100,99922,100,100107,100,99914,100,100108,100,99911,100,100169,100,99901,100
2019-06-28 09:35:42.039521467,100042,267,100038,367,100052,267,100022,267,100058,100,99995,100,100059,100,99982,200,100064,100,99938,100,100066,100,99928,100,100079,100,99922,100,100107,100,99914,100,100108,100,99911,100,100169,100,99901,100
2019-06-28 09:35:50.000000000,100042,267,100038,367,100052,267,100022,267,100058,100,99995,100,100059,100,99982,200,100064,100,99938,100,100066,100,99928,100,100079,100,99922,100,100107,100,99914,100,100108,100,99911,100,100169,100,99901,100
2019-06-28 09:36:00.000000000,100042,434,100038,534,100052,100,100022,100,100058,100,99995,100,100059,100,99982,200,100064,100,99938,100,100066,100,99928,100,100079,100,99922,100,100107,100,99914,100,100108,100,99911,100,100169,100,99901,100
2019-06-28 09:36:10.000000000,100042,434,100038,534,100052,100,100022,100,100058,100,99995,100,100059,100,99982,200,100064,100,99938,100,100066,100,99928,100,100079,100,99922,100,100107,100,99914,100,100108,100,99911,100,100169,100,99901,100
2019-06-28 09:36:20.000000000,100042,167,100038,267,100052,167,100022,167,100058,167,99995,167,100059,167,99982,267,100064,167,99938,167,100066,100,99928,100,100079,100,99922,100,100107,100,99914,100,100108,100,99911,100,100169,100,99901,100
2019-06-28 09:36:30.000000000,100042,184,100038,284,100052,184,100022,184,100058,184,99995,184,100059,184,99982,284,100064,100,99938,100,100066,100,99928,100,100079,100,99922,100,100107,100,99914,100,100108,100,99911,100,100169,100,99901,100
2019-06-28 09:36:34.583763947,100042,184,100038,284,100052,184,100022,184,100058,184,99995,184,100059,184,99982,284,100064,100,99938,100,100066,100,99928,100,100079,100,99922,100,100107,100,99914,100,100108,100,99911,100,100169,100,99901,100
2019-06-28 09:36:40.000000000,100042,214,100038,314,100052,210,100022,210,100058,210,99995,210,100059,100,99982,200,100064,100,99938,100,100066,100,99928,100,100079,100,99922,100,100107,100,99914,100,100108,100,99911,100,100169,100,99901,100
2019-06-28 09:36:50.000000000,100042,184,100038,284,100052,184,100022,184,100058,184,99995,184,100059,184,99982,284,100064,100,99938,100,100066,100,99928,100,100079,100,99922,100,100107,100,99914,100,100108,100,99911,100,100169,100,99901,100
2019-06-28 09:37:00.000000000,100042,214,100038,314,100052,210,100022,210,100058,210,99995,210,100059,100,99982,200,100064,100,99938,100,100066,100,99928,100,100079,100,99922,100,100107,100,99914,100,100108,100,99911,100,100169,100,99901,100
2019-06-28 09:37:10.000000000,100042,214,100038,314,100052,210,100022,210,100058,210,99995,210,100059,100,99982,200,100064,100,99938,100,100066,100,99928,100,100079,100,99922,100,100107,100,99914,100,100108,100,99911,100,100169,100,99901,100
2019-06-28 09:37:10.146680935,100042,214,100038,314,100052,210,100022,210,100058,210,99995,210,100059,100,99982,200,100064,100,99938,100,100066,100,99928,100,100079,100,99922,100,100107,100,99914,100,100108,100,99911,100,100169,100,99901,100
2019-06-28 09:37:12.626595410,100042,214,100038,314,100052,210,100022,210,100058,210,99995,210,100059,100,99982,200,100064,100,99938,100,100066,100,99928,100,100079,100,99922,100,100107,100,99914,100,100108,100,99911,100,100169,100,99901,100
2019-06-28 09:37:20.000000000,100042,214,100038,314,100052,210,100022,210,100058,210,99995,210,100059,100,99982,200,100064,100,99938,100,100066,100,99928,100,100079,100,99922,100,100107,100,99914,100,100108,100,99911,100,100169,100,99901,100
2019-06-28 09:37:30.000000000,100042,434,100038,534,100052,100,100022,100,100058,100,99995,100,100059,100,99982,200,100064,100,99938,100,100066,100,99928,100,100079,100,99922,100,100107,100,99914,100,100108,100,99911,100,100169,100,99901,100
2019-06-28 09:37:37.098066816,100042,334,100038,534,100052,100,100022,100,100058,100,99995,100,100059,100,99982,200,100064,100,99938,100,100066,100,99928,100,100079,100,99922,100,100107,100,99914,100,100108,100,99901,100,100169,100,99899,100
2019-06-28 09:37:39.416991000,100042,334,100038,534,100052,100,100022,100,100058,100,99995,100,100059,100,99982,200,100064,100,99938,100,100066,100,99928,100,100079,100,99922,100,100107,100,99901,100,100108,100,99899,100,100111,100,99897,100
2019-06-28 09:37:40.000000000,100052,184,100038,284,100058,184,100022,184,100059,184,99995,184,100064,184,99982,284,100066,100,99938,100,100079,100,99928,100,100107,100,99922,100,100108,100,99901,100,100111,100,99899,100,100169,100,99897,100
2019-06-28 09:37:50.000000000,100052,184,100038,284,100058,184,100022,184,100059,184,99995,184,100064,184,99982,284,100066,100,99938,100,100079,100,99928,100,100107,100,99922,100,100108,100,99901,100,100111,100,99899,100,100169,100,99897,100
2019-06-28 09:37:54.371258674,100052,184,100038,284,100058,184,100022,184,100059,184,99995,184,100064,184,99982,284,100066,100,99938,100,100079,100,99928,100,100107,100,99922,100,100108,100,99919,100,100111,100,99901,100,100169,100,99899,100
2019-06-28 09:38:00.000000000,100052,167,100038,267,100058,167,100022,167,100059,167,99995,167,100064,167,99982,267,100066,167,99938,167,100079,100,99928,100,100107,100,99922,100,100108,100,99919,100,100111,100,99901,100,100169,100,99899,100
2019-06-28 09:38:02.102425418,100052,167,100038,267,100058,167,100022,167,100059,167,99995,167,100064,167,99982,267,100066,167,99938,167,100079,100,99934,100,100107,100,99928,100,100108,100,99922,100,100111,100,99919,100,100169,100,99901,100
2019-06-28 09:38:07.962121902,100052,167,100038,267,100058,167,100022,167,100059,167,99995,67,100064,167,99982,267,100066,167,99938,167,100079,100,99934,100,100107,100,99928,100,100108,100,99922,100,100111,100,99919,100,100169,100,99901,100
2019-06-28 09:38:10.000000000,100052,167,100038,267,100058,167,100022,167,100059,167,99982,267,100064,167,99938,167,100066,167,99934,167,100079,100,99928,100,100107,100,99922,100,100108,100,99919,100,100111,100,99901,100,100169,100,99899,100
2019-06-28 09:38:20.000000000,100052,214,100038,314,100058,210,100022,210,100059,210,99982,310,100064,100,99938,100,100066,100,99934,100,100079,100,99928,100,100107,100,99922,100,100108,100,99919,100,100111,100,99901,100,100169,100,99899,100
2019-06-28 09:38:25.103275500,100052,114,100038,314,100058,210,100022,210,100059,210,99982,310,100064,100,99938,100,100066,100,99934,100,100079,100,99928,100,100107,100,99922,100,100108,100,99919,100,100111,100,99901,100,100169,100,99899,100
2019-06-28 09:38:29.168580930,100052,114,100038,214,100058,210,100022,210,100059,210,99982,310,100064,100,99938,100,100066,100,99934,100,100079,100,99928,100,100107,100,99922,100,100108,100,99919,100,100111,100,99901,100,100169,100,99899,100
2019-06-28 09:38:30.000000000,100058,434,100038,434,100059,100,100022,100,100064,100,99982,200,100066,100,99938,100,100079,100,99934,100,100107,100,99928,100,100108,100,99922,100,100111,100,99919,100,100169,100,99901,100,100270,100,99899,100
2019-06-28 09:38:40.000000000,100058,434,100038,434,100059,100,100022,100,100064,100,99982,200,100066,100,99938,100,100079,100,99934,100,100107,100,99928,100,100108,100,99922,100,100111,100,99919,100,100169,100,99901,100,100270,100,99899,100
2019-06-28 09:38:40.070006777,100058,434,100038,434,100064,100,100022,100,100066,100,99982,200,100079,100,99938,100,100107,100,99934,100,100108,100,99928,100,100111,100,99922,100,100169,100,99919,100,100270,100,99901,100,100377,100,99899,100
2019-06-28 09:38:50.000000000,100058,267,100038,267,100064,267,100022,267,100066,100,99982,200,100079,100,99938,100,100107,100,99934,100,100108,100,99928,100,100111,100,99922,100,100169,100,99919,100,100270,100,99901,100,100377,100,99899,100
2019-06-28 09:38:50.487745904,100058,267,100038,267,100064,267,100022,267,100066,100,99982,200,100107,100,99938,100,100108,100,99934,100,100111,100,99928,100,100169,100,99922,100,100207,100,99919,100,100270,100,99901,100,100377,100,99899,100
2019-06-28 09:38:53.818793390,100058,267,100038,267,100064,267,100022,267,100066,100,100017,100,100107,100,99982,200,100108,100,99938,100,100111,100,99934,100,100169,100,99928,100,100207,100,99922,100,100270,100,99919,100,100377,100,99901,100
2019-06-28 09:39:00.000000000,100058,267,100038,267,100064,267,100022,267,100066,100,100017,100,100107,100,99982,200,100108,100,99938,100,100111,100,99934,100,100169,100,99928,100,100207,100,99922,100,100270,100,99919,100,100377,100,99901,100
2019-06-28 09:39:10.000000000,100058,434,100038,434,100064,100,100022,100,100066,100,100017,100,100107,100,99982,200,100108,100,99938,100,100111,100,99934,100,100169,100,99928,100,100207,100,99922,100,100270,100,99919,100,100377,100,99901,100
2019-06-28 09:39:20.000000000,100058,434,100038,434,100064,100,100022,100,100066,100,100017,100,100107,100,99982,200,100108,100,99938,100,100111,100,99934,100,100169,100,99928,100,100207,100,99922,100,100270,100,99919,100,100377,100,99901,100
2019-06-28 09:39:28.774694400,100058,434,100038,434,100064,100,100022,100,100066,100,100017,100,100107,100,99982,200,100111,100,99938,100,100169,100,99934,100,100207,100,99928,100,100270,100,99922,100,100377,100,99919,100,100463,100,99902,100
2019-06-28 09:39:30.000000000,100058,184,100038,184,100064,184,100022,184,100066,184,100017,184,100107,184,99982,284,100111,100,99938,100,100169,100,99934,100,100207,100,99928,100,100270,100,99922,100,100377,100,99919,100,100463,100,99902,100
2019-06-28 09:39:40.000000000,100058,267,100038,267,100064,267,100022,267,100066,100,100017,100,100107,100,99982,200,100111,100,99938,100,100169,100,99934,100,100207,100,99928,100,100270,100,99922,100,100377,100,99919,100,100463,100,99902,100
2019-06-28 09:39:50.000000000,100058,434,100038,434,100064,100,100022,100,100066,100,100017,100,100107,100,99982,200,100111,100,99938,100,100169,100,99934,100,100207,100,99928,100,100270,100,99922,100,100377,100,99919,100,100463,100,99902,100
2019-06-28 09:40:00.000000000,100058,167,100038,167,100064,167,100022,167,100066,167,100017,167,100107,167,99982,267,100111,167,99938,167,100169,100,99934,100,100207,100,99928,100,100270,100,99922,100,100377,100,99919,100,100463,100,99902,100
2019-06-28 09:40:10.000000000,100058,167,100038,167,100064,167,100022,167,100066,167,100017,167,100107,167,99982,267,100111,167,99938,167,100169,100,99934,100,100207,100,99928,100,100270,100,99922,100,100377,100,99919,100,100463,100,99902,100
2019-06-28 09:40:12.607109244,100058,167,100038,167,100064,167,100022,167,100066,167,100017,167,100107,167,99982,267,100111,167,99938,167,100169,100,99934,100,100207,100,99928,100,100270,100,99922,100,100377,100,99919,100,100463,100,99902,100
2019-06-28 09:40:16.186914635,100058,167,100038,67,100064,167,100022,167,100066,167,100017,167,100107,167,99982,267,100111,167,99938,167,100169,100,99934,100,100207,100,99928,100,100270,100,99922,100,100377,100,99919,100,100463,100,99902,100
2019-06-28 09:40:19.550785035,100058,167,100038,67,100064,167,100022,167,100066,167,100017,167,100107,167,99982,267,100111,167,99938,167,100169,100,99934,100,100207,100,99922,100,100270,100,99919,100,100377,100,99902,100,100463,100,99901,100
2019-06-28 09:40:20.000000000,100058,167,100022,167,100064,167,100017,167,100066,167,99982,267,100107,167,99938,167,100111,167,99934,167,100169,100,99922,100,100207,100,99919,100,100270,100,99902,100,100377,100,99901,100,100463,100,99899,100
2019-06-28 09:40:30.000000000,100058,267,100022,267,100064,267,100017,267,100066,100,99982,200,100107,100,99938,100,100111,100,99934,100,100169,100,99922,100,100207,100,99919,100,100270,100,99902,100,100377,100,99901,100,100463,100,99899,100
2019-06-28 09:40:40.000000000,100058,434,100022,434,100064,100,100017,100,100066,100,99982,200,100107,100,99938,100,100111,100,99934,100,100169,100,99922,100,100207,100,99919,100,100270,100,99902,100,100377,100,99901,100,100463,100,99899,100
2019-06-28 09:40:50.000000000,100058,434,100022,434,100064,100,100017,100,100066,100,99982,200,100107,100,99938,100,100111,100,99934,100,100169,100,99922,100,100207,100,99919,100,100270,100,99902,100,100377,100,99901,100,100463,100,99899,100
2019-06-28 09:41:00.000000000,100058,184,100022,184,100064,184,100017,184,100066,184,99982,284,100107,184,99938,184,100111,100,99934,100,100169,100,99922,100,100207,100,99919,100,100270,100,99902,100,100377,100,99901,100,100463,100,99899,100
2019-06-28 09:41:08.076856788,100058,184,100022,184,100064,184,100017,184,100066,184,99982,284,100107,184,99938,184,100111,100,99934,100,100169,100,99922,100,100207,100,99919,100,100270,100,99902,100,100377,100,99901,100,100463,100,99899,100
2019-06-28 09:41:10.000000000,100058,184,100022,184,100064,184,100017,184,100066,184,99982,284,100107,184,99938,184,100111,100,99934,100,100169,100,99922,100,100207,100,99919,100,100270,100,99902,100,100377,100,99901,100,100463,100,99899,100
2019-06-28 09:41:12.737606535,100058,184,100022,84,100064,184,100017,184,100066,184,99982,284,100107,184,99938,184,100111,100,99934,100,100169,100,99922,100,100207,100,99919,100,100270,100,99902,100,100377,100,99901,100,100463,100,99899,100
2019-06-28 09:41:20.000000000,100058,434,100017,434,100064,100,99982,200,100066,100,99938,100,100107,100,99934,100,100111,100,99922,100,100169,100,99919,100,100207,100,99902,100,100270,100,99901,100,100377,100,99899,100,100463,100,99890,100
2019-06-28 09:41:20.318359250,100058,434,100017,434,100064,100,99982,200,100066,100,99938,100,100107,100,99934,100,100111,100,99922,100,100169,100,99919,100,100207,100,99902,100,100270,100,99901,100,100377,100,99899,100,100463,100,99890,100
2019-06-28 09:41:20.504681621,100058,434,100017,434,100064,100,99982,200,100107,100,99938,100,100111,100,99934,100,100169,100,99922,100,100207,100,99919,100,100270,100,99902,100,100377,100,99901,100,100463,100,99899,100,100467,100,99890,100
2019-06-28 09:41:30.000000000,100058,267,100017,267,100064,267,99982,367,100107,100,99938,100,100111,100,99934,100,100169,100,99922,100,100207,100,99919,100,100270,100,99902,100,100377,100,99901,100,100463,100,99899,100,100467,100,99890,100
2019-06-28 09:41:38.108495465,100058,167,100017,267,100064,267,99982,367,100107,100,99938,100,100111,100,99934,100,100169,100,99922,100,100207,100,99919,100,100270,100,99902,100,100377,100,99901,100,100463,100,99899,100,100467,100,99890,100
2019-06-28 09:41:40.000000000,100064,184,100017,184,100107,184,99982,284,100111,184,99938,184,100169,184,99934,184,100207,100,99922,100,100270,100,99919,100,100377,100,99902,100,100463,100,99901,100,100467,100,99899,100,100790,100,99890,100
2019-06-28 09:41:50.000000000,100064,214,100017,214,100107,210,99982,310,100111,210,99938,210,100169,100,99934,100,100207,100,99922,100,100270,100,99919,100,100377,100,99902,100,100463,100,99901,100,100467,100,99899,100,100790,100,99890,100
2019-06-28 09:41:58.485116720,100064,214,100017,214,100107,210,99982,310,100111,210,99938,210,100169,100,99934,100,100207,100,99922,100,100270,100,99919,100,100377,100,99902,100,100463,100,99901,100,100467,100,99899,100,100790,100,99890,100
2019-06-28 09:42:00.000000000,100064,267,100017,267,100107,267,99982,367,100111,100,99938,100,100169,100,99934,100,100207,100,99922,100,100270,100,99919,100,100377,100,99902,100,100463,100,99901,100,100467,100,99899,100,100790,100,99890,100
2019-06-28 09:42:10.000000000,100064,214,100017,214,100107,210,99982,310,100111,210,99938,210,100169,100,99934,100,100207,100,99922,100,100270,100,99919,100,100377,100,99902,100,100463,100,99901,100,100467,100,99899,100,100790,100,99890,100
2019-06-28 09:42:13.060209006,100064,214,100017,114,100107,210,99982,310,100111,210,99938,210,100169,100,99934,100,100207,100,99922,100,100270,100,99919,100,100377,100,99902,100,100463,100,99901,100,100467,100,99899,100,100790,100,99890,100
2019-06-28 09:42:15.861625752,100064,214,100017,14,100107,110,99982,310,100111,210,99938,210,100169,100,99934,100,100207,100,99922,100,100270,100,99919,100,100377,100,99902,100,100463,100,99901,100,100467,100,99899,100,100790,100,99890,100
2019-06-28 09:42:20.000000000,100064,214,99982,314,100111,210,99938,210,100169,210,99934,210,100207,100,99922,100,100270,100,99919,100,100377,100,99902,100,100463,100,99901,100,100467,100,99899,100,100790,100,99890,100,100850,100,99882,100
2019-06-28 09:42:30.000000000,100064,214,99982,314,100111,210,99938,210,100169,210,99934,210,100207,100,99922,100,100270,100,99919,100,100377,100,99902,100,100463,100,99901,100,100467,100,99899,100,100790,100,99890,100,100850,100,99882,100
2019-06-28 09:42:35.783309894,100064,214,99982,214,100111,210,99938,210,100169,210,99934,210,100207,100,99922,100,100270,100,99919,100,100377,100,99902,100,100463,100,99901,100,100467,100,99899,100,100790,100,99890,100,100850,100,99867,100
2019-06-28 09:42:40.000000000,100064,214,99982,214,100111,210,99938,210,100169,210,99934,210,100207,100,99922,100,100270,100,99919,100,100377,100,99902,100,100463,100,99901,100,100467,100,99899,100,100790,100,99890,100,100850,100,99867,100
2019-06-28 09:42:50.000000000,100064,267,99982,267,100111,267,99938,267,100169,100,99934,100,100207,100,99922,100,100270,100,99919,100,100377,100,99902,100,100463,100,99901,100,100467,100,99899,100,100790,100,99890,100,100850,100,99867,100
2019-06-28 09:43:00.000000000,100064,434,99982,434,100111,100,99938,100,100169,100,99934,100,100207,100,99922,100,100270,100,99919,100,100377,100,99902,100,100463,100,99901,100,100467,100,99899,100,100790,100,99890,100,100850,100,99867,100
2019-06-28 09:43:01.934586052,100064,434,99982,334,100111,100,99938,100,100169,100,99934,100,100207,100,99922,100,100270,100,99919,100,100377,100,99902,100,100463,100,99901,100,100467,100,99899,100,100790,100,99890,100,100850,100,99867,100
2019-06-28 09:43:10.000000000,100064,184,99938,184,100111,184,99934,184,100169,184,99922,184,100207,184,99919,184,100270,100,99902,100,100377,100,99901,100,100463,100,99899,100,100467,100,99890,100,100790,100,99867,100,100850,100,99866,100
2019-06-28 09:43:20.000000000,100064,267,99938,267,100111,267,99934,267,100169,100,99922,100,100207,100,99919,100,100270,100,99902,100,100377,100,99901,100,100463,100,99899,100,100467,100,99890,100,100790,100,99867,100,100850,100,99866,100
2019-06-28 09:43:30.000000000,100064,434,99938,434,100111,100,99934,100,100169,100,99922,100,100207,100,99919,100,100270,100,99902,100,100377,100,99901,100,100463,100,99899,100,100467,100,99890,100,100790,100,99867,100,100850,100,99866,100
2019-06-28 09:43:38.718396042,100064,434,99983,100,100111,100,99938,434,100169,100,99934,100,100207,100,99922,100,100270,100,99919,100,100377,100,99902,100,100463,100,99901,100,100467,100,99899,100,100790,100,99890,100,100850,100,99867,100
2019-06-28 09:43:40.000000000,100064,184,99983,184,100111,184,99938,184,100169,184,99934,184,100207,184,99922,184,100270,100,99919,100,100377,100,99902,100,100463,100,99901,100,100467,100,99899,100,100790,100,99890,100,100850,100,99867,100
2019-06-28 09:43:48.900418128,100064,84,99983,184,100111,184,99938,184,100169,184,99934,184,100207,184,99922,184,100270,100,99919,100,100377,100,99902,100,100463,100,99901,100,100467,100,99899,100,100790,100,99890,100,100850,100,99867,100
2019-06-28 09:43:50.000000000,100111,267,99983,267,100169,267,99938,267,100207,100,99934,100,100270,100,99922,100,100377,100,99919,100,100463,100,99902,100,100467,100,99901,100,100790,100,99899,100,100850,100,99890,100,101095,100,99867,100
2019-06-28 09:43:53.821431998,100111,267,99983,267,100169,267,99938,267,100207,100,99934,100,100270,100,99922,100,100377,100,99919,100,100463,100,99902,100,100467,100,99901,100,100790,100,99899,100,100850,100,99890,100,100976,100,99867,100
2019-06-28 09:43:56.048775159,100111,267,99983,267,100169,267,99938,267,100207,100,99934,100,100270,100,99922,100,100377,100,99919,100,100463,100,99902,100,100467,100,99899,100,100790,100,99890,100,100814,100,99867,100,100850,100,99866,100
2019-06-28 09:43:57.446369292,100111,267,99983,267,100169,267,99938,267,100207,100,99934,100,100270,100,99922,100,100377,100,99919,100,100463,100,99902,100,100467,100,99899,100,100790,100,99890,100,100814,100,99867,100,100850,100,99866,100
2019-06-28 09:44:00.000000000,100111,267,99983,267,100169,267,99938,267,100207,100,99934,100,100270,100,99922,100,100377,100,99919,100,100463,100,99902,100,100467,100,99899,100,100790,100,99890,100,100814,100,99867,100,100850,100,99866,100
2019-06-28 09:44:03.170354714,100111,167,99983,267,100169,267,99938,267,100207,100,99934,100,100270,100,99922,100,100377,100,99919,100,100463,100,99902,100,100467,100,99899,100,100790,100,99890,100,100814,100,99867,100,100850,100,99866,100
2019-06-28 09:44:08.914602074,100111,167,99983,267,100169,267,99938,267,100207,100,99934,100,100270,100,99922,100,100377,100,99919,100,100463,100,99902,100,100467,100,99899,100,100790,100,99890,100,100814,100,99867,100,100850,100,99866,100
2019-06-28 09:44:10.000000000,100169,434,99983,434,100207,100,99938,100,100270,100,99934,100,100377,100,99922,100,100463,100,99919,100,100467,100,99902,100,100790,100,99899,100,100814,100,99890,100,100850,100,99867,100,100976,100,99866,100
2019-06-28 09:44:14.649846419,100169,334,99983,434,100207,100,99938,100,100270,100,99934,100,100377,100,99922,100,100463,100,99919,100,100467,100,99902,100,100790,100,99899,100,100814,100,99890,100,100850,100,99867,100,100976,100,99866,100
2019-06-28 09:44:20.000000000,100207,167,99983,167,100270,167,99938,167,100377,167,99934,167,100463,167,99922,167,100467,167,99919,167,100790,100,99902,100,100814,100,99899,100,100850,100,99890,100,100976,100,99867,100,101028,100,99866,100
2019-06-28 09:44:27.811842862,100207,167,99983,167,100270,167,99938,167,100377,167,99934,167,100463,167,99922,167,100467,167,99919,167,100790,100,99902,100,100814,100,99899,100,100850,100,99890,100,100873,100,99867,100,100976,100,99866,100
2019-06-28 09:44:30.000000000,100207,184,99983,184,100270,184,99938,184,100377,184,99934,184,100463,184,99922,184,100467,100,99919,100,100790,100,99902,100,100814,100,99899,100,100850,100,99890,100,100873,100,99867,100,100976,100,99866,100
2019-06-28 09:44:33.937740994,100207,84,99983,184,100270,184,99938,184,100377,184,99934,184,100463,184,99922,184,100467,100,99919,100,100790,100,99902,100,100814,100,99899,100,100850,100,99890,100,100873,100,99867,100,100976,100,99866,100
2019-06-28 09:44:40.000000000,100270,434,99983,434,100377,100,99938,100,100463,100,99934,100,100467,100,99922,100,100790,100,99919,100,100814,100,99902,100,100850,100,99899,100,100873,100,99890,100,100976,100,99867,100,101028,100,99866,100
2019-06-28 09:44:50.000000000,100270,184,99983,184,100377,184,99938,184,100463,184,99934,184,100467,184,99922,184,100790,100,99919,100,100814,100,99902,100,100850,100,99899,100,100873,100,99890,100,100976,100,99867,100,101028,100,99866,100
2019-06-28 09:44:59.443626084,100270,184,99983,184,100377,184,99938,184,100463,184,99934,184,100467,184,99922,184,100761,100,99919,100,100790,100,99902,100,100814,100,99899,100,100850,100,99867,100,100873,100,99866,100,100976,100,99857,100
2019-06-28 09:45:00.000000000,100270,167,99983,167,100377,167,99938,167,100463,167,99934,167,100467,167,99922,167,100761,167,99919,167,100790,100,99902,100,100814,100,99899,100,100850,100,99867,100,100873,100,99866,100,100976,100,99857,100
2019-06-28 09:45:08.634799365,100270,67,99983,167,100377,167,99938,167,100463,167,99934,167,100467,167,99922,167,100761,167,99919,167,100790,100,99902,100,100814,100,99899,100,100850,100,99867,100,100873,100,99866,100,100976,100,99857,100
2019-06-28 09:45:10.000000000,100377,267,99983,267,100463,267,99938,267,100467,100,99934,100,100761,100,99922,100,100790,100,99919,100,100814,100,99902,100,100850,100,99899,100,100873,100,99867,100,100976,100,99866,100,101028,100,99857,100
2019-06-28 09:45:20.000000000,100377,214,99983,214,100463,210,99938,210,100467,210,99934,210,100761,100,99922,100,100790,100,99919,100,100814,100,99902,100,100850,100,99899,100,100873,100,99867,100,100976,100,99866,100,101028,100,99857,100
2019-06-28 09:45:30.000000000,100377,214,99983,214,100463,210,99938,210,100467,210,99934,210,100761,100,99922,100,100790,100,99919,100,100814,100,99902,100,100850,100,99899,100,100873,100,99867,100,100976,100,99866,100,101028,100,99857,100
2019-06-28 09:45:40.000000000,100377,267,99983,267,100463,267,99938,267,100467,100,99934,100,100761,100,99922,100,100790,100,99919,100,100814,100,99902,100,100850,100,99899,100,100873,100,99867,100,100976,100,99866,100,101028,100,99857,100
2019-06-28 09:45:46.763628906,100307,100,99983,267,100377,267,99938,167,100463,267,99934,100,100467,100,99922,100,100761,100,99919,100,100790,100,99902,100,100814,100,99899,100,100850,100,99867,100,100873,100,99866,100,100976,100,99857,100
2019-06-28 09:45:50.000000000,100307,214,99983,214,100377,210,99934,210,100463,210,99922,210,100467,100,99919,100,100761,100,99902,100,100790,100,99899,100,100814,100,99867,100,100850,100,99866,100,100873,100,99857,100,100976,100,99837,100
2019-06-28 09:45:56.334032963,100307,214,99983,214,100365,100,99934,210,100377,210,99922,210,100463,210,99919,100,100467,100,99902,100,100761,100,99899,100,100790,100,99867,100,100814,100,99866,100,100850,100,99857,100,100873,100,99837,100
2019-06-28 09:46:00.000000000,100307,434,99983,434,100365,100,99934,100,100377,100,99922,100,100463,100,99919,100,100467,100,99902,100,100761,100,99899,100,100790,100,99867,100,100814,100,99866,100,100850,100,99857,100,100873,100,99837,100
2019-06-28 09:46:10.000000000,100307,214,99983,214,100365,210,99934,210,100377,210,99922,210,100463,100,99919,100,100467,100,99902,100,100761,100,99899,100,100790,100,99867,100,100814,100,99866,100,100850,100,99857,100,100873,100,99837,100
2019-06-28 09:46:20.000000000,100307,267,99983,267,100365,267,99934,267,100377,100,99922,100,100463,100,99919,100,100467,100,99902,100,100761,100,99899,100,100790,100,99867,100,100814,100,99866,100,100850,100,99857,100,100873,100,99837,100
2019-06-28 09:46:30.000000000,100307,267,99983,267,100365,267,99934,267,100377,100,99922,100,100463,100,99919,100,100467,100,99902,100,100761,100,99899,100,100790,100,99867,100,100814,100,99866,100,100850,100,99857,100,100873,100,99837,100
2019-06-28 09:46:40.000000000,100307,214,99983,214,100365,210,99934,210,100377,210,99922,210,100463,100,99919,100,100467,100,99902,100,100761,100,99899,100,100790,100,99867,100,100814,100,99866,100,100850,100,99857,100,100873,100,99837,100
2019-06-28 09:46:49.225008571,100307,214,100207,100,100365,210,99983,214,100377,210,99934,210,100463,100,99922,210,100467,100,99919,100,100761,100,99902,100,100790,100,99899,100,100814,100,99867,100,100850,100,99866,100,100873,100,99857,100
2019-06-28 09:46:50.000000000,100307,214,100207,214,100365,210,99983,210,100377,210,99934,210,100463,100,99922,100,100467,100,99919,100,100761,100,99902,100,100790,100,99899,100,100814,100,99867,100,100850,100,99866,100,100873,100,99857,100
2019-06-28 09:46:54.619086411,100307,214,100207,314,100365,210,99983,210,100377,210,99934,210,100463,100,99922,100,100467,100,99919,100,100761,100,99902,100,100790,100,99899,100,100814,100,99867,100,100850,100,99866,100,100873,100,99857,100
2019-06-28 09:47:00.000000000,100307,214,100207,314,100365,210,99983,210,100377,210,99934,210,100463,100,99922,100,100467,100,99919,100,100761,100,99902,100,100790,100,99899,100,100814,100,99867,100,100850,100,99866,100,100873,100,99857,100
2019-06-28 09:47:04.702914727,100307,214,100207,414,100365,210,99983,210,100377,210,99934,210,100463,100,99922,100,100467,100,99919,100,100761,100,99902,100,100790,100,99899,100,100814,100,99867,100,100850,100,99866,100,100873,100,99857,100
2019-06-28 09:47:10.000000000,100307,434,100207,634,100365,100,99983,100,100377,100,99934,100,100463,100,99922,100,100467,100,99919,100,100761,100,99902,100,100790,100,99899,100,100814,100,99867,100,100850,100,99866,100,100873,100,99857,100
2019-06-28 09:47:20.000000000,100307,184,100207,384,100365,184,99983,184,100377,184,99934,184,100463,184,99922,184,100467,100,99919,100,100761,100,99902,100,100790,100,99899,100,100814,100,99867,100,100850,100,99866,100,100873,100,99857,100
2019-06-28 09:47:30.000000000,100307,184,100207,384,100365,184,99983,184,100377,184,99934,184,100463,184,99922,184,100467,100,99919,100,100761,100,99902,100,100790,100,99899,100,100814,100,99867,100,100850,100,99866,100,100873,100,99857,100
2019-06-28 09:47:34.790120499,100307,184,100207,384,100338,100,99983,184,100365,184,99934,184,100377,184,99922,184,100463,184,99919,100,100467,100,99902,100,100761,100,99899,100,100790,100,99867,100,100814,100,99866,100,100850,100,99857,100
2019-06-28 09:47:40.000000000,100307,184,100207,384,100338,184,99983,184,100365,184,99934,184,100377,184,99922,184,100463,100,99919,100,100467,100,99902,100,100761,100,99899,100,100790,100,99867,100,100814,100,99866,100,100850,100,99857,100
2019-06-28 09:47:48.220852676,100269,100,100207,384,100307,184,99983,184,100338,184,99934,184,100365,184,99922,184,100377,184,99919,100,100463,100,99902,100,100467,100,99899,100,100761,100,99867,100,100790,100,99857,100,100814,100,99440,100
2019-06-28 09:47:50.000000000,100269,267,100207,467,100307,267,99983,267,100338,100,99934,100,100365,100,99922,100,100377,100,99919,100,100463,100,99902,100,100467,100,99899,100,100761,100,99867,100,100790,100,99857,100,100814,100,99440,100
2019-06-28 09:47:53.017981712,100269,267,100207,467,100307,267,99983,267,100338,100,99934,100,100365,100,99922,100,100377,100,99919,100,100463,100,99902,100,100467,100,99899,100,100551,100,99867,100,100761,100,99857,100,100790,100,99440,100
2019-06-28 09:48:00.000000000,100269,184,100207,384,100307,184,99983,184,100338,184,99934,184,100365,184,99922,184,100377,100,99919,100,100463,100,99902,100,100467,100,99899,100,100551,100,99867,100,100761,100,99857,100,100790,100,99440,100
2019-06-28 09:48:03.893923113,100269,184,100207,384,100307,184,99983,184,100338,184,99934,184,100365,184,99922,184,100377,100,99919,100,100463,100,99902,100,100467,100,99899,100,100481,100,99867,100,100551,100,99857,100,100761,100,99440,100
2019-06-28 09:48:10.000000000,100269,167,100207,367,100307,167,99983,167,100338,167,99934,167,100365,167,99922,167,100377,167,99919,167,100463,100,99902,100,100467,100,99899,100,100481,100,99867,100,100551,100,99857,100,100761,100,99440,100
2019-06-28 09:48:20.000000000,100269,434,100207,634,100307,100,99983,100,100338,100,99934,100,100365,100,99922,100,100377,100,99919,100,100463,100,99902,100,100467,100,99899,100,100481,100,99867,100,100551,100,99857,100,100761,100,99440,100
2019-06-28 09:48:30.000000000,100269,184,100207,384,100307,184,99983,184,100338,184,99934,184,100365,184,99922,184,100377,100,99919,100,100463,100,99902,100,100467,100,99899,100,100481,100,99867,100,100551,100,99857,100,100761,100,99440,100
2019-06-28 09:48:40.000000000,100269,167,100207,367,100307,167,99983,167,100338,167,99934,167,100365,167,99922,167,100377,167,99919,167,100463,100,99902,100,100467,100,99899,100,100481,100,99867,100,100551,100,99857,100,100761,100,99440,100
2019-06-28 09:48:45.464520470,100269,167,100207,367,100307,167,99983,167,100338,167,99934,167,100365,167,99922,167,100377,167,99919,167,100463,100,99902,100,100467,100,99899,100,100481,100,99867,100,100551,100,99857,100,100761,100,99440,100
2019-06-28 09:48:50.000000000,100269,214,100207,414,100307,210,99983,210,100338,210,99934,210,100365,100,99922,100,100377,100,99919,100,100463,100,99902,100,100467,100,99899,100,100481,100,99867,100,100551,100,99857,100,100761,100,99440,100
2019-06-28 09:49:00.000000000,100269,214,100207,414,100307,210,99983,210,100338,210,99934,210,100365,100,99922,100,100377,100,99919,100,100463,100,99902,100,100467,100,99899,100,100481,100,99867,100,100551,100,99857,100,100761,100,99440,100
2019-06-28 09:49:02.750960266,100269,214,100207,414,100307,210,99983,210,100338,210,99934,210,100365,100,99922,100,100377,100,99919,100,100463,100,99902,100,100467,100,99899,100,100481,100,99867,100,100551,100,99857,100,100761,100,99440,100
2019-06-28 09:49:10.000000000,100269,184,100207,384,100307,184,99983,184,100338,184,99934,184,100365,184,99922,184,100377,100,99919,100,100463,100,99902,100,100467,100,99899,100,100481,100,99867,100,100551,100,99857,100,100761,100,99440,100
2019-06-28 09:49:20.000000000,100269,267,100207,467,100307,267,99983,267,100338,100,99934,100,100365,100,99922,100,100377,100,99919,100,100463,100,99902,100,100467,100,99899,100,100481,100,99867,100,100551,100,99857,100,100761,100,99440,100
2019-06-28 09:49:30.000000000,100269,267,100207,467,100307,267,99983,267,100338,100,99934,100,100365,100,99922,100,100377,100,99919,100,100463,100,99902,100,100467,100,99899,100,100481,100,99867,100,100551,100,99857,100,100761,100,99440,100
2019-06-28 09:49:37.719909947,100269,267,100207,467,100307,267,99983,267,100338,100,99934,100,100365,100,99922,100,100377,100,99919,100,100467,100,99902,100,100481,100,99899,100,100551,100,99867,100,100616,100,99857,100,100761,100,99440,100
2019-06-28 09:49:40.000000000,100269,184,100207,384,100307,184,99983,184,100338,184,99934,184,100365,184,99922,184,100377,100,99919,100,100467,100,99902,100,100481,100,99899,100,100551,100,99867,100,100616,100,99857,100,100761,100,99440,100
2019-06-28 09:49:50.000000000,100269,434,100207,634,100307,100,99983,100,100338,100,99934,100,100365,100,99922,100,100377,100,99919,100,100467,100,99902,100,100481,100,99899,100,100551,100,99867,100,100616,100,99857,100,100761,100,99440,100
2019-06-28 09:50:00.000000000,100269,267,100207,467,100307,267,99983,267,100338,100,99934,100,100365,100,99922,100,100377,100,99919,100,100467,100,99902,100,100481,100,99899,100,100551,100,99867,100,100616,100,99857,100,100761,100,99440,100
2019-06-28 09:50:10.000000000,100269,267,100207,467,100307,267,99983,267,100338,100,99934,100,100365,100,99922,100,100377,100,99919,100,100467,100,99902,100,100481,100,99899,100,100551,100,99867,100,100616,100,99857,100,100761,100,99440,100
2019-06-28 09:50:20.000000000,100269,267,100207,467,100307,267,99983,267,100338,100,99934,100,100365,100,99922,100,100377,100,99919,100,100467,100,99902,100,100481,100,99899,100,100551,100,99867,100,100616,100,99857,100,100761,100,99440,100
2019-06-28 09:50:22.218133545,100269,267,100207,467,100307,267,99983,267,100338,100,99934,100,100365,100,99922,100,100377,100,99919,100,100467,100,99902,100,100471,100,99899,100,100481,100,99867,100,100551,100,99857,100,100616,100,99440,100
2019-06-28 09:50:30.000000000,100269,167,100207,367,100307,167,99983,167,100338,167,99934,167,100365,167,99922,167,100377,167,99919,167,100467,100,99902,100,100471,100,99899,100,100481,100,99867,100,100551,100,99857,100,100616,100,99440,100
2019-06-28 09:50:40.000000000,100269,434,100207,634,100307,100,99983,100,100338,100,99934,100,100365,100,99922,100,100377,100,99919,100,100467,100,99902,100,100471,100,99899,100,100481,100,99867,100,100551,100,99857,100,100616,100,99440,100
2019-06-28 09:50:42.072648598,100269,434,100207,634,100307,100,99983,100,100338,100,99934,100,100365,100,99922,100,100377,100,99919,100,100440,100,99902,100,100467,100,99899,100,100471,100,99867,100,100481,100,99857,100,100551,100,99440,100
2019-06-28 09:50:43.237421810,100269,334,100207,634,100307,100,99983,100,100338,100,99934,100,100365,100,99922,100,100377,100,99919,100,100440,100,99902,100,100467,100,99899,100,100471,100,99867,100,100481,100,99857,100,100551,100,99440,100
2019-06-28 09:50:50.000000000,100307,167,100207,367,100338,167,99983,167,100365,167,99934,167,100377,167,99922,167,100440,167,99919,167,100467,100,99902,100,100471,100,99899,100,100481,100,99867,100,100551,100,99857,100,100616,100,99440,100
2019-06-28 09:50:55.483278635,100268,100,100207,367,100307,167,99983,167,100338,167,99934,167,100365,167,99922,167,100377,167,99919,167,100440,167,99902,100,100467,100,99899,100,100471,100,99867,100,100481,100,99857,100,100551,100,99440,100
2019-06-28 09:51:00.000000000,100268,267,100207,467,100307,267,99983,267,100338,100,99934,100,100365,100,99922,100,100377,100,99919,100,100440,100,99902,100,100467,100,99899,100,100471,100,99867,100,100481,100,99857,100,100551,100,99440,100
2019-06-28 09:51:06.037456151,100268,167,100207,467,100307,267,99983,267,100338,100,99934,100,100365,100,99922,100,100377,100,99919,100,100440,100,99902,100,100467,100,99899,100,100471,100,99867,100,100481,100,99857,100,100551,100,99440,100
2019-06-28 09:51:08.508106567,100268,167,100207,467,100307,267,99983,267,100338,100,99934,100,100365,100,99922,100,100377,100,99919,100,100440,100,99902,100,100464,100,99899,100,100467,100,99867,100,100471,100,99857,100,100481,100,99440,100
2019-06-28 09:51:10.000000000,100307,434,100207,634,100338,100,99983,100,100365,100,99934,100,100377,100,99922,100,100440,100,99919,100,100464,100,99902,100,100467,100,99899,100,100471,100,99867,100,100481,100,99857,100,100551,100,99440,100
2019-06-28 09:51:20.000000000,100307,267,100207,467,100338,267,99983,267,100365,100,99934,100,100377,100,99922,100,100440,100,99919,100,100464,100,99902,100,100467,100,99899,100,100471,100,99867,100,100481,100,99857,100,100551,100,99440,100
2019-06-28 09:51:23.987269561,100307,267,100268,100,100338,267,100207,467,100365,100,99983,267,100377,100,99934,100,100440,100,99922,100,100464,100,99919,100,100467,100,99902,100,100471,100,99899,100,100481,100,99867,100,100551,100,99857,100
2019-06-28 09:51:30.000000000,100307,214,100268,214,100338,210,100207,410,100365,210,99983,210,100377,100,99934,100,100440,100,99922,100,100464,100,99919,100,100467,100,99902,100,100471,100,99899,100,100481,100,99867,100,100551,100,99857,100
2019-06-28 09:51:40.000000000,100307,214,100268,214,100338,210,100207,410,100365,210,99983,210,100377,100,99934,100,100440,100,99922,100,100464,100,99919,100,100467,100,99902,100,100471,100,99899,100,100481,100,99867,100,100551,100,99857,100
2019-06-28 09:51:42.540071454,100307,114,100268,214,100338,210,100207,410,100365,210,99983,210,100377,100,99934,100,100440,100,99922,100,100464,100,99919,100,100467,100,99902,100,100471,100,99899,100,100481,100,99867,100,100551,100,99857,100
2019-06-28 09:51:43.867188952,100307,114,100268,214,100338,210,100207,410,100365,210,99983,210,100377,100,99934,100,100440,100,99922,100,100464,100,99919,100,100467,100,99902,100,100469,100,99899,100,100471,100,99867,100,100481,100,99857,100
2019-06-28 09:51:50.000000000,100338,167,100268,167,100365,167,100207,367,100377,167,99983,167,100440,167,99934,167,100464,167,99922,167,100467,100,99919,100,100469,100,99902,100,100471,100,99899,100,100481,100,99867,100,100551,100,99857,100
2019-06-28 09:52:00.000000000,100338,184,100268,184,100365,184,100207,384,100377,184,99983,184,100440,184,99934,184,100464,100,99922,100,100467,100,99919,100,100469,100,99902,100,100471,100,99899,100,100481,100,99867,100,100551,100,99857,100
2019-06-28 09:52:05.471657787,100338,184,100268,84,100365,184,100207,384,100377,184,99983,184,100440,184,99934,184,100464,100,99922,100,100467,100,99919,100,100469,100,99899,100,100471,100,99867,100,100481,100,99857,100,100551,100,99440,100
2019-06-28 09:52:10.000000000,100338,214,100207,414,100365,210,99983,210,100377,210,99934,210,100440,100,99922,100,100464,100,99919,100,100467,100,99899,100,100469,100,99867,100,100471,100,99857,100,100481,100,99440,100,100551,100,99372,100
2019-06-28 09:52:20.000000000,100338,167,100207,367,100365,167,99983,167,100377,167,99934,167,100440,167,99922,167,100464,167,99919,167,100467,100,99899,100,100469,100,99867,100,100471,100,99857,100,100481,100,99440,100,100551,100,99372,100
2019-06-28 09:52:30.000000000,100338,267,100207,467,100365,267,99983,267,100377,100,99934,100,100440,100,99922,100,100464,100,99919,100,100467,100,99899,100,100469,100,99867,100,100471,100,99857,100,100481,100,99440,100,100551,100,99372,100
2019-06-28 09:52:38.460246184,100306,100,100207,467,100338,267,99983,267,100365,267,99934,100,100377,100,99922,100,100440,100,99919,100,100464,100,99899,100,100467,100,99867,100,100469,100,99857,100,100471,100,99440,100,100481,100,99372,100
2019-06-28 09:52:40.000000000,100306,214,100207,414,100338,210,99983,210,100365,210,99934,210,100377,100,99922,100,100440,100,99919,100,100464,100,99899,100,100467,100,99867,100,100469,100,99857,100,100471,100,99440,100,100481,100,99372,100
2019-06-28 09:52:50.000000000,100306,434,100207,634,100338,100,99983,100,100365,100,99934,100,100377,100,99922,100,100440,100,99919,100,100464,100,99899,100,100467,100,99867,100,100469,100,99857,100,100471,100,99440,100,100481,100,99372,100
2019-06-28 09:52:58.300505755,100306,434,100207,634,100338,100,100033,100,100365,100,99983,100,100377,100,99934,100,100440,100,99922,100,100464,100,99919,100,100467,100,99899,100,100469,100,99867,100,100471,100,99857,100,100481,100,99440,100
2019-06-28 09:53:00.000000000,100306,167,100207,367,100338,167,100033,167,100365,167,99983,167,100377,167,99934,167,100440,167,99922,167,100464,100,99919,100,100467,100,99899,100,100469,100,99867,100,100471,100,99857,100,100481,100,99440,100
2019-06-28 09:53:10.000000000,100306,167,100207,367,100338,167,100033,167,100365,167,99983,167,100377,167,99934,167,100440,167,99922,167,100464,100,99919,100,100467,100,99899,100,100469,100,99867,100,100471,100,99857,100,100481,100,99440,100
2019-06-28 09:53:20.000000000,100306,167,100207,367,100338,167,100033,167,100365,167,99983,167,100377,167,99934,167,100440,167,99922,167,100464,100,99919,100,100467,100,99899,100,100469,100,99867,100,100471,100,99857,100,100481,100,99440,100
2019-06-28 09:53:26.134227961,100306,67,100207,367,100338,167,100033,167,100365,167,99983,167,100377,167,99934,167,100440,167,99922,167,100464,100,99919,100,100467,100,99899,100,100471,100,99867,100,100481,100,99857,100,100551,100,99440,100
2019-06-28 09:53:30.000000000,100338,184,100207,384,100365,184,100033,184,100377,184,99983,184,100440,184,99934,184,100464,100,99922,100,100467,100,99919,100,100471,100,99899,100,100481,100,99867,100,100551,100,99857,100,100616,100,99440,100
2019-06-28 09:53:40.000000000,100338,434,100207,634,100365,100,100033,100,100377,100,99983,100,100440,100,99934,100,100464,100,99922,100,100467,100,99919,100,100471,100,99899,100,100481,100,99867,100,100551,100,99857,100,100616,100,99440,100
2019-06-28 09:53:50.000000000,100338,167,100207,367,100365,167,100033,167,100377,167,99983,167,100440,167,99934,167,100464,167,99922,167,100467,100,99919,100,100471,100,99899,100,100481,100,99867,100,100551,100,99857,100,100616,100,99440,100
2019-06-28 09:53:53.610802563,100338,167,100269,100,100365,167,100207,367,100377,167,100033,167,100440,167,99983,167,100464,167,99934,167,100467,100,99922,167,100471,100,99919,100,100481,100,99899,100,100551,100,99867,100,100616,100,99857,100
2019-06-28 09:53:57.172152756,100338,167,100269,200,100365,167,100207,367,100377,167,100033,167,100440,167,99983,167,100464,167,99934,167,100467,100,99922,167,100471,100,99919,100,100481,100,99899,100,100551,100,99867,100,100616,100,99857,100
2019-06-28 09:54:00.000000000,100338,434,100269,534,100365,100,100207,300,100377,100,100033,100,100440,100,99983,100,100464,100,99934,100,100467,100,99922,100,100471,100,99919,100,100481,100,99899,100,100551,100,99867,100,100616,100,99857,100
2019-06-28 09:54:10.000000000,100338,267,100269,367,100365,267,100207,467,100377,100,100033,100,100440,100,99983,100,100464,100,99934,100,100467,100,99922,100,100471,100,99919,100,100481,100,99899,100,100551,100,99867,100,100616,100,99857,100
2019-06-28 09:54:18.922017447,100338,167,100269,367,100365,267,100207,467,100440,100,100033,100,100464,100,99983,100,100467,100,99934,100,100471,100,99922,100,100481,100,99919,100,100551,100,99899,100,100616,100,99867,100,100761,100,99857,100
2019-06-28 09:54:20.000000000,100365,267,100269,367,100440,267,100207,467,100464,100,100033,100,100467,100,99983,100,100471,100,99934,100,100481,100,99922,100,100551,100,99919,100,100616,100,99899,100,100761,100,99867,100,100765,100,99857,100
2019-06-28 09:54:24.108629058,100365,267,100269,367,100440,267,100207,467,100464,100,100033,100,100467,100,99983,100,100471,100,99934,100,100481,100,99919,100,100551,100,99899,100,100616,100,99867,100,100761,100,99857,100,100765,100,99440,100
2019-06-28 09:54:30.000000000,100365,214,100269,314,100440,210,100207,410,100464,210,100033,210,100467,100,99983,100,100471,100,99934,100,100481,100,99919,100,100551,100,99899,100,100616,100,99867,100,100761,100,99857,100,100765,100,99440,100
2019-06-28 09:54:40.000000000,100365,167,100269,267,100440,167,100207,367,100464,167,100033,167,100467,167,99983,167,100471,167,99934,167,100481,100,99919,100,100551,100,99899,100,100616,100,99867,100,100761,100,99857,100,100765,100,99440,100
2019-06-28 09:54:40.343509821,100365,167,100269,267,100425,100,100207,367,100440,167,100033,167,100464,167,99983,167,100467,167,99934,167,100471,167,99919,100,100481,100,99867,100,100551,100,99857,100,100616,100,99440,100,100761,100,99372,100
2019-06-28 09:54:50.000000000,100365,214,100269,314,100425,210,100207,410,100440,210,100033,210,100464,100,99983,100,100467,100,99934,100,100471,100,99919,100,100481,100,99867,100,100551,100,99857,100,100616,100,99440,100,100761,100,99372,100
2019-06-28 09:55:00.000000000,100365,267,100269,367,100425,267,100207,467,100440,100,100033,100,100464,100,99983,100,100467,100,99934,100,100471,100,99919,100,100481,100,99867,100,100551,100,99857,100,100616,100,99440,100,100761,100,99372,100
2019-06-28 09:55:10.000000000,100365,214,100269,314,100425,210,100207,410,100440,210,100033,210,100464,100,99983,100,100467,100,99934,100,100471,100,99919,100,100481,100,99867,100,100551,100,99857,100,100616,100,99440,100,100761,100,99372,100
2019-06-28 09:55:19.425063206,100365,114,100269,314,100425,210,100207,410,100440,210,100033,210,100464,100,99983,100,100467,100,99934,100,100471,100,99919,100,100481,100,99867,100,100551,100,99440,100,100616,100,99372,100,100761,100,99277,100
2019-06-28 09:55:20.000000000,100425,214,100269,314,100440,210,100207,410,100464,210,100033,210,100467,100,99983,100,100471,100,99934,100,100481,100,99919,100,100551,100,99867,100,100616,100,99440,100,100761,100,99372,100,100765,100,99277,100
2019-06-28 09:55:23.131841336,100425,114,100269,314,100440,210,100207,410,100464,210,100033,210,100467,100,99983,100,100471,100,99934,100,100481,100,99919,100,100551,100,99867,100,100616,100,99440,100,100761,100,99372,100,100765,100,99277,100
2019-06-28 09:55:30.000000000,100440,214,100269,314,100464,210,100207,410,100467,210,100033,210,100471,100,99983,100,100481,100,99934,100,100551,100,99919,100,100616,100,99867,100,100761,100,99440,100,100765,100,99372,100,100790,100,99277,100
2019-06-28 09:55:40.000000000,100440,267,100269,367,100464,267,100207,467,100467,100,100033,100,100471,100,99983,100,100481,100,99934,100,100551,100,99919,100,100616,100,99867,100,100761,100,99440,100,100765,100,99372,100,100790,100,99277,100
2019-06-28 09:55:45.108171033,100440,167,100269,367,100464,267,100207,467,100467,100,100033,100,100471,100,99983,100,100481,100,99934,100,100551,100,99919,100,100616,100,99867,100,100761,100,99440,100,100765,100,99277,100,100790,100,99158,100
2019-06-28 09:55:50.000000000,100464,434,100269,534,100467,100,100207,300,100471,100,100033,100,100481,100,99983,100,100551,100,99934,100,100616,100,99919,100,100761,100,99867,100,100765,100,99440,100,100790,100,99277,100,100814,100,99158,100
2019-06-28 09:56:00.000000000,100464,167,100269,267,100467,167,100207,367,100471,167,100033,167,100481,167,99983,167,100551,167,99934,167,100616,100,99919,100,100761,100,99867,100,100765,100,99440,100,100790,100,99277,100,100814,100,99158,100
2019-06-28 09:56:00.599007706,100464,167,100290,100,100467,167,100269,267,100471,167,100207,367,100481,167,100033,167,100551,167,99983,167,100616,100,99934,167,100761,100,99919,100,100765,100,99867,100,100790,100,99440,100,100814,100,99277,100
2019-06-28 09:56:10.000000000,100464,267,100290,267,100467,267,100269,367,100471,100,100207,300,100481,100,100033,100,100551,100,99983,100,100616,100,99934,100,100761,100,99919,100,100765,100,99867,100,100790,100,99440,100,100814,100,99277,100
2019-06-28 09:56:20.000000000,100464,184,100290,184,100467,184,100269,284,100471,184,100207,384,100481,184,100033,184,100551,100,99983,100,100616,100,99934,100,100761,100,99919,100,100765,100,99867,100,100790,100,99440,100,100814,100,99277,100
2019-06-28 09:56:30.000000000,100464,267,100290,267,100467,267,100269,367,100471,100,100207,300,100481,100,100033,100,100551,100,99983,100,100616,100,99934,100,100761,100,99919,100,100765,100,99867,100,100790,100,99440,100,100814,100,99277,100
2019-06-28 09:56:37.003236469,100464,267,100425,100,100467,267,100290,267,100471,100,100269,367,100481,100,100207,300,100551,100,100033,100,100616,100,99983,100,100761,100,99934,100,100765,100,99919,100,100790,100,99867,100,100814,100,99440,100
2019-06-28 09:56:40.000000000,100464,167,100425,167,100467,167,100290,167,100471,167,100269,267,100481,167,100207,367,100551,167,100033,167,100616,100,99983,100,100761,100,99934,100,100765,100,99919,100,100790,100,99867,100,100814,100,99440,100
2019-06-28 09:56:50.000000000,100464,184,100425,184,100467,184,100290,184,100471,184,100269,284,100481,184,100207,384,100551,100,100033,100,100616,100,99983,100,100761,100,99934,100,100765,100,99919,100,100790,100,99867,100,100814,100,99440,100
2019-06-28 09:57:00.000000000,100464,184,100425,184,100467,184,100290,184,100471,184,100269,284,100481,184,100207,384,100551,100,100033,100,100616,100,99983,100,100761,100,99934,100,100765,100,99919,100,100790,100,99867,100,100814,100,99440,100
2019-06-28 09:57:05.268422259,100464,184,100425,184,100467,184,100290,184,100471,184,100269,284,100481,184,100207,384,100551,100,100033,100,100616,100,99983,100,100761,100,99934,100,100765,100,99919,100,100790,100,99867,100,100814,100,99440,100
2019-06-28 09:57:10.000000000,100464,184,100425,184,100467,184,100290,184,100471,184,100269,284,100481,184,100207,384,100551,100,100033,100,100616,100,99983,100,100761,100,99934,100,100765,100,99919,100,100790,100,99867,100,100814,100,99440,100
2019-06-28 09:57:19.125138472,100464,184,100425,184,100467,184,100290,184,100471,184,100269,284,100481,184,100207,384,100551,100,100033,100,100616,100,99983,100,100761,100,99934,100,100765,100,99919,100,100787,100,99867,100,100790,100,99440,100
2019-06-28 09:57:19.389627472,100464,184,100425,184,100467,184,100290,184,100471,184,100269,184,100481,184,100207,384,100551,100,100033,100,100616,100,99983,100,100761,100,99934,100,100765,100,99919,100,100787,100,99867,100,100790,100,99440,100
2019-06-28 09:57:20.000000000,100464,184,100425,184,100467,184,100290,184,100471,184,100269,184,100481,184,100207,384,100551,100,100033,100,100616,100,99983,100,100761,100,99934,100,100765,100,99919,100,100787,100,99867,100,100790,100,99440,100
2019-06-28 09:57:30.000000000,100464,434,100425,434,100467,100,100290,100,100471,100,100269,100,100481,100,100207,300,100551,100,100033,100,100616,100,99983,100,100761,100,99934,100,100765,100,99919,100,100787,100,99867,100,100790,100,99440,100
2019-06-28 09:57:40.000000000,100464,184,100425,184,100467,184,100290,184,100471,184,100269,184,100481,184,100207,384,100551,100,100033,100,100616,100,99983,100,100761,100,99934,100,100765,100,99919,100,100787,100,99867,100,100790,100,99440,100
2019-06-28 09:57:50.000000000,100464,214,100425,214,100467,210,100290,210,100471,210,100269,210,100481,100,100207,300,100551,100,100033,100,100616,100,99983,100,100761,100,99934,100,100765,100,99919,100,100787,100,99867,100,100790,100,99440,100
2019-06-28 09:57:50.464762203,100464,214,100425,314,100467,210,100290,210,100471,210,100269,210,100481,100,100207,300,100551,100,100033,100,100616,100,99983,100,100761,100,99934,100,100765,100,99919,100,100787,100,99867,100,100790,100,99440,100
2019-06-28 09:57:56.748225969,100464,214,100425,314,100467,210,100290,210,100471,210,100269,210,100481,100,100207,300,100551,100,100033,100,100581,100,99983,100,100616,100,99934,100,100761,100,99919,100,100765,100,99867,100,100787,100,99440,100
2019-06-28 09:58:00.000000000,100464,167,100425,267,100467,167,100290,167,100471,167,100269,167,100481,167,100207,367,100551,167,100033,167,100581,100,99983,100,100616,100,99934,100,100761,100,99919,100,100765,100,99867,100,100787,100,99440,100
2019-06-28 09:58:10.000000000,100464,167,100425,267,100467,167,100290,167,100471,167,100269,167,100481,167,100207,367,100551,167,100033,167,100581,100,99983,100,100616,100,99934,100,100761,100,99919,100,100765,100,99867,100,100787,100,99440,100
2019-06-28 09:58:15.798366990,100464,167,100425,267,100467,167,100290,167,100471,167,100269,167,100481,167,100207,367,100551,167,100033,167,100581,100,99983,100,100616,100,99934,100,100761,100,99919,100,100765,100,99867,100,100787,100,99440,100
2019-06-28 09:58:20.000000000,100464,214,100425,314,100467,210,100290,210,100471,210,100269,210,100481,100,100207,300,100551,100,100033,100,100581,100,99983,100,100616,100,99934,100,100761,100,99919,100,100765,100,99867,100,100787,100,99440,100
2019-06-28 09:58:29.045382100,100464,214,100425,314,100467,210,100290,210,100471,210,100269,210,100481,100,100207,200,100551,100,100033,100,100581,100,99983,100,100616,100,99934,100,100761,100,99919,100,100765,100,99867,100,100787,100,99440,100
2019-06-28 09:58:30.000000000,100464,184,100425,284,100467,184,100290,184,100471,184,100269,184,100481,184,100207,284,100551,100,100033,100,100581,100,99983,100,100616,100,99934,100,100761,100,99919,100,100765,100,99867,100,100787,100,99440,100
2019-06-28 09:58:30.105988908,100464,184,100425,284,100467,184,100290,184,100471,184,100269,184,100481,184,100207,284,100551,100,100033,100,100581,100,99983,100,100616,100,99934,100,100683,100,99919,100,100761,100,99867,100,100765,100,99440,100
2019-06-28 09:58:39.402737987,100464,184,100425,284,100467,184,100290,184,100471,184,100269,184,100481,84,100207,284,100551,100,100033,100,100581,100,99983,100,100616,100,99934,100,100683,100,99919,100,100732,100,99867,100,100761,100,99440,100
2019-06-28 09:58:40.000000000,100464,214,100425,314,100467,210,100290,210,100471,210,100269,210,100551,100,100207,200,100581,100,100033,100,100616,100,99983,100,100683,100,99934,100,100732,100,99919,100,100761,100,99867,100,100765,100,99440,100
2019-06-28 09:58:50.000000000,100464,214,100425,314,100467,210,100290,210,100471,210,100269,210,100551,100,100207,200,100581,100,100033,100,100616,100,99983,100,100683,100,99934,100,100732,100,99919,100,100761,100,99867,100,100765,100,99440,100
2019-06-28 09:58:50.145425235,100464,214,100425,414,100467,210,100290,210,100471,210,100269,210,100551,100,100207,200,100581,100,100033,100,100616,100,99983,100,100683,100,99934,100,100732,100,99919,100,100761,100,99867,100,100765,100,99440,100
2019-06-28 09:58:51.700119579,100464,114,100425,414,100467,210,100290,210,100471,210,100269,210,100551,100,100207,200,100581,100,100033,100,100616,100,99983,100,100683,100,99934,100,100732,100,99919,100,100761,100,99867,100,100765,100,99440,100
2019-06-28 09:58:56.335638798,100464,114,100425,414,100467,210,100290,210,100471,210,100269,210,100487,100,100207,200,100551,100,100033,100,100581,100,99983,100,100616,100,99934,100,100683,100,99919,100,100732,100,99867,100,100761,100,99440,100
2019-06-28 09:58:59.243644819,100464,114,100425,414,100467,210,100290,210,100471,210,100269,210,100487,100,100207,200,100551,100,100033,100,100581,100,99983,100,100616,100,99934,100,100683,100,99919,100,100711,100,99867,100,100732,100,99440,100
2019-06-28 09:59:00.000000000,100467,214,100425,414,100471,210,100290,210,100487,210,100269,210,100551,100,100207,200,100581,100,100033,100,100616,100,99983,100,100683,100,99934,100,100711,100,99919,100,100732,100,99867,100,100761,100,99440,100
2019-06-28 09:59:03.229029644,100467,114,100425,414,100471,210,100290,210,100487,210,100269,210,100551,100,100207,200,100581,100,100033,100,100616,100,99983,100,100683,100,99934,100,100711,100,99919,100,100732,100,99440,100,100761,100,,
2019-06-28 09:59:03.697413179,100467,114,100425,414,100471,210,100341,100,100487,210,100290,210,100551,100,100269,210,100581,100,100207,200,100616,100,100033,100,100683,100,99983,100,100711,100,99934,100,100732,100,99919,100,100761,100,99440,100
2019-06-28 09:59:10.000000000,100471,167,100425,367,100487,167,100341,167,100551,167,100290,167,100581,167,100269,167,100616,167,100207,267,100683,100,100033,100,100711,100,99983,100,100732,100,99934,100,100761,100,99919,100,100765,100,99440,100
2019-06-28 09:59:17.263433203,100471,167,100425,367,100487,167,100341,167,100551,167,100290,167,100581,167,100269,167,100616,167,100207,267,100683,100,100033,100,100711,100,99983,100,100732,100,99934,100,100761,100,99919,100,100765,100,99440,100
2019-06-28 09:59:20.000000000,100471,167,100425,367,100487,167,100341,167,100551,167,100290,167,100581,167,100269,167,100616,167,100207,267,100683,100,100033,100,100711,100,99983,100,100732,100,99934,100,100761,100,99919,100,100765,100,99440,100
2019-06-28 09:59:30.000000000,100471,214,100425,414,100487,210,100341,210,100551,210,100290,210,100581,100,100269,100,100616,100,100207,200,100683,100,100033,100,100711,100,99983,100,100732,100,99934,100,100761,100,99919,100,100765,100,99440,100
2019-06-28 09:59:40.000000000,100471,214,100425,414,100487,210,100341,210,100551,210,100290,210,100581,100,100269,100,100616,100,100207,200,100683,100,100033,100,100711,100,99983,100,100732,100,99934,100,100761,100,99919,100,100765,100,99440,100
2019-06-28 09:59:50.000000000,100471,167,100425,367,100487,167,100341,167,100551,167,100290,167,100581,167,100269,167,100616,167,100207,267,100683,100,100033,100,100711,100,99983,100,100732,100,99934,100,100761,100,99919,100,100765,100,99440,100
2019-06-28 10:00:00.000000000,100471,434,100425,634,100487,100,100341,100,100551,100,100290,100,100581,100,100269,100,100616,100,100207,200,100683,100,100033,100,100711,100,99983,100,100732,100,99934,100,100761,100,99919,100,100765,100,99440,100
2019-06-28 10:00:10.000000000,100471,184,100425,384,100487,184,100341,184,100551,184,100290,184,100581,184,100269,184,100616,100,100207,200,100683,100,100033,100,100711,100,99983,100,100732,100,99934,100,100761,100,99919,100,100765,100,99440,100
2019-06-28 10:00:14.693654446,100471,184,100464,100,100487,184,100425,384,100551,184,100341,184,100581,184,100290,184,100616,100,100269,184,100683,100,100207,200,100711,100,100033,100,100732,100,99983,100,100761,100,99934,100,100765,100,99919,100
2019-06-28 10:00:20.000000000,100471,214,100464,214,100487,210,100425,410,100551,210,100341,210,100581,100,100290,100,100616,100,100269,100,100683,100,100207,200,100711,100,100033,100,100732,100,99983,100,100761,100,99934,100,100765,100,99919,100
2019-06-28 10:00:22.480656336,100471,214,100464,314,100487,210,100425,410,100551,210,100341,210,100581,100,100290,100,100616,100,100269,100,100683,100,100207,200,100711,100,100033,100,100732,100,99983,100,100761,100,99934,100,100765,100,99919,100
2019-06-28 10:00:30.000000000,100471,214,100464,314,100487,210,100425,410,100551,210,100341,210,100581,100,100290,100,100616,100,100269,100,100683,100,100207,200,100711,100,100033,100,100732,100,99983,100,100761,100,99934,100,100765,100,99919,100
2019-06-28 10:00:33.352252363,100471,214,100464,314,100487,210,100425,410,100551,210,100341,210,100581,100,100332,100,100616,100,100290,100,100683,100,100269,100,100711,100,100207,200,100732,100,100033,100,100761,100,99983,100,100765,100,99934,100
2019-06-28 10:00:38.896727271,100471,214,100470,100,100487,210,100464,314,100551,210,100425,410,100581,100,100341,210,100616,100,100290,100,100683,100,100269,100,100711,100,100207,200,100732,100,100033,100,100761,100,99983,100,100765,100,99934,100
2019-06-28 10:00:40.000000000,100471,184,100470,184,100487,184,100464,284,100551,184,100425,384,100581,184,100341,184,100616,100,100290,100,100683,100,100269,100,100711,100,100207,200,100732,100,100033,100,100761,100,99983,100,100765,100,99934,100
2019-06-28 10:00:50.000000000,100471,434,100470,434,100487,100,100464,200,100551,100,100425,300,100581,100,100341,100,100616,100,100290,100,100683,100,100269,100,100711,100,100207,200,100732,100,100033,100,100761,100,99983,100,100765,100,99934,100
2019-06-28 10:00:53.445442376,100471,434,100470,334,100487,100,100464,200,100551,100,100425,300,100581,100,100341,100,100616,100,100290,100,100683,100,100269,100,100711,100,100207,200,100732,100,100033,100,100761,100,99983,100,100765,100,99934,100
2019-06-28 10:00:54.822824990,100471,434,100470,334,100487,100,100464,200,100551,100,100425,300,100581,100,100341,100,100616,100,100290,100,100683,100,100269,100,100711,100,100207,200,100732,100,100107,100,100761,100,100033,100,100765,100,99983,100
2019-06-28 10:01:00.000000000,100471,267,100464,367,100487,267,100425,467,100551,100,100341,100,100581,100,100290,100,100616,100,100269,100,100683,100,100207,200,100711,100,100107,100,100732,100,100033,100,100761,100,99983,100,100765,100,99934,100
2019-06-28 10:01:10.000000000,100471,267,100464,367,100487,267,100425,467,100551,100,100341,100,100581,100,100290,100,100616,100,100269,100,100683,100,100207,200,100711,100,100107,100,100732,100,100033,100,100761,100,99983,100,100765,100,99934,100
2019-06-28 10:01:20.000000000,100471,267,100464,367,100487,267,100425,467,100551,100,100341,100,100581,100,100290,100,100616,100,100269,100,100683,100,100207,200,100711,100,100107,100,100732,100,100033,100,100761,100,99983,100,100765,100,99934,100
2019-06-28 10:01:30.000000000,100471,434,100464,534,100487,100,100425,300,100551,100,100341,100,100581,100,100290,100,100616,100,100269,100,100683,100,100207,200,100711,100,100107,100,100732,100,100033,100,100761,100,99983,100,100765,100,99934,100
2019-06-28 10:01:31.025085505,100471,334,100464,534,100487,100,100425,300,100551,100,100341,100,100581,100,100290,100,100616,100,100269,100,100683,100,100207,200,100711,100,100107,100,100732,100,100033,100,100761,100,99983,100,100765,100,99934,100
2019-06-28 10:01:40.000000000,100487,434,100464,534,100551,100,100425,300,100581,100,100341,100,100616,100,100290,100,100683,100,100269,100,100711,100,100207,200,100732,100,100107,100,100761,100,100033,100,100765,100,99983,100,100770,100,99934,100
2019-06-28 10:01:42.054665808,100487,334,100464,534,100551,100,100425,300,100581,100,100341,100,100616,100,100290,100,100683,100,100269,100,100711,100,100207,200,100732,100,100107,100,100761,100,100033,100,100765,100,99983,100,100770,100,99934,100
2019-06-28 10:01:43.276230106,100487,334,100471,100,100551,100,100464,534,100581,100,100425,300,100616,100,100341,100,100683,100,100290,100,100711,100,100269,100,100732,100,100207,200,100761,100,100107,100,100765,100,100033,100,100770,100,99983,100
2019-06-28 10:01:45.385611052,100487,234,100471,100,100551,100,100464,534,100581,100,100425,300,100616,100,100341,100,100683,100,100290,100,100711,100,100269,100,100732,100,100207,200,100761,100,100107,100,100765,100,100033,100,100770,100,99983,100
2019-06-28 10:01:48.837835933,100487,134,100471,100,100551,100,100464,534,100581,100,100425,300,100616,100,100341,100,100683,100,100290,100,100711,100,100269,100,100732,100,100207,200,100761,100,100107,100,100765,100,100033,100,100770,100,99983,100
2019-06-28 10:01:50.000000000,100551,184,100471,184,100581,184,100464,284,100616,184,100425,384,100683,184,100341,184,100711,100,100290,100,100732,100,100269,100,100761,100,100207,200,100765,100,100107,100,100770,100,100033,100,100790,100,99983,100
2019-06-28 10:02:00.000000000,100551,214,100471,214,100581,210,100464,310,100616,210,100425,410,100683,100,100341,100,100711,100,100290,100,100732,100,100269,100,100761,100,100207,200,100765,100,100107,100,100770,100,100033,100,100790,100,99983,100
2019-06-28 10:02:03.427542406,100551,214,100487,100,100581,210,100471,214,100616,210,100464,310,100683,100,100425,410,100711,100,100341,100,100732,100,100290,100,100761,100,100269,100,100765,100,100207,200,100770,100,100107,100,100790,100,100033,100
2019-06-28 10:02:10.000000000,100551,167,100487,167,100581,167,100471,167,100616,167,100464,267,100683,167,100425,367,100711,167,100341,167,100732,100,100290,100,100761,100,100269,100,100765,100,100207,200,100770,100,100107,100,100790,100,100033,100
2019-06-28 10:02:15.317733200,100551,167,100487,167,100581,167,100471,167,100616,167,100464,267,100683,167,100425,367,100711,167,100341,167,100732,100,100290,100,100761,100,100269,100,100765,100,100207,200,100770,100,100107,100,100790,100,100033,100
2019-06-28 10:02:20.000000000,100551,267,100487,267,100581,267,100471,267,100616,100,100464,200,100683,100,100425,300,100711,100,100341,100,100732,100,100290,100,100761,100,100269,100,100765,100,100207,200,100770,100,100107,100,100790,100,100033,100
2019-06-28 10:02:30.000000000,100551,267,100487,267,100581,267,100471,267,100616,100,100464,200,100683,100,100425,300,100711,100,100341,100,100732,100,100290,100,100761,100,100269,100,100765,100,100207,200,100770,100,100107,100,100790,100,100033,100
2019-06-28 10:02:31.739544171,100551,267,100487,267,100581,267,100474,100,100616,100,100471,267,100683,100,100464,200,100711,100,100425,300,100732,100,100341,100,100761,100,100290,100,100765,100,100269,100,100770,100,100207,200,100790,100,100107,100
2019-06-28 10:02:40.000000000,100551,184,100487,184,100581,184,100474,184,100616,184,100471,184,100683,184,100464,284,100711,100,100425,300,100732,100,100341,100,100761,100,100290,100,100765,100,100269,100,100770,100,100207,200,100790,100,100107,100
2019-06-28 10:02:47.137281770,100531,100,100487,184,100551,184,100474,184,100581,184,100471,184,100616,184,100464,284,100683,184,100425,300,100711,100,100341,100,100732,100,100290,100,100761,100,100269,100,100765,100,100207,200,100770,100,100107,100
2019-06-28 10:02:50.000000000,100531,184,100487,184,100551,184,100474,184,100581,184,100471,184,100616,184,100464,284,100683,100,100425,300,100711,100,100341,100,100732,100,100290,100,100761,100,100269,100,100765,100,100207,200,100770,100,100107,100
2019-06-28 10:02:56.181828803,100531,184,100487,84,100551,184,100474,184,100581,184,100471,184,100616,184,100464,284,100683,100,100425,300,100711,100,100341,100,100732,100,100290,100,100761,100,100269,100,100765,100,100207,200,100770,100,100107,100
2019-06-28 10:03:00.000000000,100531,214,100474,214,100551,210,100471,210,100581,210,100464,310,100616,100,100425,300,100683,100,100341,100,100711,100,100290,100,100732,100,100269,100,100761,100,100207,200,100765,100,100107,100,100770,100,100033,100
2019-06-28 10:03:10.000000000,100531,267,100474,267,100551,267,100471,267,100581,100,100464,200,100616,100,100425,300,100683,100,100341,100,100711,100,100290,100,100732,100,100269,100,100761,100,100207,200,100765,100,100107,100,100770,100,100033,100
2019-06-28 10:03:20.000000000,100531,267,100474,267,100551,267,100471,267,100581,100,100464,200,100616,100,100425,300,100683,100,100341,100,100711,100,100290,100,100732,100,100269,100,100761,100,100207,200,100765,100,100107,100,100770,100,100033,100
2019-06-28 10:03:30.000000000,100531,184,100474,184,100551,184,100471,184,100581,184,100464,284,100616,184,100425,384,100683,100,100341,100,100711,100,100290,100,100732,100,100269,100,100761,100,100207,200,100765,100,100107,100,100770,100,100033,100
2019-06-28 10:03:40.000000000,100531,434,100474,434,100551,100,100471,100,100581,100,100464,200,100616,100,100425,300,100683,100,100341,100,100711,100,100290,100,100732,100,100269,100,100761,100,100207,200,100765,100,100107,100,100770,100,100033,100
2019-06-28 10:03:50.000000000,100531,167,100474,167,100551,167,100471,167,100581,167,100464,267,100616,167,100425,367,100683,167,100341,167,100711,100,100290,100,100732,100,100269,100,100761,100,100207,200,100765,100,100107,100,100770,100,100033,100
2019-06-28 10:04:00.000000000,100531,267,100474,267,100551,267,100471,267,100581,100,100464,200,100616,100,100425,300,100683,100,100341,100,100711,100,100290,100,100732,100,100269,100,100761,100,100207,200,100765,100,100107,100,100770,100,100033,100
2019-06-28 10:04:07.655267795,100487,100,100474,267,100531,267,100471,267,100551,267,100464,200,100581,100,100425,300,100616,100,100341,100,100683,100,100290,100,100711,100,100269,100,100732,100,100207,100,100761,100,100107,100,100765,100,100033,100
2019-06-28 10:04:10.000000000,100487,434,100474,434,100531,100,100471,100,100551,100,100464,200,100581,100,100425,300,100616,100,100341,100,100683,100,100290,100,100711,100,100269,100,100732,100,100207,100,100761,100,100107,100,100765,100,100033,100
2019-06-28 10:04:10.381132060,100487,434,100474,434,100531,100,100471,100,100551,100,100464,200,100581,100,100425,300,100616,100,100341,100,100683,100,100290,100,100711,100,100269,100,100732,100,100207,100,100761,100,100107,100,100765,100,100033,100
2019-06-28 10:04:20.000000000,100487,214,100474,214,100531,210,100471,210,100551,210,100464,310,100581,100,100425,300,100616,100,100341,100,100683,100,100290,100,100711,100,100269,100,100732,100,100207,100,100761,100,100107,100,100765,100,100033,100
2019-06-28 10:04:30.000000000,100487,184,100474,184,100531,184,100471,184,100551,184,100464,284,100581,184,100425,384,100616,100,100341,100,100683,100,100290,100,100711,100,100269,100,100732,100,100207,100,100761,100,100107,100,100765,100,100033,100
2019-06-28 10:04:35.501739470,100487,184,100474,184,100531,184,100471,184,100551,184,100464,284,100581,184,100425,384,100616,100,100341,100,100683,100,100290,100,100711,100,100207,100,100732,100,100107,100,100761,100,100033,100,100765,100,99983,100
2019-06-28 10:04:40.000000000,100487,167,100474,167,100531,167,100471,167,100551,167,100464,267,100581,167,100425,367,100616,167,100341,167,100683,100,100290,100,100711,100,100207,100,100732,100,100107,100,100761,100,100033,100,100765,100,99983,100
2019-06-28 10:04:48.010020743,100487,267,100474,167,100531,167,100471,167,100551,167,100464,267,100581,167,100425,367,100616,167,100341,167,100683,100,100290,100,100711,100,100207,100,100732,100,100107,100,100761,100,100033,100,100765,100,99983,100
2019-06-28 10:04:50.000000000,100487,284,100474,184,100531,184,100471,184,100551,184,100464,284,100581,184,100425,384,100616,100,100341,100,100683,100,100290,100,100711,100,100207,100,100732,100,100107,100,100761,100,100033,100,100765,100,99983,100
2019-06-28 10:04:53.720396935,100487,284,100474,184,100531,184,100471,184,100551,184,100464,284,100581,184,100425,384,100616,100,100341,100,100683,100,100290,100,100711,100,100207,100,100732,100,100107,100,100761,100,100033,100,100765,100,99983,100
2019-06-28 10:05:00.000000000,100487,267,100474,167,100531,167,100471,167,100551,167,100464,267,100581,167,100425,367,100616,167,100341,167,100683,100,100290,100,100711,100,100207,100,100732,100,100107,100,100761,100,100033,100,100765,100,99983,100
2019-06-28 10:05:08.793409643,100487,367,100474,167,100531,167,100471,167,100551,167,100464,167,100581,167,100425,367,100616,167,100341,167,100683,100,100290,100,100711,100,100207,100,100732,100,100107,100,100761,100,100033,100,100765,100,99983,100
2019-06-28 10:05:10.000000000,100487,384,100474,184,100531,184,100471,184,100551,184,100464,184,100581,184,100425,384,100616,100,100341,100,100683,100,100290,100,100711,100,100207,100,100732,100,100107,100,100761,100,100033,100,100765,100,99983,100
2019-06-28 10:05:13.328360717,100487,484,100474,184,100531,184,100471,184,100551,184,100464,184,100581,184,100425,284,100616,100,100341,100,100683,100,100290,100,100711,100,100207,100,100732,100,100107,100,100761,100,100033,100,100765,100,99983,100
2019-06-28 10:05:20.000000000,100487,514,100474,214,100531,210,100471,210,100551,210,100464,210,100581,100,100425,200,100616,100,100341,100,100683,100,100290,100,100711,100,100207,100,100732,100,100107,100,100761,100,100033,100,100765,100,99983,100
2019-06-28 10:05:25.354354990,100487,514,100474,214,100531,210,100471,210,100551,210,100464,210,100581,100,100425,200,100616,100,100341,100,100711,100,100290,100,100732,100,100207,100,100761,100,100107,100,100765,100,100042,100,100770,100,100033,100
2019-06-28 10:05:30.000000000,100487,484,100474,184,100531,184,100471,184,100551,184,100464,184,100581,184,100425,284,100616,100,100341,100,100711,100,100290,100,100732,100,100207,100,100761,100,100107,100,100765,100,100042,100,100770,100,100033,100
2019-06-28 10:05:40.000000000,100487,514,100474,214,100531,210,100471,210,100551,210,100464,210,100581,100,100425,200,100616,100,100341,100,100711,100,100290,100,100732,100,100207,100,100761,100,100107,100,100765,100,100042,100,100770,100,100033,100
2019-06-28 10:05:50.000000000,100487,467,100474,167,100531,167,100471,167,100551,167,100464,167,100581,167,100425,267,100616,167,100341,167,100711,100,100290,100,100732,100,100207,100,100761,100,100107,100,100765,100,100042,100,100770,100,100033,100
2019-06-28 10:06:00.000000000,100487,514,100474,214,100531,210,100471,210,100551,210,100464,210,100581,100,100425,200,100616,100,100341,100,100711,100,100290,100,100732,100,100207,100,100761,100,100107,100,100765,100,100042,100,100770,100,100033,100
2019-06-28 10:06:10.000000000,100487,484,100474,184,100531,184,100471,184,100551,184,100464,184,100581,184,100425,284,100616,100,100341,100,100711,100,100290,100,100732,100,100207,100,100761,100,100107,100,100765,100,100042,100,100770,100,100033,100
2019-06-28 10:06:20.000000000,100487,734,100474,434,100531,100,100471,100,100551,100,100464,100,100581,100,100425,200,100616,100,100341,100,100711,100,100290,100,100732,100,100207,100,100761,100,100107,100,100765,100,100042,100,100770,100,100033,100
2019-06-28 10:06:30.000000000,100487,484,100474,184,100531,184,100471,184,100551,184,100464,184,100581,184,100425,284,100616,100,100341,100,100711,100,100290,100,100732,100,100207,100,100761,100,100107,100,100765,100,100042,100,100770,100,100033,100
2019-06-28 10:06:40.000000000,100487,484,100474,184,100531,184,100471,184,100551,184,100464,184,100581,184,100425,284,100616,100,100341,100,100711,100,100290,100,100732,100,100207,100,100761,100,100107,100,100765,100,100042,100,100770,100,100033,100
2019-06-28 10:06:50.000000000,100487,734,100474,434,100531,100,100471,100,100551,100,100464,100,100581,100,100425,200,100616,100,100341,100,100711,100,100290,100,100732,100,100207,100,100761,100,100107,100,100765,100,100042,100,100770,100,100033,100
2019-06-28 10:07:00.000000000,100487,514,100474,214,100531,210,100471,210,100551,210,100464,210,100581,100,100425,200,100616,100,100341,100,100711,100,100290,100,100732,100,100207,100,100761,100,100107,100,100765,100,100042,100,100770,100,100033,100
2019-06-28 10:07:10.000000000,100487,734,100474,434,100531,100,100471,100,100551,100,100464,100,100581,100,100425,200,100616,100,100341,100,100711,100,100290,100,100732,100,100207,100,100761,100,100107,100,100765,100,100042,100,100770,100,100033,100
2019-06-28 10:07:12.971761122,100487,734,100474,334,100531,100,100471,100,100551,100,100464,100,100581,100,100425,200,100616,100,100341,100,100711,100,100290,100,100732,100,100207,100,100761,100,100107,100,100765,100,100042,100,100770,100,100033,100
2019-06-28 10:07:20.000000000,100487,734,100471,434,100531,100,100464,100,100551,100,100425,200,100581,100,100341,100,100616,100,100290,100,100711,100,100207,100,100732,100,100107,100,100761,100,100042,100,100765,100,100033,100,100770,100,99983,100
2019-06-28 10:07:30.000000000,100487,734,100471,434,100531,100,100464,100,100551,100,100425,200,100581,100,100341,100,100616,100,100290,100,100711,100,100207,100,100732,100,100107,100,100761,100,100042,100,100765,100,100033,100,100770,100,99983,100
2019-06-28 10:07:33.599030517,100487,734,100471,334,100531,100,100464,100,100551,100,100425,200,100581,100,100341,100,100616,100,100290,100,100711,100,100207,100,100732,100,100107,100,100761,100,100042,100,100765,100,99983,100,100770,100,99919,100
2019-06-28 10:07:40.000000000,100487,484,100464,184,100531,184,100425,284,100551,184,100341,184,100581,184,100290,184,100616,100,100207,100,100711,100,100107,100,100732,100,100042,100,100761,100,99983,100,100765,100,99919,100,100770,100,99761,100
2019-06-28 10:07:50.000000000,100487,467,100464,167,100531,167,100425,267,100551,167,100341,167,100581,167,100290,167,100616,167,100207,167,100711,100,100107,100,100732,100,100042,100,100761,100,99983,100,100765,100,99919,100,100770,100,99761,100
2019-06-28 10:07:51.082682239,100487,467,100464,167,100531,167,100425,267,100551,167,100341,167,100581,167,100290,167,100616,167,100207,167,100711,100,100107,100,100732,100,100042,100,100761,100,99983,100,100765,100,99919,100,100770,100,99802,100
2019-06-28 10:07:54.412881984,100487,467,100464,67,100531,167,100425,267,100551,167,100341,167,100581,167,100290,167,100616,167,100207,167,100711,100,100107,100,100732,100,100042,100,100761,100,99983,100,100765,100,99919,100,100770,100,99802,100
