,ask_price_1,ask_size_1,bid_price_1,bid_size_1,ask_price_2,ask_size_2,bid_price_2,bid_size_2,ask_price_3,ask_size_3,bid_price_3,bid_size_3,ask_price_4,ask_size_4,bid_price_4,bid_size_4,ask_price_5,ask_size_5,bid_price_5,bid_size_5,ask_price_6,ask_size_6,bid_price_6,bid_size_6,ask_price_7,ask_size_7,bid_price_7,bid_size_7,ask_price_8,ask_size_8,bid_price_8,bid_size_8,ask_price_9,ask_size_9,bid_price_9,bid_size_9,ask_price_10,ask_size_10,bid_price_10,bid_size_10
2019-06-28 09:30:00.000000000,100071,100,,,,,,,,,,,,,,,,,,,,,,,,,,,,,,,,,,,,,,
2019-06-28 09:30:00.000000001,100071,100,99961,100,,,,,,,,,,,,,,,,,,,,,,,,,,,,,,,,,,,,
2019-06-28 09:30:00.000000003,100071,100,100013,100,,,99961,100,,,,,,,,,,,,,,,,,,,,,,,,,,,,,,,,
2019-06-28 09:30:00.000000005,100053,100,100013,100,100071,100,99961,100,,,,,,,,,,,,,,,,,,,,,,,,,,,,,,,,
2019-06-28 09:30:00.000000006,100053,100,100013,100,100071,100,99992,100,,,99961,100,,,99844,100,,,,,,,,,,,,,,,,,,,,,,,,
2019-06-28 09:30:00.000000007,100053,100,100013,100,100071,100,99992,100,,,99962,100,,,99961,100,,,99844,100,,,,,,,,,,,,,,,,,,,,
2019-06-28 09:30:00.000000009,100053,100,100013,100,100071,100,99992,100,,,99962,100,,,99961,100,,,99904,100,,,99844,100,,,,,,,,,,,,,,,,
2019-06-28 09:30:00.000000011,100053,100,99992,100,100071,100,99962,100,,,99961,100,,,99904,100,,,99844,100,,,,,,,,,,,,,,,,,,,,
2019-06-28 09:30:00.000000012,100053,100,100032,100,100071,100,99992,100,100145,100,99962,100,,,99961,100,,,99904,100,,,99844,100,,,,,,,,,,,,,,,,
2019-06-28 09:30:00.000000013,100071,100,100032,100,100145,100,99992,100,,,99962,100,,,99961,100,,,99904,100,,,99844,100,,,,,,,,,,,,,,,,
2019-06-28 09:30:00.000000016,100071,100,99992,100,100145,100,99962,100,,,99961,100,,,99904,100,,,99844,100,,,,,,,,,,,,,,,,,,,,
2019-06-28 09:30:00.000000018,100053,100,99992,100,100071,100,99962,100,100145,100,99961,100,,,99904,100,,,99844,100,,,,,,,,,,,,,,,,,,,,
2019-06-28 09:30:00.000000019,100053,100,99992,100,100071,100,99962,100,100145,100,99961,100,,,99904,100,,,99902,100,,,99844,100,,,,,,,,,,,,,,,,
2019-06-28 09:30:00.000000027,100053,100,99992,100,100071,100,99962,100,100145,100,99961,100,,,99927,100,,,99904,100,,,99902,100,,,99844,100,,,,,,,,,,,,
2019-06-28 09:30:00.000000029,100046,100,99962,100,100053,100,99961,100,100071,100,99927,100,100145,100,99904,100,,,99902,100,,,99844,100,,,,,,,,,,,,,,,,
2019-06-28 09:30:00.000000030,100046,100,99962,100,100053,100,99961,100,100071,100,99927,100,100145,100,99904,100,100171,100,99902,100,,,99844,100,,,,,,,,,,,,,,,,
2019-06-28 09:30:00.000000031,100046,100,99962,100,100053,200,99961,100,100071,100,99927,100,100145,100,99904,100,100171,100,99902,100,,,99844,100,,,,,,,,,,,,,,,,
2019-06-28 09:30:00.000000033,100046,100,99962,100,100053,200,99961,100,100071,100,99927,100,100145,100,99904,100,100171,100,99902,100,,,99880,100,,,99844,100,,,,,,,,,,,,
2019-06-28 09:30:00.000000035,100046,100,99987,100,100053,200,99962,100,100071,100,99961,100,100145,100,99927,100,100171,100,99904,100,100190,100,99902,100,,,99880,100,,,99844,100,,,,,,,,
2019-06-28 09:30:00.000000037,100012,100,99987,100,100046,100,99962,100,100053,200,99961,100,100071,100,99927,100,100145,100,99904,100,100171,100,99902,100,100190,100,99880,100,,,99844,100,,,,,,,,
2019-06-28 09:30:00.000000040,100012,100,99987,100,100046,100,99962,100,100053,200,99961,100,100071,100,99927,100,100145,100,99904,100,100171,100,99902,100,100190,100,99880,100,,,99844,100,,,99827,100,,,,
2019-06-28 09:30:00.000000043,100012,100,99987,100,100032,100,99962,100,100046,100,99961,100,100053,200,99927,100,100071,100,99904,100,100145,100,99902,100,100171,100,99880,100,100190,100,99844,100,,,99827,100,,,,
2019-06-28 09:30:00.000000046,100012,100,99992,100,100032,100,99987,100,100046,100,99962,100,100053,200,99961,100,100071,100,99927,100,100145,100,99904,100,100171,100,99902,100,100190,100,99880,100,,,99844,100,,,99827,100
2019-06-28 09:30:00.000000047,100012,100,99987,100,100032,100,99962,100,100046,100,99961,100,100053,200,99927,100,100071,100,99904,100,100145,100,99902,100,100171,100,99880,100,100190,100,99844,100,,,99827,100,,,,
2019-06-28 09:30:00.000000048,100012,100,99987,100,100032,100,99971,100,100046,100,99962,100,100053,200,99961,100,100071,100,99927,100,100145,100,99904,100,100171,100,99902,100,100190,100,99880,100,,,99844,100,,,99827,100
2019-06-28 09:30:00.000000056,100012,100,99987,100,100032,100,99971,100,100040,100,99962,100,100046,100,99961,100,100053,200,99927,100,100071,100,99904,100,100145,100,99902,100,100171,100,99880,100,100190,100,99844,100,,,99827,100
2019-06-28 09:30:00.000000057,100012,100,99987,100,100032,100,99971,100,100040,100,99962,100,100046,100,99961,100,100053,200,99927,100,100071,100,99904,100,100145,100,99902,100,100157,100,99887,100,100171,100,99880,100,100190,100,99844,100
2019-06-28 09:30:00.000000058,100012,100,99971,100,100032,100,99962,100,100040,100,99961,100,100046,100,99927,100,100053,200,99904,100,100071,100,99902,100,100145,100,99887,100,100157,100,99880,100,100171,100,99844,100,100190,100,99827,100
2019-06-28 09:30:00.000000059,100012,100,99971,100,100028,100,99962,100,100032,100,99961,100,100040,100,99927,100,100046,100,99904,100,100053,200,99902,100,100071,100,99887,100,100145,100,99880,100,100157,100,99844,100,100171,100,99827,100
2019-06-28 09:30:00.000000062,100012,100,99971,100,100028,100,99962,100,100032,100,99961,100,100040,100,99927,100,100046,100,99904,100,100053,200,99902,100,100071,100,99887,100,100079,100,99880,100,100145,100,99844,100,100157,100,99827,100
2019-06-28 09:30:00.000000064,100012,100,99971,100,100028,100,99962,100,100032,100,99961,100,100040,100,99927,100,100046,100,99904,100,100053,200,99902,100,100071,100,99887,100,100079,100,99880,100,100084,100,99844,100,100145,100,99827,100
2019-06-28 09:30:00.000000065,100012,100,99977,100,100028,100,99971,100,100032,100,99962,100,100040,100,99961,100,100046,100,99927,100,100053,200,99904,100,100071,100,99902,100,100079,100,99887,100,100084,100,99880,100,100145,100,99844,100
2019-06-28 09:30:00.000000066,100012,100,99987,100,100028,100,99977,100,100032,100,99971,100,100040,100,99962,100,100046,100,99961,100,100053,200,99927,100,100071,100,99904,100,100079,100,99902,100,100084,100,99887,100,100145,100,99880,100
2019-06-28 09:30:00.000000069,100012,100,99987,100,100019,100,99977,100,100028,100,99971,100,100032,100,99962,100,100040,100,99961,100,100046,100,99937,100,100053,200,99927,100,100071,100,99904,100,100079,100,99902,100,100084,100,99887,100
2019-06-28 09:30:00.000000071,100012,100,99987,100,100019,100,99977,100,100028,100,99971,100,100032,100,99962,100,100040,100,99961,100,100046,100,99937,100,100053,200,99927,100,100056,100,99920,100,100071,100,99904,100,100079,100,99902,100
2019-06-28 09:30:00.000000072,100012,100,99987,100,100019,100,99977,100,100028,100,99971,100,100032,100,99964,100,100040,100,99962,100,100046,100,99961,100,100053,200,99937,100,100056,100,99927,100,100071,100,99920,100,100079,100,99904,100
2019-06-28 09:30:00.000000074,100012,100,99987,200,100019,100,99977,100,100028,100,99971,100,100032,100,99964,100,100040,100,99962,100,100046,100,99961,100,100053,200,99937,100,100056,100,99927,100,100058,100,99920,100,100071,100,99904,100
2019-06-28 09:30:00.000000075,100012,100,99987,200,100019,100,99977,100,100028,100,99971,100,100032,100,99964,100,100040,100,99962,100,100046,100,99961,100,100053,200,99937,100,100056,100,99927,100,100058,100,99920,100,100063,100,99904,100
2019-06-28 09:30:00.000000076,100012,100,99987,200,100019,100,99977,100,100028,100,99971,100,100032,100,99964,100,100040,100,99962,100,100046,100,99961,100,100053,200,99937,100,100056,100,99927,100,100058,100,99920,100,100063,100,99906,100
2019-06-28 09:30:00.000000077,99992,100,99987,200,100012,100,99977,100,100019,100,99971,100,100028,100,99964,100,100032,100,99962,100,100040,100,99961,100,100046,100,99937,100,100053,200,99927,100,100056,100,99920,100,100058,100,99906,100
2019-06-28 09:30:00.000000079,99992,200,99987,200,100012,100,99977,100,100019,100,99971,100,100028,100,99964,100,100032,100,99962,100,100040,100,99961,100,100046,100,99937,100,100053,200,99927,100,100056,100,99920,100,100058,100,99906,100
2019-06-28 09:30:00.000000081,99992,200,99987,300,100012,100,99977,100,100019,100,99971,100,100028,100,99964,100,100032,100,99962,100,100040,100,99961,100,100046,100,99937,100,100053,200,99927,100,100056,100,99920,100,100058,100,99906,100
2019-06-28 09:30:00.000000082,99990,100,99987,300,99992,200,99977,100,100012,100,99971,100,100019,100,99964,100,100028,100,99962,100,100032,100,99961,100,100040,100,99937,100,100046,100,99927,100,100053,200,99920,100,100056,100,99906,100
2019-06-28 09:30:00.000000084,99990,100,99987,300,99992,200,99977,100,100012,100,99971,100,100019,100,99964,100,100028,100,99962,100,100032,100,99961,100,100040,100,99937,100,100046,100,99927,100,100053,200,99920,100,100056,100,99906,100
2019-06-28 09:30:00.000000085,99990,100,99987,400,99992,200,99977,100,100012,100,99971,100,100019,100,99964,100,100028,100,99962,100,100032,100,99961,100,100040,100,99937,100,100046,100,99927,100,100053,200,99920,100,100056,100,99906,100
2019-06-28 09:30:00.000000086,99990,100,99987,400,99992,200,99977,100,100012,100,99971,100,100019,100,99964,100,100028,100,99962,200,100032,100,99961,100,100040,100,99937,100,100046,100,99927,100,100053,200,99920,100,100056,100,99906,100
2019-06-28 09:30:00.000000088,99990,100,99987,400,99992,300,99977,100,100012,100,99971,100,100019,100,99964,100,100028,100,99962,200,100032,100,99961,100,100040,100,99937,100,100046,100,99927,100,100053,200,99920,100,100056,100,99906,100
2019-06-28 09:30:00.000000089,99990,100,99987,400,99992,300,99977,100,100012,100,99971,100,100019,100,99964,100,100028,100,99962,200,100032,100,99961,100,100040,100,99937,100,100046,100,99927,100,100053,200,99920,100,100056,100,99906,100
2019-06-28 09:30:00.000000090,99990,100,99987,400,99992,300,99977,100,100012,100,99971,100,100019,100,99964,100,100027,100,99962,200,100028,100,99961,100,100032,100,99937,100,100040,100,99927,100,100046,100,99920,100,100053,200,99906,100
2019-06-28 09:30:00.000000091,99990,100,99987,300,99992,300,99977,100,100012,100,99971,100,100019,100,99964,100,100027,100,99962,200,100028,100,99961,100,100032,100,99937,100,100040,100,99927,100,100046,100,99920,100,100053,200,99906,100
2019-06-28 09:30:00.000000092,99990,100,99987,300,99992,300,99977,100,100001,100,99971,100,100012,100,99964,100,100019,100,99962,200,100027,100,99961,100,100028,100,99937,100,100032,100,99927,100,100040,100,99920,100,100046,100,99906,100
2019-06-28 09:30:00.000000093,99990,100,99988,100,99992,300,99987,300,100001,100,99977,100,100012,100,99971,100,100019,100,99964,100,100027,100,99962,200,100028,100,99961,100,100032,100,99937,100,100040,100,99927,100,100046,100,99920,100
2019-06-28 09:30:00.000000095,99992,300,99988,100,100001,100,99987,300,100012,100,99977,100,100019,100,99971,100,100027,100,99964,100,100028,100,99962,200,100032,100,99961,100,100040,100,99937,100,100046,100,99927,100,100053,200,99920,100
2019-06-28 09:30:00.000000097,99992,300,99988,100,100001,100,99987,300,100012,100,99977,100,100019,100,99971,200,100027,100,99964,100,100028,100,99962,200,100032,100,99961,100,100039,100,99937,100,100040,100,99927,100,100046,100,99920,100
2019-06-28 09:30:00.000000099,99992,200,99988,100,100001,100,99987,300,100012,100,99977,100,100019,100,99971,200,100027,100,99964,100,100028,100,99962,200,100032,100,99961,100,100039,100,99937,100,100040,100,99927,100,100046,100,99920,100
2019-06-28 09:30:06.261636998,99992,200,99990,100,100001,100,99988,100,100012,100,99987,300,100019,100,99977,100,100027,100,99971,200,100028,100,99964,100,100032,100,99962,200,100039,100,99961,100,100040,100,99937,100,100046,100,99927,100
2019-06-28 09:30:10.000000000,99992,320,99990,220,100001,220,99988,220,100012,220,99987,420,100019,220,99977,220,100027,100,99971,200,100028,100,99964,100,100032,100,99962,200,100039,100,99961,100,100040,100,99937,100,100046,100,99927,100
2019-06-28 09:30:20.000000000,99992,682,99990,582,100001,100,99988,100,100012,100,99987,300,100019,100,99977,100,100027,100,99971,200,100028,100,99964,100,100032,100,99962,200,100039,100,99961,100,100040,100,99937,100,100046,100,99927,100
2019-06-28 09:30:21.252416482,99992,682,99990,582,100001,100,99988,100,100012,100,99987,300,100019,100,99977,100,100027,100,99971,200,100028,100,99964,100,100032,100,99962,100,100039,100,99961,100,100040,100,99937,100,100046,100,99927,100
2019-06-28 09:30:23.782469941,99992,682,99990,482,100001,100,99988,100,100012,100,99987,300,100019,100,99977,100,100027,100,99971,200,100028,100,99964,100,100032,100,99962,100,100039,100,99961,100,100040,100,99937,100,100046,100,99927,100
2019-06-28 09:30:30.000000000,99992,364,99988,264,100001,259,99987,459,100012,259,99977,259,100019,100,99971,200,100027,100,99964,100,100028,100,99962,100,100032,100,99961,100,100039,100,99937,100,100040,100,99927,100,100046,100,99920,100
2019-06-28 09:30:39.517896336,99992,364,99988,264,100001,259,99987,459,100012,259,99977,259,100019,100,99971,200,100027,100,99964,100,100028,100,99962,100,100032,100,99961,100,100039,100,99937,100,100040,100,99927,100,100046,100,99920,100
2019-06-28 09:30:40.000000000,99992,296,99988,196,100001,196,99987,396,100012,196,99977,196,100019,196,99971,296,100027,196,99964,196,100028,100,99962,100,100032,100,99961,100,100039,100,99937,100,100040,100,99927,100,100046,100,99920,100
2019-06-28 09:30:50.000000000,99992,296,99988,196,100001,196,99987,396,100012,196,99977,196,100019,196,99971,296,100027,196,99964,196,100028,100,99962,100,100032,100,99961,100,100039,100,99937,100,100040,100,99927,100,100046,100,99920,100
2019-06-28 09:30:50.528955922,99992,296,99988,196,100001,196,99987,396,100012,196,99977,196,100019,196,99971,296,100027,196,99964,196,100028,100,99962,100,100032,100,99961,100,100039,100,99937,100,100040,100,99927,100,100046,100,99906,100
2019-06-28 09:31:00.000000000,99992,364,99988,264,100001,259,99987,459,100012,259,99977,259,100019,100,99971,200,100027,100,99964,100,100028,100,99962,100,100032,100,99961,100,100039,100,99937,100,100040,100,99927,100,100046,100,99906,100
2019-06-28 09:31:10.000000000,99992,320,99988,220,100001,220,99987,420,100012,220,99977,220,100019,220,99971,320,100027,100,99964,100,100028,100,99962,100,100032,100,99961,100,100039,100,99937,100,100040,100,99927,100,100046,100,99906,100
2019-06-28 09:31:20.000000000,99992,296,99988,196,100001,196,99987,396,100012,196,99977,196,100019,196,99971,296,100027,196,99964,196,100028,100,99962,100,100032,100,99961,100,100039,100,99937,100,100040,100,99927,100,100046,100,99906,100
2019-06-28 09:31:29.589495767,99992,296,99988,196,100001,196,99987,396,100012,196,99977,196,100019,196,99971,296,100027,196,99964,196,100028,100,99962,100,100032,100,99961,100,100035,100,99937,100,100039,100,99927,100,100040,100,99906,100
2019-06-28 09:31:30.000000000,99992,320,99988,220,100001,220,99987,420,100012,220,99977,220,100019,220,99971,320,100027,100,99964,100,100028,100,99962,100,100032,100,99961,100,100035,100,99937,100,100039,100,99927,100,100040,100,99906,100
2019-06-28 09:31:40.000000000,99992,364,99988,264,100001,259,99987,459,100012,259,99977,259,100019,100,99971,200,100027,100,99964,100,100028,100,99962,100,100032,100,99961,100,100035,100,99937,100,100039,100,99927,100,100040,100,99906,100
2019-06-28 09:31:50.000000000,99992,441,99988,341,100001,341,99987,541,100012,100,99977,100,100019,100,99971,200,100027,100,99964,100,100028,100,99962,100,100032,100,99961,100,100035,100,99937,100,100039,100,99927,100,100040,100,99906,100
2019-06-28 09:32:00.000000000,99992,296,99988,196,100001,196,99987,396,100012,196,99977,196,100019,196,99971,296,100027,196,99964,196,100028,100,99962,100,100032,100,99961,100,100035,100,99937,100,100039,100,99927,100,100040,100,99906,100
2019-06-28 09:32:10.000000000,99992,682,99988,582,100001,100,99987,300,100012,100,99977,100,100019,100,99971,200,100027,100,99964,100,100028,100,99962,100,100032,100,99961,100,100035,100,99937,100,100039,100,99927,100,100040,100,99906,100
2019-06-28 09:32:14.331854532,99992,682,99988,582,100001,100,99987,300,100012,100,99977,100,100019,100,99971,100,100027,100,99964,100,100028,100,99962,100,100032,100,99961,100,100035,100,99937,100,100039,100,99927,100,100040,100,99906,100
2019-06-28 09:32:20.000000000,99992,682,99988,582,100001,100,99987,300,100012,100,99977,100,100019,100,99971,100,100027,100,99964,100,100028,100,99962,100,100032,100,99961,100,100035,100,99937,100,100039,100,99927,100,100040,100,99906,100
2019-06-28 09:32:30.000000000,99992,364,99988,264,100001,259,99987,459,100012,259,99977,259,100019,100,99971,100,100027,100,99964,100,100028,100,99962,100,100032,100,99961,100,100035,100,99937,100,100039,100,99927,100,100040,100,99906,100
2019-06-28 09:32:40.000000000,99992,296,99988,196,100001,196,99987,396,100012,196,99977,196,100019,196,99971,196,100027,196,99964,196,100028,100,99962,100,100032,100,99961,100,100035,100,99937,100,100039,100,99927,100,100040,100,99906,100
2019-06-28 09:32:42.893966595,99992,396,99988,196,100001,196,99987,396,100012,196,99977,196,100019,196,99971,196,100027,196,99964,196,100028,100,99962,100,100032,100,99961,100,100035,100,99937,100,100039,100,99927,100,100040,100,99906,100
2019-06-28 09:32:50.000000000,99992,464,99988,264,100001,259,99987,459,100012,259,99977,259,100019,100,99971,100,100027,100,99964,100,100028,100,99962,100,100032,100,99961,100,100035,100,99937,100,100039,100,99927,100,100040,100,99906,100
2019-06-28 09:32:59.551831089,99992,464,99988,164,100001,259,99987,459,100012,259,99977,259,100019,100,99971,100,100027,100,99964,100,100028,100,99962,100,100032,100,99961,100,100035,100,99937,100,100039,100,99927,100,100040,100,99906,100
2019-06-28 09:33:00.000000000,99992,396,99987,396,100001,196,99977,196,100012,196,99971,196,100019,196,99964,196,100027,196,99962,196,100028,100,99961,100,100032,100,99937,100,100035,100,99927,100,100039,100,99906,100,100040,100,99904,200
2019-06-28 09:33:10.000000000,99992,464,99987,464,100001,259,99977,259,100012,259,99971,259,100019,100,99964,100,100027,100,99962,100,100028,100,99961,100,100032,100,99937,100,100035,100,99927,100,100039,100,99906,100,100040,100,99904,200
2019-06-28 09:33:20.000000000,99992,464,99987,464,100001,259,99977,259,100012,259,99971,259,100019,100,99964,100,100027,100,99962,100,100028,100,99961,100,100032,100,99937,100,100035,100,99927,100,100039,100,99906,100,100040,100,99904,200
2019-06-28 09:33:25.628651147,99991,100,99987,464,99992,364,99977,259,100001,259,99971,259,100012,259,99964,100,100019,100,99962,100,100027,100,99961,100,100028,100,99937,100,100032,100,99927,100,100035,100,99906,100,100039,100,99904,200
2019-06-28 09:33:30.000000000,99991,341,99987,541,99992,441,99977,341,100001,100,99971,100,100012,100,99964,100,100019,100,99962,100,100027,100,99961,100,100028,100,99937,100,100032,100,99927,100,100035,100,99906,100,100039,100,99904,200
2019-06-28 09:33:40.000000000,99991,196,99987,396,99992,296,99977,196,100001,196,99971,196,100012,196,99964,196,100019,196,99962,196,100027,100,99961,100,100028,100,99937,100,100032,100,99927,100,100035,100,99906,100,100039,100,99904,200
2019-06-28 09:33:50.000000000,99991,582,99987,782,99992,200,99977,100,100001,100,99971,100,100012,100,99964,100,100019,100,99962,100,100027,100,99961,100,100028,100,99937,100,100032,100,99927,100,100035,100,99906,100,100039,100,99904,200
2019-06-28 09:33:51.622703155,99991,582,99987,682,99992,200,99977,100,100001,100,99971,100,100012,100,99964,100,100019,100,99962,100,100027,100,99961,100,100028,100,99937,100,100032,100,99927,100,100035,100,99906,100,100039,100,99904,200
2019-06-28 09:34:00.000000000,99991,341,99987,441,99992,441,99977,341,100001,100,99971,100,100012,100,99964,100,100019,100,99962,100,100027,100,99961,100,100028,100,99937,100,100032,100,99927,100,100035,100,99906,100,100039,100,99904,200
2019-06-28 09:34:10.000000000,99991,220,99987,320,99992,320,99977,220,100001,220,99971,220,100012,220,99964,220,100019,100,99962,100,100027,100,99961,100,100028,100,99937,100,100032,100,99927,100,100035,100,99906,100,100039,100,99904,200
2019-06-28 09:34:20.000000000,99991,264,99987,364,99992,359,99977,259,100001,259,99971,259,100012,100,99964,100,100019,100,99962,100,100027,100,99961,100,100028,100,99937,100,100032,100,99927,100,100035,100,99906,100,100039,100,99904,200
2019-06-28 09:34:30.000000000,99991,196,99987,296,99992,296,99977,196,100001,196,99971,196,100012,196,99964,196,100019,196,99962,196,100027,100,99961,100,100028,100,99937,100,100032,100,99927,100,100035,100,99906,100,100039,100,99904,200
2019-06-28 09:34:37.041149016,99991,296,99987,296,99992,296,99977,196,100001,196,99971,196,100012,196,99964,196,100019,196,99962,196,100027,100,99961,100,100028,100,99937,100,100032,100,99927,100,100035,100,99906,100,100039,100,99904,200
2019-06-28 09:34:40.000000000,99991,682,99987,682,99992,200,99977,100,100001,100,99971,100,100012,100,99964,100,100019,100,99962,100,100027,100,99961,100,100028,100,99937,100,100032,100,99927,100,100035,100,99906,100,100039,100,99904,200
2019-06-28 09:34:50.000000000,99991,320,99987,320,99992,320,99977,220,100001,220,99971,220,100012,220,99964,220,100019,100,99962,100,100027,100,99961,100,100028,100,99937,100,100032,100,99927,100,100035,100,99906,100,100039,100,99904,200
2019-06-28 09:35:00.000000000,99991,296,99987,296,99992,296,99977,196,100001,196,99971,196,100012,196,99964,196,100019,196,99962,196,100027,100,99961,100,100028,100,99937,100,100032,100,99927,100,100035,100,99906,100,100039,100,99904,200
2019-06-28 09:35:10.000000000,99991,320,99987,320,99992,320,99977,220,100001,220,99971,220,100012,220,99964,220,100019,100,99962,100,100027,100,99961,100,100028,100,99937,100,100032,100,99927,100,100035,100,99906,100,100039,100,99904,200
2019-06-28 09:35:20.000000000,99991,682,99987,682,99992,200,99977,100,100001,100,99971,100,100012,100,99964,100,100019,100,99962,100,100027,100,99961,100,100028,100,99937,100,100032,100,99927,100,100035,100,99906,100,100039,100,99904,200
2019-06-28 09:35:30.000000000,99991,296,99987,296,99992,296,99977,196,100001,196,99971,196,100012,196,99964,196,100019,196,99962,196,100027,100,99961,100,100028,100,99937,100,100032,100,99927,100,100035,100,99906,100,100039,100,99904,200
2019-06-28 09:35:36.230167753,99991,196,99987,296,99992,296,99977,196,100001,196,99971,196,100012,196,99964,196,100019,196,99962,196,100027,100,99961,100,100028,100,99937,100,100032,100,99927,100,100035,100,99906,100,100039,100,99904,200
2019-06-28 09:35:40.000000000,99991,264,99987,364,99992,359,99977,259,100001,259,99971,259,100012,100,99964,100,100019,100,99962,100,100027,100,99961,100,100028,100,99937,100,100032,100,99927,100,100035,100,99906,100,100039,100,99904,200
2019-06-28 09:35:50.000000000,99991,220,99987,320,99992,320,99977,220,100001,220,99971,220,100012,220,99964,220,100019,100,99962,100,100027,100,99961,100,100028,100,99937,100,100032,100,99927,100,100035,100,99906,100,100039,100,99904,200
2019-06-28 09:35:52.907576474,99991,120,99987,320,99992,320,99977,220,100001,220,99971,220,100012,220,99964,220,100019,100,99962,100,100027,100,99961,100,100028,100,99937,100,100035,100,99927,100,100039,100,99906,100,100040,100,99904,200
2019-06-28 09:36:00.000000000,99992,364,99987,364,100001,259,99977,259,100012,259,99971,259,100019,100,99964,100,100027,100,99962,100,100028,100,99961,100,100035,100,99937,100,100039,100,99927,100,100040,100,99906,100,100046,100,99904,200
2019-06-28 09:36:10.000000000,99992,682,99987,682,100001,100,99977,100,100012,100,99971,100,100019,100,99964,100,100027,100,99962,100,100028,100,99961,100,100035,100,99937,100,100039,100,99927,100,100040,100,99906,100,100046,100,99904,200
2019-06-28 09:36:16.634771143,99990,100,99987,682,99992,582,99977,100,100001,100,99971,100,100012,100,99964,100,100019,100,99962,100,100027,100,99961,100,100028,100,99937,100,100035,100,99927,100,100039,100,99906,100,100040,100,99904,200
2019-06-28 09:36:20.000000000,99990,220,99987,320,99992,220,99977,220,100001,220,99971,220,100012,220,99964,220,100019,100,99962,100,100027,100,99961,100,100028,100,99937,100,100035,100,99927,100,100039,100,99906,100,100040,100,99904,200
2019-06-28 09:36:30.000000000,99990,582,99987,682,99992,100,99977,100,100001,100,99971,100,100012,100,99964,100,100019,100,99962,100,100027,100,99961,100,100028,100,99937,100,100035,100,99927,100,100039,100,99906,100,100040,100,99904,200
2019-06-28 09:36:30.311739820,99990,582,99987,682,99992,100,99977,100,100001,100,99971,100,100012,100,99964,100,100019,100,99962,100,100027,100,99961,100,100028,100,99937,100,100035,100,99927,100,100039,100,99906,100,100040,100,99904,100
2019-06-28 09:36:38.143240657,99990,582,99987,682,99992,100,99977,100,100001,100,99971,100,100012,100,99964,100,100019,100,99962,100,100028,100,99961,100,100035,100,99937,100,100039,100,99927,100,100040,100,99906,100,100046,100,99904,100
2019-06-28 09:36:40.000000000,99990,582,99987,682,99992,100,99977,100,100001,100,99971,100,100012,100,99964,100,100019,100,99962,100,100028,100,99961,100,100035,100,99937,100,100039,100,99927,100,100040,100,99906,100,100046,100,99904,100
2019-06-28 09:36:50.000000000,99990,220,99987,320,99992,220,99977,220,100001,220,99971,220,100012,220,99964,220,100019,100,99962,100,100028,100,99961,100,100035,100,99937,100,100039,100,99927,100,100040,100,99906,100,100046,100,99904,100
2019-06-28 09:36:51.840922496,99990,220,99987,320,99992,220,99977,220,100001,220,99971,220,100012,220,99964,220,100019,100,99962,100,100028,100,99961,100,100035,100,99937,100,100039,100,99927,100,100040,100,99906,100,100046,100,99904,100
2019-06-28 09:36:54.138240497,99990,220,99987,220,99992,220,99977,220,100001,220,99971,220,100012,220,99964,220,100019,100,99962,100,100028,100,99961,100,100035,100,99937,100,100039,100,99927,100,100040,100,99906,100,100046,100,99904,100
2019-06-28 09:37:00.000000000,99990,341,99987,341,99992,341,99977,341,100001,100,99971,100,100012,100,99964,100,100019,100,99962,100,100028,100,99961,100,100035,100,99937,100,100039,100,99927,100,100040,100,99906,100,100046,100,99904,100
2019-06-28 09:37:07.207337070,99990,341,99987,341,99992,341,99977,341,100001,100,99971,100,100012,100,99964,100,100019,100,99962,100,100028,100,99961,100,100035,100,99937,100,100039,100,99927,100,100040,100,99906,100,100046,100,99904,100
2019-06-28 09:37:10.000000000,99990,220,99987,220,99992,220,99977,220,100001,220,99971,220,100012,220,99964,220,100019,100,99962,100,100028,100,99961,100,100035,100,99937,100,100039,100,99927,100,100040,100,99906,100,100046,100,99904,100
2019-06-28 09:37:17.481981437,99990,220,99987,120,99992,220,99977,220,100001,220,99971,220,100012,220,99964,220,100019,100,99962,100,100028,100,99961,100,100035,100,99937,100,100039,100,99927,100,100040,100,99906,100,100046,100,99904,100
2019-06-28 09:37:20.000000000,99990,220,99977,220,99992,220,99971,220,100001,220,99964,220,100012,220,99962,220,100019,100,99961,100,100028,100,99937,100,100035,100,99927,100,100039,100,99906,100,100040,100,99904,100,100046,100,99902,100
2019-06-28 09:37:28.015142010,99990,220,99977,220,99992,220,99971,220,100001,220,99964,220,100012,220,99962,220,100019,100,99961,100,100028,100,99937,100,100035,100,99927,100,100039,100,99906,100,100040,100,99904,100,100046,100,99902,100
2019-06-28 09:37:28.574457681,99987,100,99977,220,99990,220,99971,220,99992,220,99964,220,100001,220,99962,220,100012,220,99961,100,100019,100,99937,100,100028,100,99927,100,100035,100,99906,100,100039,100,99904,100,100040,100,99902,100
2019-06-28 09:37:30.000000000,99987,582,99977,582,99990,100,99971,100,99992,100,99964,100,100001,100,99962,100,100012,100,99961,100,100019,100,99937,100,100028,100,99927,100,100035,100,99906,100,100039,100,99904,100,100040,100,99902,100
2019-06-28 09:37:30.027309061,99987,582,99977,582,99990,100,99971,100,99992,100,99964,100,100001,100,99962,100,100012,100,99961,100,100019,100,99937,100,100028,100,99927,100,100035,100,99904,100,100039,100,99902,100,100040,100,99880,100
2019-06-28 09:37:40.000000000,99987,220,99977,220,99990,220,99971,220,99992,220,99964,220,100001,220,99962,220,100012,100,99961,100,100019,100,99937,100,100028,100,99927,100,100035,100,99904,100,100039,100,99902,100,100040,100,99880,100
2019-06-28 09:37:40.243244900,99987,220,99977,120,99990,220,99971,220,99992,220,99964,220,100001,220,99962,220,100012,100,99961,100,100019,100,99937,100,100028,100,99927,100,100035,100,99904,100,100039,100,99902,100,100040,100,99880,100
2019-06-28 09:37:47.255694999,99987,220,99977,120,99990,220,99971,220,99992,220,99964,220,100001,220,99962,220,100012,100,99961,100,100019,100,99937,100,100028,100,99927,100,100035,100,99904,100,100039,100,99880,100,100040,100,99858,100
2019-06-28 09:37:50.000000000,99987,220,99971,220,99990,220,99964,220,99992,220,99962,220,100001,220,99961,220,100012,100,99937,100,100019,100,99927,100,100028,100,99904,100,100035,100,99880,100,100039,100,99858,100,100040,100,99827,100
2019-06-28 09:37:54.253009740,99987,220,99971,220,99990,220,99964,220,99992,220,99962,220,100001,220,99961,220,100012,100,99937,100,100019,100,99927,100,100028,100,99904,100,100035,100,99880,100,100039,100,99858,100,100046,100,99827,100
2019-06-28 09:38:00.000000000,99987,220,99971,220,99990,220,99964,220,99992,220,99962,220,100001,220,99961,220,100012,100,99937,100,100019,100,99927,100,100028,100,99904,100,100035,100,99880,100,100039,100,99858,100,100046,100,99827,100
2019-06-28 09:38:10.000000000,99987,582,99971,582,99990,100,99964,100,99992,100,99962,100,100001,100,99961,100,100012,100,99937,100,100019,100,99927,100,100028,100,99904,100,100035,100,99880,100,100039,100,99858,100,100046,100,99827,100
2019-06-28 09:38:20.000000000,99987,582,99971,582,99990,100,99964,100,99992,100,99962,100,100001,100,99961,100,100012,100,99937,100,100019,100,99927,100,100028,100,99904,100,100035,100,99880,100,100039,100,99858,100,100046,100,99827,100
2019-06-28 09:38:30.000000000,99987,264,99971,264,99990,259,99964,259,99992,259,99962,259,100001,100,99961,100,100012,100,99937,100,100019,100,99927,100,100028,100,99904,100,100035,100,99880,100,100039,100,99858,100,100046,100,99827,100
2019-06-28 09:38:40.000000000,99987,220,99971,220,99990,220,99964,220,99992,220,99962,220,100001,220,99961,220,100012,100,99937,100,100019,100,99927,100,100028,100,99904,100,100035,100,99880,100,100039,100,99858,100,100046,100,99827,100
2019-06-28 09:38:40.775665793,99986,100,99971,220,99987,220,99964,220,99990,220,99962,220,99992,220,99961,220,100001,220,99937,100,100012,100,99927,100,100019,100,99904,100,100028,100,99880,100,100035,100,99858,100,100039,100,99827,100
2019-06-28 09:38:50.000000000,99986,264,99971,264,99987,259,99964,259,99990,259,99962,259,99992,100,99961,100,100001,100,99937,100,100012,100,99927,100,100019,100,99904,100,100028,100,99880,100,100035,100,99858,100,100039,100,99827,100
2019-06-28 09:38:50.047230115,99986,364,99971,264,99987,259,99964,259,99990,259,99962,259,99992,100,99961,100,100001,100,99937,100,100012,100,99927,100,100019,100,99904,100,100028,100,99880,100,100035,100,99858,100,100039,100,99827,100
2019-06-28 09:38:57.062386147,99986,464,99971,264,99987,259,99964,259,99990,259,99962,259,99992,100,99961,100,100001,100,99937,100,100012,100,99927,100,100019,100,99904,100,100028,100,99880,100,100035,100,99858,100,100039,100,99827,100
2019-06-28 09:39:00.000000000,99986,464,99971,264,99987,259,99964,259,99990,259,99962,259,99992,100,99961,100,100001,100,99937,100,100012,100,99927,100,100019,100,99904,100,100028,100,99880,100,100035,100,99858,100,100039,100,99827,100
2019-06-28 09:39:10.000000000,99986,541,99971,341,99987,341,99964,341,99990,100,99962,100,99992,100,99961,100,100001,100,99937,100,100012,100,99927,100,100019,100,99904,100,100028,100,99880,100,100035,100,99858,100,100039,100,99827,100
2019-06-28 09:39:20.000000000,99986,782,99971,582,99987,100,99964,100,99990,100,99962,100,99992,100,99961,100,100001,100,99937,100,100012,100,99927,100,100019,100,99904,100,100028,100,99880,100,100035,100,99858,100,100039,100,99827,100
2019-06-28 09:39:30.000000000,99986,396,99971,196,99987,196,99964,196,99990,196,99962,196,99992,196,99961,196,100001,196,99937,196,100012,100,99927,100,100019,100,99904,100,100028,100,99880,100,100035,100,99858,100,100039,100,99827,100
2019-06-28 09:39:34.303598782,99986,396,99971,96,99987,196,99964,196,99990,196,99962,196,99992,196,99961,196,100001,196,99937,196,100012,100,99927,100,100019,100,99904,100,100028,100,99880,100,100035,100,99858,100,100039,100,99827,100
2019-06-28 09:39:40.000000000,99986,782,99964,582,99987,100,99962,100,99990,100,99961,100,99992,100,99937,100,100001,100,99927,100,100012,100,99904,100,100019,100,99880,100,100028,100,99858,100,100035,100,99827,100,100039,100,99798,100
2019-06-28 09:39:46.132382618,99986,782,99964,582,99987,100,99962,100,99990,100,99961,100,99992,100,99937,100,100001,100,99927,100,100012,100,99904,100,100019,100,99880,100,100028,100,99858,100,100035,100,99827,100,100039,100,99735,100
2019-06-28 09:39:47.711063700,99986,782,99964,482,99987,100,99962,100,99990,100,99961,100,99992,100,99937,100,100001,100,99927,100,100012,100,99904,100,100019,100,99880,100,100028,100,99858,100,100035,100,99827,100,100039,100,99735,100
2019-06-28 09:39:50.000000000,99986,396,99962,196,99987,196,99961,196,99990,196,99937,196,99992,196,99927,196,100001,196,99904,196,100012,100,99880,100,100019,100,99858,100,100028,100,99827,100,100035,100,99735,100,100039,100,99723,100
2019-06-28 09:39:58.333922663,99986,396,99962,96,99987,196,99961,196,99990,196,99937,196,99992,196,99927,196,100001,196,99904,196,100012,100,99880,100,100019,100,99858,100,100028,100,99827,100,100035,100,99735,100,100039,100,99723,100
2019-06-28 09:40:00.000000000,99986,782,99961,582,99987,100,99937,100,99990,100,99927,100,99992,100,99904,100,100001,100,99880,100,100012,100,99858,100,100019,100,99827,100,100028,100,99735,100,100035,100,99723,100,100039,100,99713,100
2019-06-28 09:40:02.134000395,99986,782,99961,482,99987,100,99937,100,99990,100,99927,100,99992,100,99904,100,100001,100,99880,100,100012,100,99858,100,100019,100,99827,100,100028,100,99735,100,100035,100,99723,100,100039,100,99713,100
2019-06-28 09:40:10.000000000,99986,420,99937,220,99987,220,99927,220,99990,220,99904,220,99992,220,99880,220,100001,100,99858,100,100012,100,99827,100,100019,100,99735,100,100028,100,99723,100,100035,100,99713,100,100039,100,99706,100
2019-06-28 09:40:20.000000000,99986,464,99937,264,99987,259,99927,259,99990,259,99904,259,99992,100,99880,100,100001,100,99858,100,100012,100,99827,100,100019,100,99735,100,100028,100,99723,100,100035,100,99713,100,100039,100,99706,100
2019-06-28 09:40:29.231756089,99986,464,99937,164,99987,259,99927,259,99990,259,99904,259,99992,100,99880,100,100001,100,99858,100,100012,100,99827,100,100019,100,99735,100,100028,100,99723,100,100035,100,99713,100,100039,100,99706,100
2019-06-28 09:40:30.000000000,99986,541,99927,341,99987,341,99904,341,99990,100,99880,100,99992,100,99858,100,100001,100,99827,100,100012,100,99735,100,100019,100,99723,100,100028,100,99713,100,100035,100,99706,100,100039,100,99637,100
2019-06-28 09:40:32.801036747,99986,541,99927,341,99987,341,99904,341,99990,100,99880,100,99992,100,99858,100,100001,100,99827,100,100012,100,99735,100,100019,100,99723,100,100028,100,99713,100,100035,100,99706,100,100039,100,99637,100
2019-06-28 09:40:32.828698733,99986,541,99927,341,99987,341,99904,341,99990,100,99880,100,99992,100,99858,100,100001,100,99827,100,100012,100,99735,100,100019,100,99723,100,100028,100,99713,100,100035,100,99706,100,100039,100,99637,100
2019-06-28 09:40:40.000000000,99986,420,99927,220,99987,220,99904,220,99990,220,99880,220,99992,220,99858,220,100001,100,99827,100,100012,100,99735,100,100019,100,99723,100,100028,100,99713,100,100035,100,99706,100,100039,100,99637,100
2019-06-28 09:40:42.133304085,99986,420,99927,120,99987,220,99904,220,99990,220,99880,220,99992,220,99858,220,100001,100,99827,100,100012,100,99735,100,100019,100,99723,100,100035,100,99713,100,100039,100,99706,100,100046,100,99637,100
2019-06-28 09:40:50.000000000,99986,464,99904,264,99987,259,99880,259,99990,259,99858,259,99992,100,99827,100,100001,100,99735,100,100012,100,99723,100,100019,100,99713,100,100035,100,99706,100,100039,100,99637,100,100046,100,99602,100
2019-06-28 09:41:00.000000000,99986,541,99904,341,99987,341,99880,341,99990,100,99858,100,99992,100,99827,100,100001,100,99735,100,100012,100,99723,100,100019,100,99713,100,100035,100,99706,100,100039,100,99637,100,100046,100,99602,100
2019-06-28 09:41:00.588174882,99986,541,99904,241,99987,341,99880,341,99990,100,99858,100,99992,100,99827,100,100001,100,99735,100,100019,100,99723,100,100035,100,99713,100,100039,100,99706,100,100046,100,99637,100,100053,100,99602,100
2019-06-28 09:41:06.369140828,99986,541,99904,141,99987,341,99880,341,99990,100,99858,100,99992,100,99827,100,100001,100,99735,100,100019,100,99723,100,100035,100,99713,100,100039,100,99706,100,100046,100,99637,100,100053,100,99602,100
2019-06-28 09:41:10.000000000,99986,396,99880,196,99987,196,99858,196,99990,196,99827,196,99992,196,99735,196,100001,196,99723,196,100019,100,99713,100,100035,100,99706,100,100039,100,99637,100,100046,100,99602,100,100053,100,99522,100
2019-06-28 09:41:13.520507802,99986,396,99880,96,99987,196,99858,196,99990,196,99827,196,99992,196,99735,196,100001,196,99723,196,100019,100,99713,100,100035,100,99706,100,100039,100,99637,100,100046,100,99602,100,100053,100,99522,100
2019-06-28 09:41:15.578778270,99986,396,99880,96,99987,196,99858,196,99990,196,99827,196,99992,196,99735,196,100001,196,99723,196,100019,100,99713,100,100035,100,99706,100,100039,100,99637,100,100046,100,99602,100,100053,100,99522,100
2019-06-28 09:41:19.378989183,99880,4,99858,196,99986,396,99827,196,99987,196,99735,196,99990,196,99723,196,99992,196,99713,100,100001,196,99706,100,100019,100,99637,100,100035,100,99602,100,100039,100,99522,100,100046,100,99506,100
2019-06-28 09:41:20.000000000,99880,245,99858,341,99986,541,99827,341,99987,100,99735,100,99990,100,99723,100,99992,100,99713,100,100001,100,99706,100,100019,100,99637,100,100035,100,99602,100,100039,100,99522,100,100046,100,99506,100
2019-06-28 09:41:30.000000000,99880,124,99858,220,99986,420,99827,220,99987,220,99735,220,99990,220,99723,220,99992,100,99713,100,100001,100,99706,100,100019,100,99637,100,100035,100,99602,100,100039,100,99522,100,100046,100,99506,100
2019-06-28 09:41:31.684715372,99880,224,99858,220,99986,420,99827,220,99987,220,99735,220,99990,220,99723,220,99992,100,99713,100,100001,100,99706,100,100019,100,99637,100,100035,100,99602,100,100039,100,99522,100,100046,100,99506,100
2019-06-28 09:41:35.828735146,99880,324,99858,220,99986,420,99827,220,99987,220,99735,220,99990,220,99723,220,99992,100,99713,100,100001,100,99706,100,100019,100,99637,100,100035,100,99602,100,100039,100,99522,100,100046,100,99506,100
2019-06-28 09:41:40.000000000,99880,324,99858,220,99986,420,99827,220,99987,220,99735,220,99990,220,99723,220,99992,100,99713,100,100001,100,99706,100,100019,100,99637,100,100035,100,99602,100,100039,100,99522,100,100046,100,99506,100
2019-06-28 09:41:49.699103970,99880,324,99858,220,99986,420,99827,220,99987,220,99735,220,99990,220,99723,220,99992,100,99713,100,100001,100,99706,100,100019,100,99637,100,100035,100,99602,100,100039,100,99522,100,100046,100,99506,100
2019-06-28 09:41:50.000000000,99880,368,99858,264,99986,459,99827,259,99987,259,99735,259,99990,100,99723,100,99992,100,99713,100,100001,100,99706,100,100019,100,99637,100,100035,100,99602,100,100039,100,99522,100,100046,100,99506,100
2019-06-28 09:41:53.070307698,99880,368,99858,164,99986,459,99827,259,99987,259,99735,159,99990,100,99723,100,99992,100,99713,100,100001,100,99706,100,100019,100,99637,100,100035,100,99602,100,100039,100,99522,100,100046,100,99506,100
2019-06-28 09:41:58.972788279,99880,368,99858,164,99986,459,99827,259,99987,259,99735,159,99990,100,99723,100,99992,100,99713,100,100001,100,99706,100,100019,100,99637,100,100035,100,99602,100,100039,100,99522,100,100046,100,99506,100
2019-06-28 09:42:00.000000000,99880,324,99827,220,99986,420,99723,220,99987,220,99713,220,99990,220,99706,220,99992,100,99637,100,100001,100,99602,100,100019,100,99522,100,100035,100,99506,100,100039,100,99445,100,100046,100,99300,100
2019-06-28 09:42:10.000000000,99880,300,99827,196,99986,396,99723,196,99987,196,99713,196,99990,196,99706,196,99992,196,99637,196,100001,100,99602,100,100019,100,99522,100,100035,100,99506,100,100039,100,99445,100,100046,100,99300,100
2019-06-28 09:42:20.000000000,99880,445,99827,341,99986,541,99723,341,99987,100,99713,100,99990,100,99706,100,99992,100,99637,100,100001,100,99602,100,100019,100,99522,100,100035,100,99506,100,100039,100,99445,100,100046,100,99300,100
2019-06-28 09:42:29.253628230,99880,445,99827,241,99986,541,99723,341,99987,100,99713,100,99990,100,99706,100,99992,100,99637,100,100001,100,99602,100,100019,100,99522,100,100035,100,99506,100,100039,100,99445,100,100046,100,99300,100
2019-06-28 09:42:30.000000000,99880,686,99723,582,99986,300,99713,100,99987,100,99706,100,99990,100,99637,100,99992,100,99602,100,100001,100,99522,100,100019,100,99506,100,100035,100,99445,100,100039,100,99300,100,100046,100,99238,100
2019-06-28 09:42:40.000000000,99880,368,99723,264,99986,459,99713,259,99987,259,99706,259,99990,100,99637,100,99992,100,99602,100,100001,100,99522,100,100019,100,99506,100,100035,100,99445,100,100039,100,99300,100,100046,100,99238,100
2019-06-28 09:42:50.000000000,99880,324,99723,220,99986,420,99713,220,99987,220,99706,220,99990,220,99637,220,99992,100,99602,100,100001,100,99522,100,100019,100,99506,100,100035,100,99445,100,100039,100,99300,100,100046,100,99238,100
2019-06-28 09:42:55.527759469,99880,324,99723,220,99986,420,99713,220,99987,220,99706,220,99990,220,99637,220,99992,100,99522,100,100001,100,99506,100,100019,100,99445,100,100029,100,99300,100,100035,100,99238,100,100039,100,99230,100
2019-06-28 09:43:00.000000000,99880,324,99723,220,99986,420,99713,220,99987,220,99706,220,99990,220,99637,220,99992,100,99522,100,100001,100,99506,100,100019,100,99445,100,100029,100,99300,100,100035,100,99238,100,100039,100,99230,100
2019-06-28 09:43:06.706691759,99880,224,99723,220,99986,420,99713,220,99987,220,99706,220,99990,220,99637,220,99992,100,99522,100,100001,100,99506,100,100019,100,99445,100,100029,100,99300,100,100035,100,99238,100,100039,100,99230,100
2019-06-28 09:43:10.000000000,99880,345,99723,341,99986,541,99713,341,99987,100,99706,100,99990,100,99637,100,99992,100,99522,100,100001,100,99506,100,100019,100,99445,100,100029,100,99300,100,100035,100,99238,100,100039,100,99230,100
2019-06-28 09:43:10.223276525,99880,345,99828,100,99986,541,99723,341,99987,100,99713,341,99990,100,99706,100,99992,100,99637,100,100001,100,99522,100,100019,100,99506,100,100029,100,99445,100,100035,100,99300,100,100039,100,99238,100
2019-06-28 09:43:13.415064699,99880,345,99828,200,99986,541,99723,341,99987,100,99713,341,99990,100,99706,100,99992,100,99637,100,100001,100,99522,100,100019,100,99506,100,100029,100,99445,100,100035,100,99300,100,100039,100,99238,100
2019-06-28 09:43:20.000000000,99880,268,99828,364,99986,459,99723,259,99987,259,99713,259,99990,100,99706,100,99992,100,99637,100,100001,100,99522,100,100019,100,99506,100,100029,100,99445,100,100035,100,99300,100,100039,100,99238,100
2019-06-28 09:43:30.000000000,99880,224,99828,320,99986,420,99723,220,99987,220,99713,220,99990,220,99706,220,99992,100,99637,100,100001,100,99522,100,100019,100,99506,100,100029,100,99445,100,100035,100,99300,100,100039,100,99238,100
2019-06-28 09:43:35.138292448,99880,224,99828,320,99986,420,99723,220,99987,120,99713,220,99990,220,99706,220,99992,100,99637,100,100001,100,99522,100,100019,100,99506,100,100029,100,99445,100,100035,100,99300,100,100039,100,99238,100
2019-06-28 09:43:35.314000043,99880,224,99828,320,99986,420,99723,220,99987,120,99713,220,99990,220,99706,220,99992,100,99637,100,100001,100,99522,100,100019,100,99506,100,100029,100,99445,100,100035,100,99300,100,100039,100,99238,100
2019-06-28 09:43:40.000000000,99880,268,99828,364,99986,459,99723,259,99990,259,99713,259,99992,100,99706,100,100001,100,99637,100,100019,100,99522,100,100029,100,99506,100,100035,100,99445,100,100039,100,99300,100,100046,100,99238,100
2019-06-28 09:43:40.679874024,99880,268,99828,464,99986,459,99723,259,99990,259,99713,259,100001,100,99706,100,100019,100,99637,100,100029,100,99522,100,100035,100,99506,100,100039,100,99445,100,100046,100,99300,100,100053,100,99238,100
2019-06-28 09:43:50.000000000,99880,224,99828,420,99986,420,99723,220,99990,220,99713,220,100001,220,99706,220,100019,100,99637,100,100029,100,99522,100,100035,100,99506,100,100039,100,99445,100,100046,100,99300,100,100053,100,99238,100
2019-06-28 09:43:54.942806550,99880,124,99828,420,99986,420,99723,220,99990,220,99713,220,100001,220,99706,220,100019,100,99637,100,100029,100,99522,100,100035,100,99506,100,100046,100,99445,100,100053,100,99300,100,100063,100,99238,100
2019-06-28 09:43:59.581304168,99880,124,99828,420,99986,420,99723,220,99990,220,99713,220,100001,220,99706,220,100019,100,99637,100,100029,100,99522,100,100035,100,99506,100,100046,100,99445,100,100053,100,99300,100,100063,100,99238,100
2019-06-28 09:44:00.000000000,99880,100,99828,396,99986,396,99723,196,99990,196,99713,196,100001,196,99706,196,100019,196,99637,196,100029,100,99522,100,100035,100,99506,100,100046,100,99445,100,100053,100,99300,100,100063,100,99238,100
2019-06-28 09:44:01.090800736,99880,100,99828,396,99986,396,99723,196,99990,196,99713,196,100001,196,99706,196,100019,196,99637,196,100035,100,99522,100,100046,100,99506,100,100053,100,99445,100,100063,100,99300,100,100071,100,99238,100
2019-06-28 09:44:10.000000000,99880,100,99828,396,99986,396,99723,196,99990,196,99713,196,100001,196,99706,196,100019,196,99637,196,100035,100,99522,100,100046,100,99506,100,100053,100,99445,100,100063,100,99300,100,100071,100,99238,100
2019-06-28 09:44:20.000000000,99880,124,99828,420,99986,420,99723,220,99990,220,99713,220,100001,220,99706,220,100019,100,99637,100,100035,100,99522,100,100046,100,99506,100,100053,100,99445,100,100063,100,99300,100,100071,100,99238,100
2019-06-28 09:44:23.307940871,99880,24,99828,420,99986,420,99723,220,99990,220,99713,220,100001,220,99706,220,100019,100,99637,100,100035,100,99522,100,100046,100,99506,100,100053,100,99445,100,100063,100,99300,100,100071,100,99238,100
2019-06-28 09:44:30.000000000,99986,396,99828,396,99990,196,99723,196,100001,196,99713,196,100019,196,99706,196,100035,196,99637,196,100046,100,99522,100,100053,100,99506,100,100063,100,99445,100,100071,100,99300,100,100160,100,99238,100
2019-06-28 09:44:40.000000000,99986,782,99828,782,99990,100,99723,100,100001,100,99713,100,100019,100,99706,100,100035,100,99637,100,100046,100,99522,100,100053,100,99506,100,100063,100,99445,100,100071,100,99300,100,100160,100,99238,100
2019-06-28 09:44:45.463523536,99986,682,99828,782,99990,100,99723,100,100001,100,99713,100,100019,100,99706,100,100035,100,99637,100,100046,100,99522,100,100053,100,99506,100,100063,100,99445,100,100071,100,99300,100,100160,100,99238,100
2019-06-28 09:44:48.236833770,99986,682,99828,782,100001,100,99723,100,100019,100,99713,100,100035,100,99706,100,100046,100,99637,100,100053,100,99522,100,100063,100,99506,100,100071,100,99445,100,100160,100,99300,100,100548,100,99238,100
2019-06-28 09:44:50.000000000,99986,320,99828,420,100001,220,99723,220,100019,220,99713,220,100035,220,99706,220,100046,100,99637,100,100053,100,99522,100,100063,100,99506,100,100071,100,99445,100,100160,100,99300,100,100548,100,99238,100
2019-06-28 09:44:53.037341342,99986,320,99880,100,100001,220,99828,420,100019,220,99723,220,100035,220,99713,220,100046,100,99706,220,100053,100,99637,100,100063,100,99522,100,100071,100,99506,100,100160,100,99445,100,100548,100,99300,100
2019-06-28 09:44:53.916165773,99986,320,99880,200,100001,220,99828,420,100019,220,99723,220,100035,220,99713,220,100046,100,99706,220,100053,100,99637,100,100063,100,99522,100,100071,100,99506,100,100160,100,99445,100,100548,100,99300,100
2019-06-28 09:45:00.000000000,99986,320,99880,320,100001,220,99828,420,100019,220,99723,220,100035,220,99713,220,100046,100,99706,100,100053,100,99637,100,100063,100,99522,100,100071,100,99506,100,100160,100,99445,100,100548,100,99300,100
2019-06-28 09:45:09.449876513,99986,320,99880,420,100001,220,99828,420,100019,220,99723,220,100035,220,99713,220,100046,100,99706,100,100053,100,99637,100,100063,100,99522,100,100071,100,99506,100,100160,100,99445,100,100548,100,99300,100
2019-06-28 09:45:10.000000000,99986,682,99880,782,100001,100,99828,300,100019,100,99723,100,100035,100,99713,100,100046,100,99706,100,100053,100,99637,100,100063,100,99522,100,100071,100,99506,100,100160,100,99445,100,100548,100,99300,100
2019-06-28 09:45:20.000000000,99986,320,99880,420,100001,220,99828,420,100019,220,99723,220,100035,220,99713,220,100046,100,99706,100,100053,100,99637,100,100063,100,99522,100,100071,100,99506,100,100160,100,99445,100,100548,100,99300,100
2019-06-28 09:45:24.309462787,99986,320,99880,420,100001,220,99828,420,100019,220,99723,220,100035,220,99713,220,100046,100,99706,100,100053,100,99637,100,100063,100,99522,100,100071,100,99506,100,100160,100,99445,100,100330,100,99300,100
2019-06-28 09:45:30.000000000,99986,320,99880,420,100001,220,99828,420,100019,220,99723,220,100035,220,99713,220,100046,100,99706,100,100053,100,99637,100,100063,100,99522,100,100071,100,99506,100,100160,100,99445,100,100330,100,99300,100
2019-06-28 09:45:39.646236232,99986,320,99880,420,100001,220,99828,420,100019,220,99723,220,100035,220,99713,220,100046,100,99706,100,100053,100,99637,100,100063,100,99522,100,100071,100,99506,100,100160,100,99445,100,100330,100,99300,100
2019-06-28 09:45:40.000000000,99986,441,99880,541,100001,341,99828,541,100019,100,99723,100,100035,100,99713,100,100046,100,99706,100,100053,100,99637,100,100063,100,99522,100,100071,100,99506,100,100160,100,99445,100,100330,100,99300,100
2019-06-28 09:45:49.944830347,99986,441,99880,541,100001,341,99828,541,100019,100,99723,100,100035,100,99713,100,100046,100,99706,100,100053,100,99637,100,100063,100,99522,100,100071,100,99506,100,100160,100,99445,100,100316,100,99300,100
2019-06-28 09:45:50.000000000,99986,682,99880,782,100001,100,99828,300,100019,100,99723,100,100035,100,99713,100,100046,100,99706,100,100053,100,99637,100,100063,100,99522,100,100071,100,99506,100,100160,100,99445,100,100316,100,99300,100
2019-06-28 09:46:00.000000000,99986,296,99880,396,100001,196,99828,396,100019,196,99723,196,100035,196,99713,196,100046,196,99706,196,100053,100,99637,100,100063,100,99522,100,100071,100,99506,100,100160,100,99445,100,100316,100,99300,100
2019-06-28 09:46:03.513117079,99986,196,99880,396,100001,196,99828,396,100019,196,99723,196,100035,196,99713,196,100046,196,99706,196,100053,100,99637,100,100063,100,99522,100,100071,100,99506,100,100160,100,99445,100,100316,100,99300,100
2019-06-28 09:46:05.672951013,99986,196,99880,396,100001,196,99828,296,100019,196,99723,196,100035,196,99713,196,100046,196,99706,196,100053,100,99637,100,100063,100,99522,100,100071,100,99506,100,100160,100,99445,100,100316,100,99300,100
2019-06-28 09:46:06.749371775,99986,96,99880,396,100001,196,99828,296,100019,196,99723,196,100035,196,99713,196,100046,196,99706,196,100053,100,99637,100,100063,100,99522,100,100071,100,99506,100,100160,100,99445,100,100316,100,99300,100
2019-06-28 09:46:07.910934119,99986,96,99928,100,100001,196,99880,396,100019,196,99828,296,100035,196,99723,196,100046,196,99713,196,100063,100,99706,196,100071,100,99637,100,100160,100,99522,100,100316,100,99506,100,100330,100,99445,100
2019-06-28 09:46:10.000000000,100001,341,99928,341,100019,341,99880,541,100035,100,99828,200,100046,100,99723,100,100063,100,99713,100,100071,100,99706,100,100160,100,99637,100,100316,100,99522,100,100330,100,99506,100,100548,100,99445,100
2019-06-28 09:46:20.000000000,100001,196,99928,196,100019,196,99880,396,100035,196,99828,296,100046,196,99723,196,100063,196,99713,196,100071,100,99706,100,100160,100,99637,100,100316,100,99522,100,100330,100,99506,100,100548,100,99445,100
2019-06-28 09:46:30.000000000,100001,220,99928,220,100019,220,99880,420,100035,220,99828,320,100046,220,99723,220,100063,100,99713,100,100071,100,99706,100,100160,100,99637,100,100316,100,99522,100,100330,100,99506,100,100548,100,99445,100
2019-06-28 09:46:40.000000000,100001,196,99928,196,100019,196,99880,396,100035,196,99828,296,100046,196,99723,196,100063,196,99713,196,100071,100,99706,100,100160,100,99637,100,100316,100,99522,100,100330,100,99506,100,100548,100,99445,100
2019-06-28 09:46:41.814644148,100001,196,99928,196,100019,196,99880,396,100035,196,99828,296,100046,196,99723,196,100063,196,99713,196,100071,100,99706,100,100160,100,99637,100,100300,100,99522,100,100316,100,99506,100,100330,100,99445,100
2019-06-28 09:46:45.229080969,100001,196,99928,196,100019,196,99880,296,100035,196,99828,296,100046,196,99723,196,100063,196,99713,196,100071,100,99706,100,100160,100,99637,100,100300,100,99522,100,100316,100,99506,100,100330,100,99445,100
2019-06-28 09:46:50.000000000,100001,220,99928,220,100019,220,99880,320,100035,220,99828,320,100046,220,99723,220,100063,100,99713,100,100071,100,99706,100,100160,100,99637,100,100300,100,99522,100,100316,100,99506,100,100330,100,99445,100
2019-06-28 09:47:00.000000000,100001,582,99928,582,100019,100,99880,200,100035,100,99828,200,100046,100,99723,100,100063,100,99713,100,100071,100,99706,100,100160,100,99637,100,100300,100,99522,100,100316,100,99506,100,100330,100,99445,100
2019-06-28 09:47:01.503458298,100001,482,99928,582,100019,100,99880,200,100035,100,99828,200,100046,100,99723,100,100063,100,99713,100,100071,100,99706,100,100160,100,99637,100,100300,100,99522,100,100316,100,99506,100,100330,100,99445,100
2019-06-28 09:47:02.481071968,100001,482,99928,582,100019,100,99880,200,100025,100,99828,200,100035,100,99723,100,100046,100,99713,100,100063,100,99706,100,100071,100,99522,100,100160,100,99506,100,100300,100,99445,100,100316,100,99300,100
2019-06-28 09:47:10.000000000,100019,341,99928,341,100025,341,99880,441,100035,100,99828,200,100046,100,99723,100,100063,100,99713,100,100071,100,99706,100,100160,100,99522,100,100300,100,99506,100,100316,100,99445,100,100330,100,99300,100
2019-06-28 09:47:20.000000000,100019,582,99928,582,100025,100,99880,200,100035,100,99828,200,100046,100,99723,100,100063,100,99713,100,100071,100,99706,100,100160,100,99522,100,100300,100,99506,100,100316,100,99445,100,100330,100,99300,100
2019-06-28 09:47:24.632739476,100019,482,99928,582,100025,100,99880,200,100035,100,99828,200,100046,100,99723,100,100063,100,99713,100,100071,100,99706,100,100160,100,99522,100,100300,100,99506,100,100316,100,99445,100,100330,100,99238,100
2019-06-28 09:47:30.000000000,100025,582,99928,582,100035,100,99880,200,100046,100,99828,200,100063,100,99723,100,100071,100,99713,100,100160,100,99706,100,100300,100,99522,100,100316,100,99506,100,100330,100,99445,100,100548,100,99238,100
2019-06-28 09:47:31.438865799,100025,582,99928,582,100035,100,99880,200,100046,100,99828,200,100063,100,99723,100,100071,100,99713,100,100160,100,99706,100,100300,100,99522,100,100316,100,99506,100,100324,100,99445,100,100330,100,99238,100
2019-06-28 09:47:32.781533020,100025,582,100001,100,100035,100,99928,582,100046,100,99880,200,100063,100,99828,200,100071,100,99723,100,100160,100,99713,100,100300,100,99706,100,100316,100,99522,100,100324,100,99506,100,100330,100,99445,100
2019-06-28 09:47:40.000000000,100025,264,100001,264,100035,259,99928,259,100046,259,99880,359,100063,100,99828,200,100071,100,99723,100,100160,100,99713,100,100300,100,99706,100,100316,100,99522,100,100324,100,99506,100,100330,100,99445,100
2019-06-28 09:47:50.000000000,100025,341,100001,341,100035,341,99928,341,100046,100,99880,200,100063,100,99828,200,100071,100,99723,100,100160,100,99713,100,100300,100,99706,100,100316,100,99522,100,100324,100,99506,100,100330,100,99445,100
2019-06-28 09:47:58.046210035,100025,241,100001,341,100035,341,99928,341,100046,100,99880,200,100063,100,99828,200,100071,100,99723,100,100160,100,99713,100,100300,100,99706,100,100316,100,99522,100,100324,100,99506,100,100330,100,99445,100
2019-06-28 09:48:00.000000000,100035,582,100001,582,100046,100,99928,100,100063,100,99880,200,100071,100,99828,200,100160,100,99723,100,100300,100,99713,100,100316,100,99706,100,100324,100,99522,100,100330,100,99506,100,100548,100,99445,100
2019-06-28 09:48:07.603833469,100035,582,100001,582,100046,100,99928,100,100063,100,99880,200,100071,100,99828,200,100160,100,99723,100,100300,100,99713,100,100316,100,99706,100,100324,100,99522,100,100330,100,99506,100,100518,100,99445,100
2019-06-28 09:48:10.000000000,100035,196,100001,196,100046,196,99928,196,100063,196,99880,296,100071,196,99828,296,100160,196,99723,196,100300,100,99713,100,100316,100,99706,100,100324,100,99522,100,100330,100,99506,100,100518,100,99445,100
2019-06-28 09:48:20.000000000,100035,341,100001,341,100046,341,99928,341,100063,100,99880,200,100071,100,99828,200,100160,100,99723,100,100300,100,99713,100,100316,100,99706,100,100324,100,99522,100,100330,100,99506,100,100518,100,99445,100
2019-06-28 09:48:25.910778265,100035,241,100001,341,100046,341,99928,341,100063,100,99880,200,100071,100,99828,200,100160,100,99723,100,100300,100,99713,100,100316,100,99706,100,100324,100,99522,100,100330,100,99506,100,100518,100,99445,100
2019-06-28 09:48:30.000000000,100046,264,100001,264,100063,259,99928,259,100071,259,99880,359,100160,100,99828,200,100300,100,99723,100,100316,100,99713,100,100324,100,99706,100,100330,100,99522,100,100518,100,99506,100,100548,100,99445,100
2019-06-28 09:48:40.000000000,100046,196,100001,196,100063,196,99928,196,100071,196,99880,296,100160,196,99828,296,100300,196,99723,196,100316,100,99713,100,100324,100,99706,100,100330,100,99522,100,100518,100,99506,100,100548,100,99445,100
2019-06-28 09:48:50.000000000,100046,196,100001,196,100063,196,99928,196,100071,196,99880,296,100160,196,99828,296,100300,196,99723,196,100316,100,99713,100,100324,100,99706,100,100330,100,99522,100,100518,100,99506,100,100548,100,99445,100
2019-06-28 09:49:00.000000000,100046,264,100001,264,100063,259,99928,259,100071,259,99880,359,100160,100,99828,200,100300,100,99723,100,100316,100,99713,100,100324,100,99706,100,100330,100,99522,100,100518,100,99506,100,100548,100,99445,100
2019-06-28 09:49:08.166111609,100046,264,100001,264,100063,259,99999,100,100071,259,99928,259,100160,100,99880,359,100300,100,99828,200,100316,100,99723,100,100324,100,99713,100,100330,100,99706,100,100518,100,99522,100,100548,100,99506,100
2019-06-28 09:49:10.000000000,100046,264,100001,264,100063,259,99999,259,100071,259,99928,259,100160,100,99880,200,100300,100,99828,200,100316,100,99723,100,100324,100,99713,100,100330,100,99706,100,100518,100,99522,100,100548,100,99506,100
2019-06-28 09:49:20.000000000,100046,341,100001,341,100063,341,99999,341,100071,100,99928,100,100160,100,99880,200,100300,100,99828,200,100316,100,99723,100,100324,100,99713,100,100330,100,99706,100,100518,100,99522,100,100548,100,99506,100
2019-06-28 09:49:20.300911751,100046,241,100001,341,100063,341,99999,341,100071,100,99928,100,100160,100,99880,200,100300,100,99828,200,100316,100,99723,100,100324,100,99713,100,100330,100,99706,100,100518,100,99522,100,100548,100,99506,100
2019-06-28 09:49:30.000000000,100063,341,100001,341,100071,341,99999,341,100160,100,99928,100,100300,100,99880,200,100316,100,99828,200,100324,100,99723,100,100330,100,99713,100,100518,100,99706,100,100548,100,99522,100,,,99506,100
2019-06-28 09:49:40.000000000,100063,220,100001,220,100071,220,99999,220,100160,220,99928,220,100300,220,99880,320,100316,100,99828,200,100324,100,99723,100,100330,100,99713,100,100518,100,99706,100,100548,100,99522,100,,,99506,100
2019-06-28 09:49:50.000000000,100063,220,100001,220,100071,220,99999,220,100160,220,99928,220,100300,220,99880,320,100316,100,99828,200,100324,100,99723,100,100330,100,99713,100,100518,100,99706,100,100548,100,99522,100,,,99506,100
2019-06-28 09:49:56.773544125,100063,220,100001,220,100071,220,99999,220,100084,100,99928,220,100160,220,99880,320,100300,220,99828,200,100316,100,99723,100,100324,100,99713,100,100330,100,99706,100,100518,100,99522,100,100548,100,99506,100
2019-06-28 09:50:00.000000000,100063,582,100001,582,100071,100,99999,100,100084,100,99928,100,100160,100,99880,200,100300,100,99828,200,100316,100,99723,100,100324,100,99713,100,100330,100,99706,100,100518,100,99522,100,100548,100,99506,100
2019-06-28 09:50:10.000000000,100063,264,100001,264,100071,259,99999,259,100084,259,99928,259,100160,100,99880,200,100300,100,99828,200,100316,100,99723,100,100324,100,99713,100,100330,100,99706,100,100518,100,99522,100,100548,100,99506,100
2019-06-28 09:50:13.186361884,100063,264,100001,264,100071,159,99999,259,100084,259,99928,259,100160,100,99880,200,100190,100,99828,200,100300,100,99723,100,100316,100,99713,100,100324,100,99706,100,100330,100,99522,100,100518,100,99506,100
2019-06-28 09:50:19.817183883,100063,164,100001,264,100071,159,99999,259,100084,259,99928,259,100160,100,99880,200,100190,100,99828,200,100300,100,99723,100,100316,100,99713,100,100324,100,99706,100,100330,100,99522,100,100518,100,99506,100
2019-06-28 09:50:20.000000000,100084,220,100001,220,100160,220,99999,220,100190,220,99928,220,100300,220,99880,320,100316,100,99828,200,100324,100,99723,100,100330,100,99713,100,100518,100,99706,100,100548,100,99522,100,,,99506,100
2019-06-28 09:50:24.211855460,100084,220,100059,100,100160,220,100001,220,100190,220,99999,220,100300,220,99928,220,100316,100,99880,320,100324,100,99828,200,100330,100,99723,100,100518,100,99706,100,100548,100,99522,100,,,99506,100
2019-06-28 09:50:30.000000000,100084,264,100059,264,100160,259,100001,259,100190,259,99999,259,100300,100,99928,100,100316,100,99880,200,100324,100,99828,200,100330,100,99723,100,100518,100,99706,100,100548,100,99522,100,,,99506,100
2019-06-28 09:50:35.696961957,100084,264,100059,264,100160,259,100001,259,100190,259,99999,259,100207,100,99928,100,100300,100,99880,200,100316,100,99828,200,100324,100,99723,100,100330,100,99706,100,100518,100,99522,100,100548,100,99506,100
2019-06-28 09:50:40.000000000,100084,264,100059,264,100160,259,100001,259,100190,259,99999,259,100207,100,99928,100,100300,100,99880,200,100316,100,99828,200,100324,100,99723,100,100330,100,99706,100,100518,100,99522,100,100548,100,99506,100
2019-06-28 09:50:47.305031384,100084,264,100059,264,100160,259,100001,259,100190,259,99999,259,100207,100,99932,100,100300,100,99928,100,100316,100,99880,200,100324,100,99828,200,100330,100,99723,100,100518,100,99706,100,100548,100,99522,100
2019-06-28 09:50:50.000000000,100084,341,100059,341,100160,341,100001,341,100190,100,99999,100,100207,100,99932,100,100300,100,99928,100,100316,100,99880,200,100324,100,99828,200,100330,100,99723,100,100518,100,99706,100,100548,100,99522,100
2019-06-28 09:50:53.613128192,100084,341,100059,241,100160,341,100001,341,100190,100,99999,100,100207,100,99932,100,100300,100,99928,100,100316,100,99880,200,100324,100,99828,200,100330,100,99723,100,100518,100,99706,100,100548,100,99522,100
2019-06-28 09:51:00.000000000,100084,264,100001,264,100160,259,99999,259,100190,259,99932,259,100207,100,99928,100,100300,100,99880,200,100316,100,99828,200,100324,100,99723,100,100330,100,99706,100,100518,100,99522,100,100548,100,99506,100
2019-06-28 09:51:00.706840153,100062,100,100001,264,100084,264,99999,259,100160,259,99932,259,100190,259,99928,100,100207,100,99880,200,100300,100,99828,200,100316,100,99723,100,100324,100,99706,100,100330,100,99522,100,100518,100,99506,100
2019-06-28 09:51:10.000000000,100062,220,100001,220,100084,220,99999,220,100160,220,99932,220,100190,220,99928,220,100207,100,99880,200,100300,100,99828,200,100316,100,99723,100,100324,100,99706,100,100330,100,99522,100,100518,100,99506,100
2019-06-28 09:51:17.759492126,100062,220,100001,220,100084,220,99999,220,100160,220,99970,100,100190,220,99932,220,100207,100,99928,220,100300,100,99880,200,100316,100,99828,200,100324,100,99723,100,100330,100,99706,100,100518,100,99522,100
2019-06-28 09:51:20.000000000,100062,196,100001,196,100084,196,99999,196,100160,196,99970,196,100190,196,99932,196,100207,196,99928,196,100300,100,99880,200,100316,100,99828,200,100324,100,99723,100,100330,100,99706,100,100518,100,99522,100
2019-06-28 09:51:30.000000000,100062,196,100001,196,100084,196,99999,196,100160,196,99970,196,100190,196,99932,196,100207,196,99928,196,100300,100,99880,200,100316,100,99828,200,100324,100,99723,100,100330,100,99706,100,100518,100,99522,100
2019-06-28 09:51:40.000000000,100062,341,100001,341,100084,341,99999,341,100160,100,99970,100,100190,100,99932,100,100207,100,99928,100,100300,100,99880,200,100316,100,99828,200,100324,100,99723,100,100330,100,99706,100,100518,100,99522,100
2019-06-28 09:51:41.356904080,100031,100,100001,341,100062,341,99999,341,100084,341,99970,100,100160,100,99932,100,100190,100,99880,200,100207,100,99828,200,100300,100,99723,100,100316,100,99706,100,100324,100,99522,100,100330,100,99506,100
2019-06-28 09:51:41.479070572,100031,100,100001,341,100062,341,99999,341,100084,341,99970,100,100190,100,99932,100,100207,100,99925,100,100300,100,99880,200,100316,100,99828,200,100324,100,99723,100,100330,100,99706,100,100518,100,99522,100
2019-06-28 09:51:50.000000000,100031,220,100001,220,100062,220,99999,220,100084,220,99970,220,100190,220,99932,220,100207,100,99925,100,100300,100,99880,200,100316,100,99828,200,100324,100,99723,100,100330,100,99706,100,100518,100,99522,100
2019-06-28 09:52:00.000000000,100031,341,100001,341,100062,341,99999,341,100084,100,99970,100,100190,100,99932,100,100207,100,99925,100,100300,100,99880,200,100316,100,99828,200,100324,100,99723,100,100330,100,99706,100,100518,100,99522,100
2019-06-28 09:52:10.000000000,100031,341,100001,341,100062,341,99999,341,100084,100,99970,100,100190,100,99932,100,100207,100,99925,100,100300,100,99880,200,100316,100,99828,200,100324,100,99723,100,100330,100,99706,100,100518,100,99522,100
2019-06-28 09:52:20.000000000,100031,582,100001,582,100062,100,99999,100,100084,100,99970,100,100190,100,99932,100,100207,100,99925,100,100300,100,99880,200,100316,100,99828,200,100324,100,99723,100,100330,100,99706,100,100518,100,99522,100
2019-06-28 09:52:23.721625544,100031,582,100001,582,100062,100,99999,100,100084,100,99970,100,100190,100,99925,100,100207,100,99880,200,100300,100,99828,200,100316,100,99783,100,100324,100,99723,100,100330,100,99706,100,100518,100,99522,100
2019-06-28 09:52:27.952608479,100031,582,100001,582,100062,100,99999,100,100084,100,99970,100,100190,100,99925,100,100207,100,99880,200,100300,100,99828,200,100324,100,99783,100,100330,100,99723,100,100518,100,99706,100,100548,100,99665,100
2019-06-28 09:52:30.000000000,100031,196,100001,196,100062,196,99999,196,100084,196,99970,196,100190,196,99925,196,100207,196,99880,296,100300,100,99828,200,100324,100,99783,100,100330,100,99723,100,100518,100,99706,100,100548,100,99665,100
2019-06-28 09:52:30.865246030,100031,196,100001,96,100062,196,99999,196,100084,196,99970,196,100190,196,99925,196,100207,196,99880,296,100300,100,99828,200,100324,100,99783,100,100518,100,99723,100,100548,100,99706,100,,,99665,100
2019-06-28 09:52:40.000000000,100031,264,99999,264,100062,259,99970,259,100084,259,99925,259,100190,100,99880,200,100207,100,99828,200,100300,100,99783,100,100324,100,99723,100,100518,100,99706,100,100548,100,99665,100,,,99522,100
2019-06-28 09:52:45.476783744,100031,264,100002,100,100062,259,99999,264,100084,259,99970,259,100190,100,99925,259,100207,100,99880,200,100300,100,99828,100,100324,100,99783,100,100518,100,99723,100,100548,100,99706,100,,,99665,100
2019-06-28 09:52:47.412443186,100031,264,100002,100,100062,259,99999,264,100084,259,99970,259,100190,100,99925,259,100207,100,99880,200,100300,100,99855,100,100324,100,99828,100,100518,100,99783,100,100548,100,99723,100,,,99706,100
2019-06-28 09:52:50.000000000,100031,220,100002,220,100062,220,99999,220,100084,220,99970,220,100190,220,99925,220,100207,100,99880,200,100300,100,99855,100,100324,100,99828,100,100518,100,99783,100,100548,100,99723,100,,,99706,100
2019-06-28 09:52:50.413231686,100031,220,100002,220,100062,220,99999,220,100084,220,99970,220,100190,220,99925,220,100207,100,99923,100,100300,100,99880,200,100324,100,99855,100,100518,100,99828,100,100548,100,99783,100,,,99723,100
2019-06-28 09:53:00.000000000,100031,264,100002,264,100062,259,99999,259,100084,259,99970,259,100190,100,99925,100,100207,100,99923,100,100300,100,99880,200,100324,100,99855,100,100518,100,99828,100,100548,100,99783,100,,,99723,100
2019-06-28 09:53:10.000000000,100031,264,100002,264,100062,259,99999,259,100084,259,99970,259,100190,100,99925,100,100207,100,99923,100,100300,100,99880,200,100324,100,99855,100,100518,100,99828,100,100548,100,99783,100,,,99723,100
2019-06-28 09:53:14.846591528,100031,264,100002,264,100062,259,99999,259,100084,259,99970,259,100190,100,99925,100,100207,100,99923,100,100300,100,99880,200,100324,100,99855,100,100348,100,99828,100,100518,100,99783,100,100548,100,99723,100
2019-06-28 09:53:20.000000000,100031,341,100002,341,100062,341,99999,341,100084,100,99970,100,100190,100,99925,100,100207,100,99923,100,100300,100,99880,200,100324,100,99855,100,100348,100,99828,100,100518,100,99783,100,100548,100,99723,100
2019-06-28 09:53:26.696638282,100031,241,100002,341,100062,341,99999,341,100084,100,99970,100,100190,100,99925,100,100207,100,99923,100,100300,100,99880,200,100324,100,99855,100,100348,100,99828,100,100518,100,99783,100,100548,100,99723,100
2019-06-28 09:53:30.000000000,100062,264,100002,264,100084,259,99999,259,100190,259,99970,259,100207,100,99925,100,100300,100,99923,100,100324,100,99880,200,100348,100,99855,100,100518,100,99828,100,100548,100,99783,100,,,99723,100
2019-06-28 09:53:40.000000000,100062,582,100002,582,100084,100,99999,100,100190,100,99970,100,100207,100,99925,100,100300,100,99923,100,100324,100,99880,200,100348,100,99855,100,100518,100,99828,100,100548,100,99783,100,,,99723,100
2019-06-28 09:53:50.000000000,100062,196,100002,196,100084,196,99999,196,100190,196,99970,196,100207,196,99925,196,100300,196,99923,196,100324,100,99880,200,100348,100,99855,100,100518,100,99828,100,100548,100,99783,100,,,99723,100
2019-06-28 09:53:58.605744639,100062,196,100002,196,100084,196,99999,196,100190,196,99970,196,100207,96,99925,196,100300,196,99923,196,100324,100,99880,200,100348,100,99855,100,100518,100,99828,100,100548,100,99783,100,100578,100,99723,100
2019-06-28 09:54:00.000000000,100062,220,100002,220,100084,220,99999,220,100190,220,99970,220,100300,220,99925,220,100324,100,99923,100,100348,100,99880,200,100518,100,99855,100,100548,100,99828,100,100578,100,99783,100,,,99723,100
2019-06-28 09:54:10.000000000,100062,341,100002,341,100084,341,99999,341,100190,100,99970,100,100300,100,99925,100,100324,100,99923,100,100348,100,99880,200,100518,100,99855,100,100548,100,99828,100,100578,100,99783,100,,,99723,100
2019-06-28 09:54:14.234360860,100062,341,100002,341,100084,341,99999,341,100190,100,99970,100,100300,100,99925,100,100324,100,99923,100,100348,100,99880,200,100432,100,99855,100,100518,100,99828,100,100548,100,99783,100,100578,100,99723,100
2019-06-28 09:54:20.000000000,100062,220,100002,220,100084,220,99999,220,100190,220,99970,220,100300,220,99925,220,100324,100,99923,100,100348,100,99880,200,100432,100,99855,100,100518,100,99828,100,100548,100,99783,100,100578,100,99723,100
2019-06-28 09:54:30.000000000,100062,341,100002,341,100084,341,99999,341,100190,100,99970,100,100300,100,99925,100,100324,100,99923,100,100348,100,99880,200,100432,100,99855,100,100518,100,99828,100,100548,100,99783,100,100578,100,99723,100
2019-06-28 09:54:40.000000000,100062,341,100002,341,100084,341,99999,341,100190,100,99970,100,100300,100,99925,100,100324,100,99923,100,100348,100,99880,200,100432,100,99855,100,100518,100,99828,100,100548,100,99783,100,100578,100,99723,100
2019-06-28 09:54:42.876012972,100062,241,100002,341,100084,341,99999,341,100190,100,99970,100,100300,100,99925,100,100348,100,99923,100,100432,100,99880,200,100518,100,99855,100,100548,100,99828,100,100578,100,99783,100,,,99723,100
2019-06-28 09:54:44.449270520,100062,241,100031,100,100084,341,100002,341,100190,100,99999,341,100300,100,99970,100,100348,100,99925,100,100432,100,99923,100,100518,100,99880,200,100548,100,99855,100,100578,100,99828,100,,,99783,100
2019-06-28 09:54:50.000000000,100084,582,100031,582,100190,100,100002,100,100300,100,99999,100,100348,100,99970,100,100432,100,99925,100,100518,100,99923,100,100548,100,99880,200,100578,100,99855,100,,,99828,100,,,99783,100
2019-06-28 09:54:53.896128363,100084,582,100031,582,100197,100,100002,100,100300,100,99999,100,100348,100,99970,100,100432,100,99925,100,100518,100,99923,100,100548,100,99880,200,100578,100,99855,100,,,99828,100,,,99783,100
2019-06-28 09:54:55.534506114,100084,482,100031,582,100197,100,100002,100,100300,100,99999,100,100348,100,99970,100,100432,100,99925,100,100518,100,99923,100,100548,100,99880,200,100578,100,99855,100,,,99828,100,,,99783,100
2019-06-28 09:55:00.000000000,100197,582,100031,582,100300,100,100002,100,100348,100,99999,100,100432,100,99970,100,100518,100,99925,100,100548,100,99923,100,100578,100,99880,200,,,99855,100,,,99828,100,,,99783,100
2019-06-28 09:55:10.000000000,100197,341,100031,341,100300,341,100002,341,100348,100,99999,100,100432,100,99970,100,100518,100,99925,100,100548,100,99923,100,100578,100,99880,200,,,99855,100,,,99828,100,,,99783,100
2019-06-28 09:55:20.000000000,100197,341,100031,341,100300,341,100002,341,100348,100,99999,100,100432,100,99970,100,100518,100,99925,100,100548,100,99923,100,100578,100,99880,200,,,99855,100,,,99828,100,,,99783,100
2019-06-28 09:55:30.000000000,100197,196,100031,196,100300,196,100002,196,100348,196,99999,196,100432,196,99970,196,100518,196,99925,196,100548,100,99923,100,100578,100,99880,200,,,99855,100,,,99828,100,,,99783,100
2019-06-28 09:55:38.132862431,100197,196,100031,196,100300,196,100002,196,100348,196,99999,196,100432,196,99970,196,100518,196,99925,196,100548,100,99923,100,100578,100,99897,100,,,99880,200,,,99828,100,,,99783,100
2019-06-28 09:55:39.187692559,100197,196,100031,196,100240,100,100002,196,100300,196,99999,196,100348,196,99970,196,100432,196,99925,196,100518,196,99923,100,100548,100,99897,100,100578,100,99880,200,,,99828,100,,,99783,100
2019-06-28 09:55:40.000000000,100197,220,100031,220,100240,220,100002,220,100300,220,99999,220,100348,220,99970,220,100432,100,99925,100,100518,100,99923,100,100548,100,99897,100,100578,100,99880,200,,,99828,100,,,99783,100
2019-06-28 09:55:50.000000000,100197,264,100031,264,100240,259,100002,259,100300,259,99999,259,100348,100,99970,100,100432,100,99925,100,100518,100,99923,100,100548,100,99897,100,100578,100,99880,200,,,99828,100,,,99783,100
2019-06-28 09:55:58.956676670,100197,264,100031,264,100240,259,100002,259,100300,259,99999,259,100348,100,99970,100,100432,100,99925,100,100518,100,99923,100,100548,100,99897,100,100578,100,99880,100,,,99828,100,,,99783,100
2019-06-28 09:56:00.000000000,100197,264,100031,264,100240,259,100002,259,100300,259,99999,259,100348,100,99970,100,100432,100,99925,100,100518,100,99923,100,100548,100,99897,100,100578,100,99880,100,,,99828,100,,,99783,100
2019-06-28 09:56:03.650214168,100197,264,100126,100,100240,259,100031,264,100300,259,100002,259,100348,100,99999,259,100432,100,99970,100,100518,100,99925,100,100548,100,99897,100,100578,100,99880,100,,,99828,100,,,99783,100
2019-06-28 09:56:10.000000000,100197,582,100126,582,100240,100,100031,100,100300,100,100002,100,100348,100,99999,100,100432,100,99970,100,100518,100,99925,100,100548,100,99897,100,100578,100,99880,100,,,99828,100,,,99783,100
2019-06-28 09:56:20.000000000,100197,582,100126,582,100240,100,100031,100,100300,100,100002,100,100348,100,99999,100,100432,100,99970,100,100518,100,99925,100,100548,100,99897,100,100578,100,99880,100,,,99828,100,,,99783,100
2019-06-28 09:56:30.000000000,100197,341,100126,341,100240,341,100031,341,100300,100,100002,100,100348,100,99999,100,100432,100,99970,100,100518,100,99925,100,100548,100,99897,100,100578,100,99880,100,,,99828,100,,,99783,100
2019-06-28 09:56:40.000000000,100197,341,100126,341,100240,341,100031,341,100300,100,100002,100,100348,100,99999,100,100432,100,99970,100,100518,100,99925,100,100548,100,99897,100,100578,100,99880,100,,,99828,100,,,99783,100
2019-06-28 09:56:50.000000000,100197,264,100126,264,100240,259,100031,259,100300,259,100002,259,100348,100,99999,100,100432,100,99970,100,100518,100,99925,100,100548,100,99897,100,100578,100,99880,100,,,99828,100,,,99783,100
2019-06-28 09:56:57.878525206,100197,264,100126,164,100240,259,100031,259,100300,259,100002,259,100348,100,99999,100,100432,100,99970,100,100518,100,99925,100,100548,100,99897,100,100578,100,99880,100,,,99828,100,,,99783,100
2019-06-28 09:57:00.000000000,100197,220,100031,220,100240,220,100002,220,100300,220,99999,220,100348,220,99970,220,100432,100,99925,100,100518,100,99897,100,100548,100,99880,100,100578,100,99828,100,,,99783,100,,,99723,100
2019-06-28 09:57:10.000000000,100197,220,100031,220,100240,220,100002,220,100300,220,99999,220,100348,220,99970,220,100432,100,99925,100,100518,100,99897,100,100548,100,99880,100,100578,100,99828,100,,,99783,100,,,99723,100
2019-06-28 09:57:20.000000000,100197,220,100031,220,100240,220,100002,220,100300,220,99999,220,100348,220,99970,220,100432,100,99925,100,100518,100,99897,100,100548,100,99880,100,100578,100,99828,100,,,99783,100,,,99723,100
2019-06-28 09:57:22.942663324,100197,220,100031,220,100240,220,100002,220,100300,220,99999,220,100348,220,99970,220,100432,100,99939,100,100518,100,99925,100,100548,100,99897,100,,,99880,100,,,99828,100,,,99783,100
2019-06-28 09:57:26.734776874,100197,220,100031,220,100240,220,100002,220,100300,220,99999,220,100348,220,99970,220,100432,100,99939,100,100518,100,99925,100,100548,100,99897,100,,,99887,100,,,99880,100,,,99828,100
2019-06-28 09:57:30.000000000,100197,196,100031,196,100240,196,100002,196,100300,196,99999,196,100348,196,99970,196,100432,196,99939,196,100518,100,99925,100,100548,100,99897,100,,,99887,100,,,99880,100,,,99828,100
2019-06-28 09:57:33.391625078,100049,100,100031,196,100197,196,100002,196,100240,196,99999,196,100300,196,99970,196,100348,196,99939,196,100432,196,99925,100,100518,100,99897,100,100548,100,99887,100,,,99880,100,,,99828,100
2019-06-28 09:57:36.568955300,100049,100,100031,196,100197,196,100002,196,100240,196,99999,196,100300,196,99970,196,100348,196,99939,196,100432,196,99925,100,100518,100,99887,100,100548,100,99880,100,,,99828,100,,,99783,100
2019-06-28 09:57:40.000000000,100049,196,100031,196,100197,196,100002,196,100240,196,99999,196,100300,196,99970,196,100348,196,99939,196,100432,100,99925,100,100518,100,99887,100,100548,100,99880,100,,,99828,100,,,99783,100
2019-06-28 09:57:50.000000000,100049,341,100031,341,100197,341,100002,341,100240,100,99999,100,100300,100,99970,100,100348,100,99939,100,100432,100,99925,100,100518,100,99887,100,100548,100,99880,100,,,99828,100,,,99783,100
2019-06-28 09:58:00.000000000,100049,341,100031,341,100197,341,100002,341,100240,100,99999,100,100300,100,99970,100,100348,100,99939,100,100432,100,99925,100,100518,100,99887,100,100548,100,99880,100,,,99828,100,,,99783,100
2019-06-28 09:58:10.000000000,100049,220,100031,220,100197,220,100002,220,100240,220,99999,220,100300,220,99970,220,100348,100,99939,100,100432,100,99925,100,100518,100,99887,100,100548,100,99880,100,,,99828,100,,,99783,100
2019-06-28 09:58:20.000000000,100049,264,100031,264,100197,259,100002,259,100240,259,99999,259,100300,100,99970,100,100348,100,99939,100,100432,100,99925,100,100518,100,99887,100,100548,100,99880,100,,,99828,100,,,99783,100
2019-06-28 09:58:26.251522307,100049,264,100031,164,100197,259,100002,259,100240,259,99999,259,100300,100,99970,100,100348,100,99939,100,100432,100,99925,100,100518,100,99887,100,100548,100,99880,100,,,99828,100,,,99783,100
2019-06-28 09:58:30.000000000,100049,220,100002,220,100197,220,99999,220,100240,220,99970,220,100300,220,99939,220,100348,100,99925,100,100432,100,99887,100,100518,100,99880,100,100548,100,99828,100,,,99783,100,,,99744,100
2019-06-28 09:58:40.000000000,100049,196,100002,196,100197,196,99999,196,100240,196,99970,196,100300,196,99939,196,100348,196,99925,196,100432,100,99887,100,100518,100,99880,100,100548,100,99828,100,,,99783,100,,,99744,100
2019-06-28 09:58:46.274102073,100049,196,100002,196,100197,196,99999,196,100240,196,99970,196,100300,196,99939,196,100348,196,99925,196,100432,100,99887,100,100518,100,99880,100,100548,100,99828,100,,,99783,100,,,99744,100
2019-06-28 09:58:50.000000000,100049,196,100002,196,100197,196,99999,196,100240,196,99970,196,100300,196,99939,196,100348,196,99925,196,100432,100,99887,100,100518,100,99880,100,100548,100,99828,100,,,99783,100,,,99744,100
2019-06-28 09:59:00.000000000,100049,220,100002,220,100197,220,99999,220,100240,220,99970,220,100300,220,99939,220,100348,100,99925,100,100432,100,99887,100,100518,100,99880,100,100548,100,99828,100,,,99783,100,,,99744,100
2019-06-28 09:59:04.048408264,100049,220,100002,120,100197,220,99999,220,100240,220,99970,220,100300,220,99939,220,100348,100,99925,100,100432,100,99887,100,100518,100,99880,100,,,99828,100,,,99783,100,,,99744,100
2019-06-28 09:59:10.000000000,100049,341,99999,341,100197,341,99970,341,100240,100,99939,100,100300,100,99925,100,100348,100,99887,100,100432,100,99880,100,100518,100,99828,100,,,99783,100,,,99744,100,,,99723,100
2019-06-28 09:59:11.162017675,100049,341,99999,241,100197,341,99970,341,100240,100,99925,100,100300,100,99887,100,100348,100,99880,100,100432,100,99828,100,100518,100,99783,100,,,99744,100,,,99723,100,,,99706,100
2019-06-28 09:59:11.549611396,100002,100,99999,241,100049,341,99970,341,100197,341,99925,100,100240,100,99887,100,100300,100,99880,100,100348,100,99828,100,100432,100,99783,100,100518,100,99744,100,,,99723,100,,,99706,100
2019-06-28 09:59:20.000000000,100002,196,99970,196,100049,196,99925,196,100197,196,99887,196,100240,196,99880,196,100300,196,99828,196,100348,100,99783,100,100432,100,99744,100,100518,100,99723,100,,,99706,100,,,99522,100
2019-06-28 09:59:30.000000000,100002,264,99970,264,100049,259,99925,259,100197,259,99887,259,100240,100,99880,100,100300,100,99828,100,100348,100,99783,100,100432,100,99744,100,100518,100,99723,100,,,99706,100,,,99522,100
2019-06-28 09:59:31.745467096,100002,264,99970,264,100049,259,99925,259,100197,259,99887,259,100240,100,99880,100,100300,100,99828,100,100348,100,99783,100,100432,100,99723,100,100518,100,99706,100,,,99522,100,,,99487,100
2019-06-28 09:59:40.000000000,100002,264,99970,264,100049,259,99925,259,100197,259,99887,259,100240,100,99880,100,100300,100,99828,100,100348,100,99783,100,100432,100,99723,100,100518,100,99706,100,,,99522,100,,,99487,100
2019-06-28 09:59:41.176154305,100002,264,99970,264,100049,259,99960,100,100197,259,99925,259,100240,100,99887,259,100300,100,99880,100,100348,100,99828,100,100432,100,99783,100,100518,100,99723,100,,,99706,100,,,99522,100
2019-06-28 09:59:41.755325353,100002,364,99970,264,100049,259,99960,100,100197,259,99925,259,100240,100,99887,259,100300,100,99880,100,100348,100,99828,100,100432,100,99783,100,100518,100,99723,100,,,99706,100,,,99522,100
2019-06-28 09:59:43.796426481,100002,364,99970,264,100049,259,99960,100,100197,259,99925,259,100240,100,99887,259,100300,100,99880,100,100348,100,99828,100,100432,100,99783,100,100518,100,99727,100,,,99723,100,,,99706,100
2019-06-28 09:59:48.781177706,100002,464,99970,264,100049,259,99960,100,100197,259,99925,259,100240,100,99887,259,100300,100,99880,100,100348,100,99828,100,100432,100,99783,100,100518,100,99727,100,,,99723,100,,,99706,100
2019-06-28 09:59:50.000000000,100002,396,99970,196,100049,196,99960,196,100197,196,99925,196,100240,196,99887,196,100300,196,99880,196,100348,100,99828,100,100432,100,99783,100,100518,100,99727,100,,,99723,100,,,99706,100
2019-06-28 09:59:57.417312785,100002,396,99970,196,100049,196,99960,196,100080,100,99925,196,100197,196,99887,196,100240,196,99880,196,100300,196,99828,100,100348,100,99783,100,100432,100,99727,100,100518,100,99723,100,,,99706,100
2019-06-28 10:00:00.000000000,100002,420,99970,220,100049,220,99960,220,100080,220,99925,220,100197,220,99887,220,100240,100,99880,100,100300,100,99828,100,100348,100,99783,100,100432,100,99727,100,100518,100,99723,100,,,99706,100
2019-06-28 10:00:07.184231766,100002,220,99970,220,100049,220,99960,220,100080,220,99925,220,100197,220,99887,220,100240,100,99880,100,100300,100,99828,100,100348,100,99783,100,100432,100,99727,100,100518,100,99723,100,,,99706,100
2019-06-28 10:00:10.000000000,100002,582,99970,582,100049,100,99960,100,100080,100,99925,100,100197,100,99887,100,100240,100,99880,100,100300,100,99828,100,100348,100,99783,100,100432,100,99727,100,100518,100,99723,100,,,99706,100
2019-06-28 10:00:20.000000000,100002,582,99970,582,100049,100,99960,100,100080,100,99925,100,100197,100,99887,100,100240,100,99880,100,100300,100,99828,100,100348,100,99783,100,100432,100,99727,100,100518,100,99723,100,,,99706,100
2019-06-28 10:00:24.962931605,100002,582,99970,582,100008,100,99960,100,100049,100,99925,100,100080,100,99880,100,100197,100,99828,100,100240,100,99783,100,100300,100,99727,100,100348,100,99723,100,100432,100,99706,100,100518,100,99522,100
2019-06-28 10:00:30.000000000,100002,220,99970,220,100008,220,99960,220,100049,220,99925,220,100080,220,99880,220,100197,100,99828,100,100240,100,99783,100,100300,100,99727,100,100348,100,99723,100,100432,100,99706,100,100518,100,99522,100
2019-06-28 10:00:40.000000000,100002,264,99970,264,100008,259,99960,259,100049,259,99925,259,100080,100,99880,100,100197,100,99828,100,100240,100,99783,100,100300,100,99727,100,100348,100,99723,100,100432,100,99706,100,100518,100,99522,100
2019-06-28 10:00:50.000000000,100002,220,99970,220,100008,220,99960,220,100049,220,99925,220,100080,220,99880,220,100197,100,99828,100,100240,100,99783,100,100300,100,99727,100,100348,100,99723,100,100432,100,99706,100,100518,100,99522,100
2019-06-28 10:00:53.965412323,100002,220,100000,100,100008,220,99970,220,100049,220,99960,220,100080,220,99925,220,100197,100,99880,120,100240,100,99828,100,100300,100,99783,100,100348,100,99727,100,100432,100,99723,100,100518,100,99706,100
2019-06-28 10:01:00.000000000,100002,220,100000,220,100008,220,99970,220,100049,220,99960,220,100080,220,99925,220,100197,100,99828,100,100240,100,99783,100,100300,100,99727,100,100348,100,99723,100,100432,100,99706,100,100518,100,99522,100
2019-06-28 10:01:06.952586560,100002,220,100000,220,100008,220,99970,220,100049,220,99960,220,100080,220,99925,220,100197,100,99828,100,100227,100,99783,100,100240,100,99727,100,100300,100,99723,100,100348,100,99706,100,100432,100,99522,100
2019-06-28 10:01:10.000000000,100002,264,100000,264,100008,259,99970,259,100049,259,99960,259,100080,100,99925,100,100197,100,99828,100,100227,100,99783,100,100240,100,99727,100,100300,100,99723,100,100348,100,99706,100,100432,100,99522,100
2019-06-28 10:01:19.370576539,100002,264,100000,264,100008,259,99970,259,100049,259,99960,259,100080,100,99925,100,100197,100,99828,100,100200,100,99783,100,100227,100,99727,100,100240,100,99723,100,100300,100,99706,100,100348,100,99522,100
2019-06-28 10:01:20.000000000,100002,582,100000,582,100008,100,99970,100,100049,100,99960,100,100080,100,99925,100,100197,100,99828,100,100200,100,99783,100,100227,100,99727,100,100240,100,99723,100,100300,100,99706,100,100348,100,99522,100
2019-06-28 10:01:20.012480537,100002,582,100000,582,100008,100,99970,100,100049,100,99960,100,100080,100,99925,100,100197,100,99828,100,100200,100,99783,100,100214,100,99723,100,100227,100,99706,100,100240,100,99522,100,100300,100,99487,100
2019-06-28 10:01:30.000000000,100002,196,100000,196,100008,196,99970,196,100049,196,99960,196,100080,196,99925,196,100197,196,99828,196,100200,100,99783,100,100214,100,99723,100,100227,100,99706,100,100240,100,99522,100,100300,100,99487,100
2019-06-28 10:01:40.000000000,100002,582,100000,582,100008,100,99970,100,100049,100,99960,100,100080,100,99925,100,100197,100,99828,100,100200,100,99783,100,100214,100,99723,100,100227,100,99706,100,100240,100,99522,100,100300,100,99487,100
2019-06-28 10:01:50.000000000,100002,264,100000,264,100008,259,99970,259,100049,259,99960,259,100080,100,99925,100,100197,100,99828,100,100200,100,99783,100,100214,100,99723,100,100227,100,99706,100,100240,100,99522,100,100300,100,99487,100
2019-06-28 10:01:52.496774425,100002,164,100000,264,100008,259,99970,259,100049,259,99960,259,100080,100,99925,100,100197,100,99828,100,100200,100,99783,100,100214,100,99723,100,100227,100,99706,100,100240,100,99522,100,100300,100,99487,100
2019-06-28 10:02:00.000000000,100008,220,100000,220,100049,220,99970,220,100080,220,99960,220,100197,220,99925,220,100200,100,99828,100,100214,100,99783,100,100227,100,99723,100,100240,100,99706,100,100300,100,99522,100,100348,100,99487,100
2019-06-28 10:02:10.000000000,100008,196,100000,196,100049,196,99970,196,100080,196,99960,196,100197,196,99925,196,100200,196,99828,196,100214,100,99783,100,100227,100,99723,100,100240,100,99706,100,100300,100,99522,100,100348,100,99487,100
2019-06-28 10:02:10.970152156,100008,196,100002,100,100049,196,100000,96,100080,196,99970,196,100197,196,99960,196,100200,196,99925,196,100214,100,99828,196,100227,100,99783,100,100240,100,99723,100,100300,100,99706,100,100348,100,99522,100
2019-06-28 10:02:20.000000000,100008,264,100002,264,100049,259,99970,259,100080,259,99960,259,100197,100,99925,100,100200,100,99828,100,100214,100,99783,100,100227,100,99723,100,100240,100,99706,100,100300,100,99522,100,100348,100,99487,100
2019-06-28 10:02:27.550140837,100008,164,100002,264,100049,259,99970,259,100080,159,99960,259,100197,100,99925,100,100200,100,99828,100,100214,100,99783,100,100227,100,99723,100,100240,100,99706,100,100300,100,99522,100,100348,100,99487,100
2019-06-28 10:02:30.000000000,100049,341,100002,341,100197,341,99970,341,100200,100,99960,100,100214,100,99925,100,100227,100,99828,100,100240,100,99783,100,100300,100,99723,100,100348,100,99706,100,100432,100,99522,100,100518,100,99487,100
2019-06-28 10:02:36.441123697,100049,341,100002,341,100197,341,99970,341,100200,100,99960,100,100214,100,99828,100,100227,100,99783,100,100240,100,99723,100,100300,100,99706,100,100348,100,99522,100,100432,100,99487,100,100518,100,99482,100
2019-06-28 10:02:40.000000000,100049,196,100002,196,100197,196,99970,196,100200,196,99960,196,100214,196,99828,196,100227,196,99783,196,100240,100,99723,100,100300,100,99706,100,100348,100,99522,100,100432,100,99487,100,100518,100,99482,100
2019-06-28 10:02:47.983808653,100049,196,100002,196,100197,196,99970,196,100200,196,99960,196,100214,196,99828,196,100227,196,99783,196,100240,100,99723,100,100300,100,99706,100,100348,100,99522,100,100432,100,99487,100,100518,100,99482,100
2019-06-28 10:02:50.000000000,100049,220,100002,220,100197,220,99970,220,100200,220,99960,220,100214,220,99828,220,100227,100,99783,100,100240,100,99723,100,100300,100,99706,100,100348,100,99522,100,100432,100,99487,100,100518,100,99482,100
2019-06-28 10:02:50.188850951,100049,220,100002,220,100197,220,99970,220,100200,220,99960,220,100214,220,99828,220,100227,100,99783,100,100240,100,99723,100,100300,100,99706,100,100348,100,99522,100,100432,100,99487,100,100518,100,99482,100
2019-06-28 10:03:00.000000000,100049,341,100002,341,100197,341,99970,341,100200,100,99960,100,100214,100,99828,100,100227,100,99783,100,100240,100,99723,100,100300,100,99706,100,100348,100,99522,100,100432,100,99487,100,100518,100,99482,100
2019-06-28 10:03:05.722547483,100049,341,100002,341,100197,341,99970,341,100200,100,99960,100,100214,100,99828,100,100227,100,99783,100,100240,100,99723,100,100300,100,99706,100,100348,100,99522,100,100432,100,99487,100,100473,100,99482,100
2019-06-28 10:03:10.000000000,100049,196,100002,196,100197,196,99970,196,100200,196,99960,196,100214,196,99828,196,100227,196,99783,196,100240,100,99723,100,100300,100,99706,100,100348,100,99522,100,100432,100,99487,100,100473,100,99482,100
2019-06-28 10:03:18.108708227,100049,196,100003,100,100197,196,100002,196,100200,196,99970,196,100214,196,99960,196,100227,196,99828,196,100240,100,99783,196,100300,100,99723,100,100348,100,99706,100,100432,100,99522,100,100473,100,99487,100
2019-06-28 10:03:19.063686951,100049,196,100003,100,100197,196,100002,196,100200,196,99970,196,100214,196,99960,196,100227,196,99828,196,100240,100,99783,196,100300,100,99723,100,100348,100,99706,100,100432,100,99522,100,100473,100,99487,100
2019-06-28 10:03:20.000000000,100049,264,100003,264,100197,259,100002,259,100200,259,99970,259,100214,100,99960,100,100227,100,99828,100,100240,100,99783,100,100300,100,99723,100,100348,100,99706,100,100432,100,99522,100,100473,100,99487,100
2019-06-28 10:03:30.000000000,100049,220,100003,220,100197,220,100002,220,100200,220,99970,220,100214,220,99960,220,100227,100,99828,100,100240,100,99783,100,100300,100,99723,100,100348,100,99706,100,100432,100,99522,100,100473,100,99487,100
2019-06-28 10:03:40.000000000,100049,220,100003,220,100197,220,100002,220,100200,220,99970,220,100214,220,99960,220,100227,100,99828,100,100240,100,99783,100,100300,100,99723,100,100348,100,99706,100,100432,100,99522,100,100473,100,99487,100
2019-06-28 10:03:50.000000000,100049,220,100003,220,100197,220,100002,220,100200,220,99970,220,100214,220,99960,220,100227,100,99828,100,100240,100,99783,100,100300,100,99723,100,100348,100,99706,100,100432,100,99522,100,100473,100,99487,100
2019-06-28 10:04:00.000000000,100049,220,100003,220,100197,220,100002,220,100200,220,99970,220,100214,220,99960,220,100227,100,99828,100,100240,100,99783,100,100300,100,99723,100,100348,100,99706,100,100432,100,99522,100,100473,100,99487,100
2019-06-28 10:04:04.132679331,100049,220,100003,320,100197,220,100002,220,100200,220,99970,220,100214,220,99960,220,100227,100,99828,100,100240,100,99783,100,100300,100,99723,100,100348,100,99706,100,100432,100,99522,100,100473,100,99487,100
2019-06-28 10:04:10.000000000,100049,220,100003,320,100197,220,100002,220,100200,220,99970,220,100214,220,99960,220,100227,100,99828,100,100240,100,99783,100,100300,100,99723,100,100348,100,99706,100,100432,100,99522,100,100473,100,99487,100
2019-06-28 10:04:20.000000000,100049,341,100003,441,100197,341,100002,341,100200,100,99970,100,100214,100,99960,100,100227,100,99828,100,100240,100,99783,100,100300,100,99723,100,100348,100,99706,100,100432,100,99522,100,100473,100,99487,100
2019-06-28 10:04:30.000000000,100049,196,100003,296,100197,196,100002,196,100200,196,99970,196,100214,196,99960,196,100227,196,99828,196,100240,100,99783,100,100300,100,99723,100,100348,100,99706,100,100432,100,99522,100,100473,100,99487,100
2019-06-28 10:04:37.314432474,100049,96,100003,296,100197,196,100002,196,100200,196,99970,196,100214,196,99960,196,100227,196,99828,196,100240,100,99783,100,100300,100,99723,100,100348,100,99706,100,100432,100,99522,100,100473,100,99487,100
2019-06-28 10:04:40.000000000,100197,582,100003,682,100200,100,100002,100,100214,100,99970,100,100227,100,99960,100,100240,100,99828,100,100300,100,99783,100,100348,100,99723,100,100432,100,99706,100,100473,100,99522,100,100518,100,99487,100
2019-06-28 10:04:45.029944740,100197,582,100003,682,100200,100,100002,100,100214,100,99970,100,100227,100,99960,100,100240,100,99828,100,100300,100,99783,100,100348,100,99723,100,100432,100,99706,100,100473,100,99522,100,100518,100,99487,100
2019-06-28 10:04:46.047051859,100197,582,100008,100,100200,100,100003,682,100214,100,100002,100,100227,100,99970,100,100240,100,99960,100,100300,100,99828,100,100348,100,99783,100,100432,100,99723,100,100473,100,99706,100,100518,100,99522,100
2019-06-28 10:04:46.819026293,100197,482,100008,100,100200,100,100003,682,100214,100,100002,100,100227,100,99970,100,100240,100,99960,100,100300,100,99828,100,100348,100,99783,100,100432,100,99723,100,100473,100,99706,100,100518,100,99487,100
2019-06-28 10:04:48.619863046,100197,482,100049,100,100200,100,100008,100,100214,100,100003,682,100227,100,100002,100,100240,100,99970,100,100300,100,99960,100,100348,100,99828,100,100432,100,99783,100,100473,100,99723,100,100518,100,99706,100
2019-06-28 10:04:50.000000000,100200,220,100049,220,100214,220,100008,220,100227,220,100003,320,100240,220,100002,220,100300,100,99970,100,100348,100,99960,100,100432,100,99828,100,100473,100,99783,100,100518,100,99723,100,100586,100,99706,100
2019-06-28 10:04:58.820680672,100200,220,100049,320,100214,220,100008,220,100227,220,100003,320,100240,220,100002,220,100300,100,99970,100,100348,100,99960,100,100432,100,99828,100,100473,100,99783,100,100518,100,99723,100,100586,100,99706,100
2019-06-28 10:05:00.000000000,100200,341,100049,441,100214,341,100008,341,100227,100,100003,200,100240,100,100002,100,100300,100,99970,100,100348,100,99960,100,100432,100,99828,100,100473,100,99783,100,100518,100,99723,100,100586,100,99706,100
2019-06-28 10:05:10.000000000,100200,582,100049,682,100214,100,100008,100,100227,100,100003,200,100240,100,100002,100,100300,100,99970,100,100348,100,99960,100,100432,100,99828,100,100473,100,99783,100,100518,100,99723,100,100586,100,99706,100
2019-06-28 10:05:12.665354821,100200,482,100049,682,100214,100,100008,100,100227,100,100003,200,100240,100,100002,100,100300,100,99970,100,100432,100,99960,100,100473,100,99828,100,100518,100,99783,100,100586,100,99723,100,100600,100,99706,100
2019-06-28 10:05:17.251236998,100200,382,100049,682,100214,100,100008,100,100227,100,100003,200,100240,100,100002,100,100300,100,99970,100,100432,100,99960,100,100473,100,99828,100,100518,100,99783,100,100586,100,99723,100,100600,100,99706,100
2019-06-28 10:05:20.000000000,100214,341,100049,441,100227,341,100008,341,100240,100,100003,200,100300,100,100002,100,100432,100,99970,100,100473,100,99960,100,100518,100,99828,100,100586,100,99783,100,100600,100,99723,100,100627,100,99706,100
2019-06-28 10:05:30.000000000,100214,264,100049,364,100227,259,100008,259,100240,259,100003,359,100300,100,100002,100,100432,100,99970,100,100473,100,99960,100,100518,100,99828,100,100586,100,99783,100,100600,100,99723,100,100627,100,99706,100
2019-06-28 10:05:40.000000000,100214,196,100049,296,100227,196,100008,196,100240,196,100003,296,100300,196,100002,196,100432,196,99970,196,100473,100,99960,100,100518,100,99828,100,100586,100,99783,100,100600,100,99723,100,100627,100,99706,100
2019-06-28 10:05:46.492640991,100214,196,100200,100,100227,196,100049,296,100240,196,100008,196,100300,196,100003,296,100432,196,100002,196,100473,100,99970,196,100518,100,99960,100,100586,100,99828,100,100600,100,99783,100,100627,100,99723,100
2019-06-28 10:05:50.000000000,100214,341,100200,341,100227,341,100049,441,100240,100,100008,100,100300,100,100003,200,100432,100,100002,100,100473,100,99970,100,100518,100,99960,100,100586,100,99828,100,100600,100,99783,100,100627,100,99723,100
2019-06-28 10:05:59.296370028,100214,241,100200,341,100227,341,100049,441,100240,100,100008,100,100300,100,100003,200,100432,100,100002,100,100473,100,99970,100,100518,100,99960,100,100586,100,99828,100,100600,100,99783,100,100627,100,99723,100
2019-06-28 10:06:00.000000000,100227,196,100200,196,100240,196,100049,296,100300,196,100008,196,100432,196,100003,296,100473,196,100002,196,100518,100,99970,100,100586,100,99960,100,100600,100,99828,100,100627,100,99783,100,100726,100,99723,100
2019-06-28 10:06:04.223374053,100227,196,100200,196,100240,196,100049,296,100300,196,100008,196,100432,196,100003,296,100473,196,100002,196,100518,100,99970,100,100586,100,99960,100,100600,100,99828,100,100627,100,99783,100,100656,100,99723,100
2019-06-28 10:06:10.000000000,100227,220,100200,220,100240,220,100049,320,100300,220,100008,220,100432,220,100003,320,100473,100,100002,100,100518,100,99970,100,100586,100,99960,100,100600,100,99828,100,100627,100,99783,100,100656,100,99723,100
