,ask_price_1,ask_size_1,bid_price_1,bid_size_1,ask_price_2,ask_size_2,bid_price_2,bid_size_2,ask_price_3,ask_size_3,bid_price_3,bid_size_3,ask_price_4,ask_size_4,bid_price_4,bid_size_4,ask_price_5,ask_size_5,bid_price_5,bid_size_5,ask_price_6,ask_size_6,bid_price_6,bid_size_6,ask_price_7,ask_size_7,bid_price_7,bid_size_7,ask_price_8,ask_size_8,bid_price_8,bid_size_8,ask_price_9,ask_size_9,bid_price_9,bid_size_9,ask_price_10,ask_size_10,bid_price_10,bid_size_10
2019-06-28 09:30:00.000000000,100115,100,99833,100,,,,,,,,,,,,,,,,,,,,,,,,,,,,,,,,,,,,
2019-06-28 09:30:00.000000002,100115,100,100029,100,,,99933,100,,,99833,100,,,,,,,,,,,,,,,,,,,,,,,,,,,,
2019-06-28 09:30:00.000000004,100115,100,100029,100,,,100025,100,,,99991,100,,,99933,100,,,99833,100,,,,,,,,,,,,,,,,,,,,
2019-06-28 09:30:00.000000005,100115,100,100025,100,,,99991,100,,,99933,100,,,99833,100,,,,,,,,,,,,,,,,,,,,,,,,
2019-06-28 09:30:00.000000008,100115,100,99991,100,,,99933,100,,,99833,100,,,,,,,,,,,,,,,,,,,,,,,,,,,,
2019-06-28 09:30:00.000000015,100096,100,99991,100,100115,100,99933,100,,,99833,100,,,,,,,,,,,,,,,,,,,,,,,,,,,,
2019-06-28 09:30:00.000000017,100032,100,99945,100,100096,100,99933,100,100098,100,99833,100,100115,100,,,,,,,,,,,,,,,,,,,,,,,,,,
2019-06-28 09:30:00.000000020,100032,100,99945,100,100096,100,99933,100,100098,100,99926,100,100115,100,99833,100,,,,,,,,,,,,,,,,,,,,,,,,
2019-06-28 09:30:00.000000021,100032,100,99933,100,100096,100,99931,100,100098,100,99926,100,100115,100,99833,100,,,,,,,,,,,,,,,,,,,,,,,,
2019-06-28 09:30:00.000000022,100032,100,99933,100,100096,100,99931,100,100098,100,99926,100,100115,100,99833,100,100140,100,,,,,,,,,,,,,,,,,,,,,,
2019-06-28 09:30:00.000000025,100032,100,99933,100,100096,100,99931,100,100098,100,99926,100,100115,100,99833,100,100140,100,,,,,,,,,,,,,,,,,,,,,,
2019-06-28 09:30:00.000000026,100032,100,99933,100,100096,100,99931,100,100098,100,99926,100,100115,100,99864,100,100140,100,99833,100,,,,,,,,,,,,,,,,,,,,
2019-06-28 09:30:00.000000027,100032,100,99933,100,100096,100,99931,100,100098,100,99926,100,100115,100,99864,100,100123,100,99833,100,100140,100,,,,,,,,,,,,,,,,,,
2019-06-28 09:30:00.000000030,99993,100,99933,100,100032,100,99931,100,100096,100,99926,100,100098,100,99864,100,100115,100,99833,100,100123,100,,,100140,100,,,,,,,,,,,,,,
2019-06-28 09:30:00.000000032,99962,100,99933,100,99993,100,99931,100,100032,100,99926,100,100096,100,99864,100,100098,100,99833,100,100115,100,,,100123,100,,,100140,100,,,,,,,,,,
2019-06-28 09:30:00.000000033,99962,100,99933,100,99993,100,99931,100,100032,100,99926,100,100096,100,99864,100,100098,100,99833,100,100115,100,,,100123,100,,,100140,100,,,100178,100,,,,,,
2019-06-28 09:30:00.000000034,99962,100,99945,100,99993,100,99933,100,100032,100,99931,100,100096,100,99926,100,100098,100,99920,100,100115,100,99864,100,100123,100,99833,100,100140,100,,,100178,100,,,,,,
2019-06-28 09:30:00.000000036,99962,100,99945,100,99993,100,99933,100,100032,100,99931,100,100096,100,99926,100,100098,100,99920,100,100115,100,99864,100,100123,100,99847,100,100140,100,99833,100,100178,100,,,,,,
2019-06-28 09:30:00.000000041,99962,100,99945,200,99993,100,99933,100,100032,100,99931,100,100096,100,99926,100,100098,100,99920,100,100115,100,99864,100,100123,100,99847,100,100140,100,99833,100,100178,100,,,,,,
2019-06-28 09:30:00.000000043,99962,100,99945,200,99993,100,99933,100,100032,100,99931,100,100096,100,99926,100,100098,100,99920,100,100115,100,99875,100,100123,100,99864,100,100140,100,99847,100,100178,100,99833,100,,,,
2019-06-28 09:30:00.000000044,99962,100,99945,300,99993,100,99933,100,100032,100,99931,100,100096,100,99926,100,100098,100,99920,100,100115,100,99875,100,100123,100,99864,100,100140,100,99847,100,100178,100,99833,100,,,,
2019-06-28 09:30:00.000000048,99993,100,99945,300,100032,100,99933,100,100096,100,99931,100,100098,100,99926,100,100115,100,99920,100,100123,100,99875,100,100140,100,99864,100,100178,100,99847,100,,,99833,100,,,99813,100
2019-06-28 09:30:00.000000055,99985,100,99945,300,100032,100,99933,100,100096,100,99931,100,100098,100,99926,100,100115,100,99920,100,100123,100,99875,100,100140,100,99864,100,100178,100,99847,100,,,99833,100,,,99813,100
2019-06-28 09:30:00.000000056,100032,100,99945,300,100096,100,99933,100,100098,100,99931,100,100115,100,99926,100,100123,100,99920,100,100140,100,99875,100,100178,100,99864,100,,,99847,100,,,99833,100,,,99813,100
2019-06-28 09:30:00.000000057,100032,100,99945,300,100096,100,99933,100,100098,100,99931,100,100104,100,99926,100,100115,100,99920,100,100123,100,99875,100,100140,100,99864,100,100178,100,99847,100,,,99833,100,,,99813,100
2019-06-28 09:30:00.000000059,100032,100,99945,300,100096,100,99933,200,100098,100,99931,100,100104,100,99926,100,100115,100,99920,100,100123,100,99875,100,100140,100,99864,100,100178,100,99847,100,,,99833,100,,,99813,100
2019-06-28 09:30:00.000000060,100032,100,99945,300,100096,100,99933,200,100098,100,99931,100,100104,100,99928,100,100115,100,99926,100,100123,100,99920,100,100140,100,99875,100,100178,100,99864,100,,,99847,100,,,99833,100
2019-06-28 09:30:00.000000061,100032,100,99945,300,100064,100,99933,200,100096,100,99931,100,100098,100,99928,100,100104,100,99926,100,100115,100,99920,100,100123,100,99875,100,100140,100,99864,100,100178,100,99847,100,,,99833,100
2019-06-28 09:30:00.000000062,100032,100,99945,300,100064,100,99933,200,100096,100,99931,100,100098,100,99928,100,100104,100,99926,100,100115,100,99920,100,100123,100,99893,100,100140,100,99875,100,100178,100,99864,100,,,99847,100
2019-06-28 09:30:00.000000063,99993,100,99945,300,100032,100,99933,200,100056,100,99931,100,100064,100,99928,100,100096,100,99926,100,100098,100,99920,100,100104,100,99893,100,100115,100,99875,100,100123,100,99864,100,100140,100,99847,100
2019-06-28 09:30:00.000000068,99993,100,99945,300,100032,100,99933,200,100056,100,99931,100,100064,100,99928,100,100082,100,99926,100,100096,100,99920,100,100098,100,99893,100,100104,100,99875,100,100115,100,99864,100,100123,100,99847,100
2019-06-28 09:30:00.000000069,99993,100,99945,200,100032,100,99933,200,100043,100,99931,100,100056,100,99928,100,100064,100,99926,100,100082,100,99920,100,100089,100,99893,100,100096,100,99875,100,100098,100,99864,100,100104,100,99847,100
2019-06-28 09:30:00.000000070,99993,100,99945,200,100032,100,99933,200,100043,100,99931,100,100056,100,99928,100,100064,100,99926,100,100082,100,99920,100,100089,100,99893,100,100096,100,99875,100,100098,100,99864,100,100104,100,99847,100
2019-06-28 09:30:00.000000072,99993,100,99945,300,100032,100,99933,200,100043,100,99931,100,100056,100,99928,100,100064,100,99926,100,100082,100,99920,100,100089,100,99893,100,100096,100,99875,100,100098,100,99864,100,100104,100,99847,100
2019-06-28 09:30:00.000000073,99993,100,99945,300,100032,100,99933,200,100043,100,99931,100,100056,100,99928,100,100064,100,99926,100,100082,100,99920,100,100089,100,99893,100,100096,100,99875,100,100098,100,99864,100,100104,100,99847,100
2019-06-28 09:30:00.000000075,99993,100,99945,300,100032,100,99933,200,100043,100,99931,100,100056,100,99928,100,100064,100,99926,100,100082,100,99920,100,100089,100,99893,100,100096,100,99875,100,100098,100,99868,100,100104,100,99864,100
2019-06-28 09:30:00.000000077,99993,100,99945,300,99999,100,99933,200,100032,100,99931,100,100043,100,99928,100,100056,100,99926,100,100064,100,99920,100,100082,100,99893,100,100089,100,99875,100,100096,100,99868,100,100098,100,99864,100
2019-06-28 09:30:00.000000078,99993,100,99945,300,99999,100,99933,200,100032,100,99931,100,100043,100,99928,100,100056,100,99926,100,100064,100,99920,100,100082,100,99893,100,100089,100,99875,100,100096,100,99868,100,100098,100,99864,100
2019-06-28 09:30:00.000000083,99985,100,99945,400,99993,100,99933,200,99999,100,99931,100,100032,100,99928,100,100043,100,99926,100,100056,100,99920,100,100064,100,99893,100,100082,100,99875,100,100089,100,99868,100,100096,100,99864,100
2019-06-28 09:30:00.000000085,99985,100,99945,500,99993,100,99933,200,99999,100,99931,100,100032,100,99928,100,100043,100,99926,100,100056,100,99920,100,100064,100,99893,100,100082,100,99875,100,100089,100,99868,100,100096,100,99864,100
2019-06-28 09:30:00.000000086,99985,200,99962,100,99993,100,99945,500,99999,100,99933,200,100032,100,99931,100,100043,100,99928,100,100056,100,99926,100,100064,100,99920,100,100082,100,99893,100,100089,100,99875,100,100096,100,99868,100
2019-06-28 09:30:00.000000087,99985,200,99977,100,99993,100,99962,100,99999,100,99945,500,100032,100,99933,200,100043,100,99931,100,100056,100,99928,100,100064,100,99926,100,100082,100,99920,100,100089,100,99893,100,100096,100,99875,100
2019-06-28 09:30:00.000000091,99985,200,99977,100,99988,100,99962,100,99993,100,99945,500,99999,100,99933,200,100032,100,99931,100,100043,100,99928,100,100056,100,99926,100,100064,100,99920,100,100082,100,99904,100,100089,100,99893,100
2019-06-28 09:30:00.000000092,99985,200,99977,100,99988,100,99962,100,99993,100,99945,500,99999,100,99933,200,100032,100,99931,100,100043,100,99928,100,100056,100,99926,100,100064,100,99920,100,100082,100,99904,100,100089,100,99893,100
2019-06-28 09:30:00.000000094,99985,200,99977,100,99988,100,99962,100,99993,100,99945,500,99999,100,99933,200,100005,100,99931,100,100032,100,99928,100,100043,100,99926,100,100056,100,99920,100,100064,100,99904,100,100082,100,99893,100
2019-06-28 09:30:00.000000095,99985,200,99977,100,99988,100,99962,100,99993,100,99945,500,99999,100,99933,200,100005,100,99931,100,100032,100,99928,100,100043,100,99926,100,100056,100,99920,100,100064,100,99907,100,100082,100,99904,100
2019-06-28 09:30:00.000000098,99985,300,99977,100,99988,100,99962,100,99993,100,99945,500,99999,100,99933,200,100005,100,99931,100,100032,100,99928,100,100043,100,99926,100,100056,100,99920,100,100064,100,99907,100,100082,100,99904,100
2019-06-28 09:30:00.000000099,99985,300,99977,100,99988,100,99962,100,99993,100,99945,600,99999,100,99933,200,100005,100,99931,100,100032,100,99928,100,100043,100,99926,100,100056,100,99920,100,100064,100,99907,100,100082,100,99904,100
2019-06-28 09:30:10.000000000,99985,393,99977,193,99988,193,99962,193,99993,193,99945,693,99999,193,99933,293,100005,193,99931,193,100032,100,99928,100,100043,100,99926,100,100056,100,99920,100,100064,100,99907,100,100082,100,99904,100
2019-06-28 09:30:20.000000000,99985,458,99977,258,99988,253,99962,253,99993,253,99945,753,99999,100,99933,200,100005,100,99931,100,100032,100,99928,100,100043,100,99926,100,100056,100,99920,100,100064,100,99907,100,100082,100,99904,100
2019-06-28 09:30:28.905136145,99985,458,99977,258,99988,253,99962,253,99993,253,99945,753,99999,100,99933,200,100005,100,99931,100,100032,100,99928,100,100043,100,99926,100,100045,100,99920,100,100056,100,99907,100,100064,100,99904,100
2019-06-28 09:30:30.000000000,99985,764,99977,564,99988,100,99962,100,99993,100,99945,600,99999,100,99933,200,100005,100,99931,100,100032,100,99928,100,100043,100,99926,100,100045,100,99920,100,100056,100,99907,100,100064,100,99904,100
2019-06-28 09:30:32.844797029,99985,764,99977,464,99988,100,99962,100,99993,100,99945,600,99999,100,99933,200,100005,100,99931,100,100043,100,99928,100,100045,100,99926,100,100056,100,99920,100,100064,100,99907,100,100082,100,99904,100
2019-06-28 09:30:40.000000000,99985,532,99962,332,99988,332,99945,832,99993,100,99933,200,99999,100,99931,100,100005,100,99928,100,100043,100,99926,100,100045,100,99920,100,100056,100,99907,100,100064,100,99904,100,100082,100,99893,100
2019-06-28 09:30:47.004163514,99985,532,99962,132,99988,332,99945,832,99993,100,99933,200,99999,100,99931,100,100005,100,99928,100,100043,100,99926,100,100045,100,99920,100,100056,100,99907,100,100064,100,99904,100,100082,100,99893,100
2019-06-28 09:30:49.375191477,99985,532,99962,132,99988,332,99945,832,99993,100,99933,200,100005,100,99931,100,100043,100,99928,100,100045,100,99926,100,100056,100,99920,100,100064,100,99907,100,100082,100,99904,100,100089,100,99893,100
2019-06-28 09:30:50.000000000,99985,532,99945,832,99988,332,99933,432,99993,100,99931,100,100005,100,99928,100,100043,100,99926,100,100045,100,99920,100,100056,100,99907,100,100064,100,99904,100,100082,100,99893,100,100089,100,99875,100
2019-06-28 09:31:00.000000000,99985,458,99945,758,99988,253,99933,353,99993,253,99931,253,100005,100,99928,100,100043,100,99926,100,100045,100,99920,100,100056,100,99907,100,100064,100,99904,100,100082,100,99893,100,100089,100,99875,100
2019-06-28 09:31:10.000000000,99985,393,99945,693,99988,193,99933,293,99993,193,99931,193,100005,193,99928,193,100043,193,99926,193,100045,100,99920,100,100056,100,99907,100,100064,100,99904,100,100082,100,99893,100,100089,100,99875,100
2019-06-28 09:31:10.033995883,99985,393,99945,693,99988,193,99933,293,99993,193,99931,193,100005,193,99928,193,100043,193,99926,193,100045,100,99920,100,100056,100,99907,100,100064,100,99893,100,100082,100,99875,100,100089,100,99868,100
2019-06-28 09:31:20.000000000,99985,764,99945,1064,99988,100,99933,200,99993,100,99931,100,100005,100,99928,100,100043,100,99926,100,100045,100,99920,100,100056,100,99907,100,100064,100,99893,100,100082,100,99875,100,100089,100,99868,100
2019-06-28 09:31:20.620225683,99977,100,99945,1064,99985,764,99933,200,99988,100,99931,100,99993,100,99928,100,100005,100,99926,100,100043,100,99920,100,100045,100,99907,100,100056,100,99893,100,100064,100,99875,100,100082,100,99868,100
2019-06-28 09:31:22.638784444,99977,200,99945,1064,99985,764,99933,200,99988,100,99931,100,99993,100,99928,100,100005,100,99926,100,100043,100,99920,100,100045,100,99907,100,100056,100,99893,100,100064,100,99875,100,100082,100,99868,100
2019-06-28 09:31:30.000000000,99977,432,99945,832,99985,532,99933,432,99988,100,99931,100,99993,100,99928,100,100005,100,99926,100,100043,100,99920,100,100045,100,99907,100,100056,100,99893,100,100064,100,99875,100,100082,100,99868,100
2019-06-28 09:31:40.000000000,99977,432,99945,832,99985,532,99933,432,99988,100,99931,100,99993,100,99928,100,100005,100,99926,100,100043,100,99920,100,100045,100,99907,100,100056,100,99893,100,100064,100,99875,100,100082,100,99868,100
2019-06-28 09:31:41.287804487,99977,432,99945,832,99985,532,99933,432,99988,100,99931,100,99993,100,99928,100,100005,100,99926,100,100043,100,99920,100,100045,100,99893,100,100056,100,99875,100,100064,100,99868,100,100082,100,99864,100
2019-06-28 09:31:50.000000000,99977,316,99945,716,99985,416,99933,316,99988,216,99931,216,99993,216,99928,216,100005,100,99926,100,100043,100,99920,100,100045,100,99893,100,100056,100,99875,100,100064,100,99868,100,100082,100,99864,100
2019-06-28 09:32:00.000000000,99977,664,99945,1064,99985,300,99933,200,99988,100,99931,100,99993,100,99928,100,100005,100,99926,100,100043,100,99920,100,100045,100,99893,100,100056,100,99875,100,100064,100,99868,100,100082,100,99864,100
2019-06-28 09:32:10.000000000,99977,358,99945,758,99985,453,99933,353,99988,253,99931,253,99993,100,99928,100,100005,100,99926,100,100043,100,99920,100,100045,100,99893,100,100056,100,99875,100,100064,100,99868,100,100082,100,99864,100
2019-06-28 09:32:13.460572413,99977,358,99945,758,99985,453,99933,353,99988,253,99931,253,99993,100,99928,100,100005,100,99926,100,100043,100,99920,100,100045,100,99893,100,100056,100,99875,100,100064,100,99874,100,100082,100,99868,100
2019-06-28 09:32:19.569519878,99977,358,99945,758,99985,453,99933,353,99988,253,99931,253,99993,100,99928,100,100005,100,99926,100,100043,100,99920,100,100045,100,99893,100,100049,100,99874,100,100056,100,99868,100,100064,100,99864,100
2019-06-28 09:32:20.000000000,99977,316,99945,716,99985,416,99933,316,99988,216,99931,216,99993,216,99928,216,100005,100,99926,100,100043,100,99920,100,100045,100,99893,100,100049,100,99874,100,100056,100,99868,100,100064,100,99864,100
2019-06-28 09:32:22.385811145,99977,316,99945,716,99985,416,99933,316,99988,216,99931,216,99993,216,99928,216,100005,100,99926,100,100043,100,99920,100,100045,100,99874,100,100049,100,99868,100,100056,100,99864,100,100064,100,99847,100
2019-06-28 09:32:28.848247381,99977,316,99945,716,99985,416,99933,316,99988,216,99931,216,99993,216,99928,216,100005,100,99927,100,100043,100,99926,100,100045,100,99920,100,100049,100,99874,100,100056,100,99868,100,100064,100,99864,100
2019-06-28 09:32:30.000000000,99977,664,99945,1064,99985,300,99933,200,99988,100,99931,100,99993,100,99928,100,100005,100,99927,100,100043,100,99926,100,100045,100,99920,100,100049,100,99874,100,100056,100,99868,100,100064,100,99864,100
2019-06-28 09:32:32.656845401,99977,664,99945,1064,99985,300,99938,100,99988,100,99933,200,99993,100,99931,100,100005,100,99928,100,100043,100,99927,100,100045,100,99926,100,100049,100,99920,100,100056,100,99874,100,100064,100,99868,100
2019-06-28 09:32:40.000000000,99977,358,99945,758,99985,453,99938,253,99988,253,99933,353,99993,100,99931,100,100005,100,99928,100,100043,100,99927,100,100045,100,99926,100,100049,100,99920,100,100056,100,99874,100,100064,100,99868,100
2019-06-28 09:32:48.934909270,99977,258,99945,758,99985,453,99938,253,99988,253,99933,353,99993,100,99931,100,100005,100,99928,100,100043,100,99927,100,100045,100,99926,100,100049,100,99920,100,100056,100,99874,100,100064,100,99868,100
2019-06-28 09:32:50.000000000,99977,258,99945,758,99985,453,99938,253,99988,253,99933,353,99993,100,99931,100,100005,100,99928,100,100043,100,99927,100,100045,100,99926,100,100049,100,99920,100,100056,100,99874,100,100064,100,99868,100
2019-06-28 09:33:00.000000000,99977,564,99945,1064,99985,300,99938,100,99988,100,99933,200,99993,100,99931,100,100005,100,99928,100,100043,100,99927,100,100045,100,99926,100,100049,100,99920,100,100056,100,99874,100,100064,100,99868,100
2019-06-28 09:33:07.296359798,99977,564,99945,964,99985,300,99938,100,99988,100,99933,200,99993,100,99931,100,100005,100,99928,100,100043,100,99927,100,100045,100,99926,100,100049,100,99920,100,100056,100,99874,100,100064,100,99868,100
2019-06-28 09:33:10.000000000,99977,216,99945,616,99985,416,99938,216,99988,216,99933,316,99993,216,99931,216,100005,100,99928,100,100043,100,99927,100,100045,100,99926,100,100049,100,99920,100,100056,100,99874,100,100064,100,99868,100
2019-06-28 09:33:10.313506182,99977,216,99945,616,99985,416,99938,216,99988,216,99933,316,99993,216,99931,216,100005,100,99928,100,100043,100,99927,100,100045,100,99926,100,100049,100,99920,100,100056,100,99874,100,100064,100,99868,100
2019-06-28 09:33:20.000000000,99977,332,99945,732,99985,532,99938,332,99988,100,99933,200,99993,100,99931,100,100005,100,99928,100,100043,100,99927,100,100045,100,99926,100,100049,100,99920,100,100056,100,99874,100,100064,100,99868,100
2019-06-28 09:33:28.961148144,99977,332,99945,632,99985,532,99938,332,99988,100,99933,200,99993,100,99931,100,100005,100,99928,100,100043,100,99927,100,100045,100,99926,100,100049,100,99920,100,100056,100,99874,100,100064,100,99868,100
2019-06-28 09:33:30.000000000,99977,258,99945,558,99985,453,99938,253,99988,253,99933,353,99993,100,99931,100,100005,100,99928,100,100043,100,99927,100,100045,100,99926,100,100049,100,99920,100,100056,100,99874,100,100064,100,99868,100
2019-06-28 09:33:40.000000000,99977,193,99945,493,99985,393,99938,193,99988,193,99933,293,99993,193,99931,193,100005,193,99928,193,100043,100,99927,100,100045,100,99926,100,100049,100,99920,100,100056,100,99874,100,100064,100,99868,100
2019-06-28 09:33:50.000000000,99977,216,99945,516,99985,416,99938,216,99988,216,99933,316,99993,216,99931,216,100005,100,99928,100,100043,100,99927,100,100045,100,99926,100,100049,100,99920,100,100056,100,99874,100,100064,100,99868,100
2019-06-28 09:34:00.000000000,99977,216,99945,516,99985,416,99938,216,99988,216,99933,316,99993,216,99931,216,100005,100,99928,100,100043,100,99927,100,100045,100,99926,100,100049,100,99920,100,100056,100,99874,100,100064,100,99868,100
2019-06-28 09:34:01.017325812,99977,216,99945,516,99985,416,99938,216,99988,216,99933,316,99993,216,99931,216,100005,100,99928,100,100043,100,99927,100,100045,100,99926,100,100049,100,99920,100,100056,100,99874,100,100064,100,99868,100
2019-06-28 09:34:07.442830494,99977,216,99945,516,99985,416,99938,216,99988,216,99933,316,99993,216,99931,216,100005,100,99928,100,100043,100,99927,100,100049,100,99926,100,100056,100,99920,100,100064,100,99874,100,100089,100,99868,100
2019-06-28 09:34:10.000000000,99977,564,99945,864,99985,300,99938,100,99988,100,99933,200,99993,100,99931,100,100005,100,99928,100,100043,100,99927,100,100049,100,99926,100,100056,100,99920,100,100064,100,99874,100,100089,100,99868,100
2019-06-28 09:34:20.000000000,99977,193,99945,493,99985,393,99938,193,99988,193,99933,293,99993,193,99931,193,100005,193,99928,193,100043,100,99927,100,100049,100,99926,100,100056,100,99920,100,100064,100,99874,100,100089,100,99868,100
2019-06-28 09:34:30.000000000,99977,193,99945,493,99985,393,99938,193,99988,193,99933,293,99993,193,99931,193,100005,193,99928,193,100043,100,99927,100,100049,100,99926,100,100056,100,99920,100,100064,100,99874,100,100089,100,99868,100
2019-06-28 09:34:35.036356030,99977,193,99945,393,99985,293,99938,193,99988,193,99933,293,99993,193,99931,193,100005,193,99928,193,100043,100,99927,100,100049,100,99926,100,100056,100,99920,100,100064,100,99874,100,100089,100,99868,100
2019-06-28 09:34:40.000000000,99977,193,99945,393,99985,293,99938,193,99988,193,99933,293,99993,193,99931,193,100005,193,99928,193,100043,100,99927,100,100049,100,99926,100,100056,100,99920,100,100064,100,99874,100,100089,100,99868,100
2019-06-28 09:34:42.729667001,99977,193,99945,293,99985,293,99938,193,99988,193,99933,293,99993,193,99931,193,100005,193,99928,193,100043,100,99927,100,100049,100,99926,100,100056,100,99920,100,100089,100,99874,100,100115,100,99868,100
2019-06-28 09:34:50.000000000,99977,193,99945,293,99985,293,99938,193,99988,193,99933,293,99993,193,99931,193,100005,193,99928,193,100043,100,99927,100,100049,100,99926,100,100056,100,99920,100,100089,100,99874,100,100115,100,99868,100
2019-06-28 09:35:00.000000000,99977,216,99945,316,99985,316,99938,216,99988,216,99933,316,99993,216,99931,216,100005,100,99928,100,100043,100,99927,100,100049,100,99926,100,100056,100,99920,100,100089,100,99874,100,100115,100,99868,100
2019-06-28 09:35:04.931048104,99977,216,99945,216,99985,316,99938,216,99988,216,99933,316,99993,216,99931,216,100005,100,99928,100,100043,100,99927,100,100049,100,99926,100,100056,100,99920,100,100089,100,99874,100,100115,100,99868,100
2019-06-28 09:35:10.000000000,99977,216,99945,216,99985,316,99938,216,99988,216,99933,316,99993,216,99931,216,100005,100,99928,100,100043,100,99927,100,100049,100,99926,100,100056,100,99920,100,100089,100,99874,100,100115,100,99868,100
2019-06-28 09:35:20.000000000,99977,193,99945,193,99985,293,99938,193,99988,193,99933,293,99993,193,99931,193,100005,193,99928,193,100043,100,99927,100,100049,100,99926,100,100056,100,99920,100,100089,100,99874,100,100115,100,99868,100
2019-06-28 09:35:30.000000000,99977,216,99945,216,99985,316,99938,216,99988,216,99933,316,99993,216,99931,216,100005,100,99928,100,100043,100,99927,100,100049,100,99926,100,100056,100,99920,100,100089,100,99874,100,100115,100,99868,100
2019-06-28 09:35:36.532045705,99977,216,99945,216,99985,316,99938,216,99988,216,99933,316,99993,216,99931,216,100005,100,99928,100,100043,100,99927,100,100049,100,99920,100,100056,100,99874,100,100089,100,99868,100,100115,100,99864,100
2019-06-28 09:35:37.653445916,99977,216,99945,216,99985,316,99938,216,99988,216,99933,316,99993,216,99931,216,100005,100,99928,100,100043,100,99927,100,100049,100,99920,100,100056,100,99874,100,100089,100,99868,100,100115,100,99864,100
2019-06-28 09:35:40.000000000,99977,193,99945,193,99985,293,99938,193,99988,193,99933,293,99993,193,99931,193,100005,193,99928,193,100043,100,99927,100,100049,100,99920,100,100056,100,99874,100,100089,100,99868,100,100115,100,99864,100
2019-06-28 09:35:44.026626452,99977,93,99945,193,99985,293,99938,193,99988,193,99933,293,99993,193,99931,193,100005,193,99928,193,100043,100,99927,100,100049,100,99920,100,100056,100,99874,100,100089,100,99868,100,100115,100,99864,100
2019-06-28 09:35:44.147226452,99977,93,99945,193,99985,293,99938,193,99988,193,99933,293,99993,193,99931,193,100005,193,99928,193,100043,100,99927,100,100049,100,99920,100,100056,100,99874,100,100089,100,99868,100,100115,100,99864,100
2019-06-28 09:35:50.000000000,99985,293,99945,193,99988,193,99938,193,99993,193,99933,293,100005,193,99931,193,100043,193,99928,193,100049,100,99927,100,100056,100,99920,100,100089,100,99874,100,100115,100,99868,100,100140,100,99864,100
2019-06-28 09:36:00.000000000,99985,432,99945,332,99988,332,99938,332,99993,100,99933,200,100005,100,99931,100,100043,100,99928,100,100049,100,99927,100,100056,100,99920,100,100089,100,99874,100,100115,100,99868,100,100140,100,99864,100
2019-06-28 09:36:10.000000000,99985,316,99945,216,99988,216,99938,216,99993,216,99933,316,100005,216,99931,216,100043,100,99928,100,100049,100,99927,100,100056,100,99920,100,100089,100,99874,100,100115,100,99868,100,100140,100,99864,100
2019-06-28 09:36:20.000000000,99985,664,99945,564,99988,100,99938,100,99993,100,99933,200,100005,100,99931,100,100043,100,99928,100,100049,100,99927,100,100056,100,99920,100,100089,100,99874,100,100115,100,99868,100,100140,100,99864,100
2019-06-28 09:36:30.000000000,99985,316,99945,216,99988,216,99938,216,99993,216,99933,316,100005,216,99931,216,100043,100,99928,100,100049,100,99927,100,100056,100,99920,100,100089,100,99874,100,100115,100,99868,100,100140,100,99864,100
2019-06-28 09:36:40.000000000,99985,358,99945,258,99988,253,99938,253,99993,253,99933,353,100005,100,99931,100,100043,100,99928,100,100049,100,99927,100,100056,100,99920,100,100089,100,99874,100,100115,100,99868,100,100140,100,99864,100
2019-06-28 09:36:50.000000000,99985,358,99945,258,99988,253,99938,253,99993,253,99933,353,100005,100,99931,100,100043,100,99928,100,100049,100,99927,100,100056,100,99920,100,100089,100,99874,100,100115,100,99868,100,100140,100,99864,100
2019-06-28 09:37:00.000000000,99985,664,99945,564,99988,100,99938,100,99993,100,99933,200,100005,100,99931,100,100043,100,99928,100,100049,100,99927,100,100056,100,99920,100,100089,100,99874,100,100115,100,99868,100,100140,100,99864,100
2019-06-28 09:37:06.559494628,99985,664,99945,564,99988,100,99938,100,99993,100,99933,200,100005,100,99931,100,100043,100,99928,100,100049,100,99927,100,100056,100,99920,100,100089,100,99874,100,100115,100,99868,100,100140,100,99864,100
2019-06-28 09:37:09.586872719,99985,664,99945,464,99988,100,99938,100,99993,100,99933,200,100005,100,99931,100,100043,100,99928,100,100049,100,99927,100,100056,100,99920,100,100089,100,99874,100,100115,100,99868,100,100140,100,99864,100
2019-06-28 09:37:10.000000000,99985,432,99938,332,99988,332,99933,432,99993,100,99931,100,100005,100,99928,100,100043,100,99927,100,100049,100,99920,100,100056,100,99874,100,100089,100,99868,100,100115,100,99864,100,100140,100,99679,100
2019-06-28 09:37:11.438174698,99985,432,99938,232,99988,332,99933,432,99993,100,99931,100,100005,100,99928,100,100043,100,99927,100,100049,100,99920,100,100056,100,99874,100,100089,100,99864,100,100115,100,99679,100,100140,100,99657,100
2019-06-28 09:37:13.470102291,99985,432,99938,132,99988,332,99933,432,99993,100,99931,100,100005,100,99928,100,100043,100,99927,100,100049,100,99920,100,100056,100,99874,100,100089,100,99864,100,100115,100,99679,100,100140,100,99657,100
2019-06-28 09:37:20.000000000,99985,432,99933,432,99988,332,99931,332,99993,100,99928,100,100005,100,99927,100,100043,100,99920,100,100049,100,99874,100,100056,100,99864,100,100089,100,99679,100,100115,100,99657,100,100140,100,99606,100
2019-06-28 09:37:25.778576433,99938,100,99933,432,99985,432,99931,332,99988,332,99928,100,99993,100,99927,100,100005,100,99920,100,100043,100,99874,100,100049,100,99864,100,100056,100,99679,100,100089,100,99657,100,100115,100,99606,100
2019-06-28 09:37:30.000000000,99938,564,99933,664,99985,200,99931,100,99988,100,99928,100,99993,100,99927,100,100005,100,99920,100,100043,100,99874,100,100049,100,99864,100,100056,100,99679,100,100089,100,99657,100,100115,100,99606,100
2019-06-28 09:37:31.689142354,99938,564,99933,564,99985,200,99931,100,99988,100,99928,100,99993,100,99927,100,100005,100,99920,100,100043,100,99874,100,100049,100,99864,100,100056,100,99679,100,100089,100,99657,100,100115,100,99606,100
2019-06-28 09:37:40.000000000,99938,258,99933,258,99985,353,99931,253,99988,253,99928,253,99993,100,99927,100,100005,100,99920,100,100043,100,99874,100,100049,100,99864,100,100056,100,99679,100,100089,100,99657,100,100115,100,99606,100
2019-06-28 09:37:50.000000000,99938,258,99933,258,99985,353,99931,253,99988,253,99928,253,99993,100,99927,100,100005,100,99920,100,100043,100,99874,100,100049,100,99864,100,100056,100,99679,100,100089,100,99657,100,100115,100,99606,100
2019-06-28 09:38:00.000000000,99938,564,99933,564,99985,200,99931,100,99988,100,99928,100,99993,100,99927,100,100005,100,99920,100,100043,100,99874,100,100049,100,99864,100,100056,100,99679,100,100089,100,99657,100,100115,100,99606,100
2019-06-28 09:38:00.639369120,99938,564,99933,564,99985,100,99931,100,99988,100,99928,100,99993,100,99927,100,100005,100,99920,100,100043,100,99874,100,100049,100,99864,100,100056,100,99679,100,100089,100,99657,100,100115,100,99606,100
2019-06-28 09:38:03.958765924,99937,100,99933,564,99938,564,99931,100,99985,100,99928,100,99988,100,99927,100,99993,100,99920,100,100005,100,99874,100,100043,100,99864,100,100049,100,99679,100,100056,100,99657,100,100089,100,99606,100
2019-06-28 09:38:10.000000000,99937,564,99933,564,99938,100,99931,100,99985,100,99928,100,99988,100,99927,100,99993,100,99920,100,100005,100,99874,100,100043,100,99864,100,100049,100,99679,100,100056,100,99657,100,100089,100,99606,100
2019-06-28 09:38:13.629664968,99937,564,99933,464,99938,100,99931,100,99985,100,99928,100,99988,100,99927,100,99993,100,99920,100,100005,100,99874,100,100043,100,99864,100,100049,100,99679,100,100056,100,99657,100,100089,100,99606,100
2019-06-28 09:38:20.000000000,99937,193,99931,193,99938,193,99928,193,99985,193,99927,193,99988,193,99920,193,99993,193,99874,193,100005,100,99864,100,100043,100,99679,100,100049,100,99657,100,100056,100,99606,100,100089,100,99591,100
2019-06-28 09:38:21.143240010,99937,193,99931,93,99938,193,99928,193,99985,193,99927,193,99988,193,99920,193,99993,193,99874,193,100005,100,99864,100,100043,100,99679,100,100049,100,99657,100,100056,100,99591,100,100089,100,99516,100
2019-06-28 09:38:30.000000000,99937,193,99928,193,99938,193,99927,193,99985,193,99920,193,99988,193,99874,193,99993,193,99864,193,100005,100,99679,100,100043,100,99657,100,100049,100,99591,100,100056,100,99516,100,100089,100,99416,100
2019-06-28 09:38:40.000000000,99937,258,99928,258,99938,253,99927,253,99985,253,99920,253,99988,100,99874,100,99993,100,99864,100,100005,100,99679,100,100043,100,99657,100,100049,100,99591,100,100056,100,99516,100,100089,100,99416,100
2019-06-28 09:38:50.000000000,99937,332,99928,332,99938,332,99927,332,99985,100,99920,100,99988,100,99874,100,99993,100,99864,100,100005,100,99679,100,100043,100,99657,100,100049,100,99591,100,100056,100,99516,100,100089,100,99416,100
2019-06-28 09:38:58.096957860,99933,100,99928,332,99937,332,99927,332,99938,332,99920,100,99985,100,99874,100,99988,100,99864,100,99993,100,99679,100,100005,100,99657,100,100043,100,99591,100,100049,100,99516,100,100056,100,99416,100
2019-06-28 09:39:00.000000000,99933,193,99928,193,99937,193,99927,193,99938,193,99920,193,99985,193,99874,193,99988,193,99864,193,99993,100,99679,100,100005,100,99657,100,100043,100,99591,100,100049,100,99516,100,100056,100,99416,100
2019-06-28 09:39:10.000000000,99933,258,99928,258,99937,253,99927,253,99938,253,99920,253,99985,100,99874,100,99988,100,99864,100,99993,100,99679,100,100005,100,99657,100,100043,100,99591,100,100049,100,99516,100,100056,100,99416,100
2019-06-28 09:39:15.326813550,99933,258,99928,258,99937,253,99927,253,99938,253,99920,253,99985,100,99874,100,99988,100,99864,100,99993,100,99679,100,100005,100,99657,100,100043,100,99591,100,100049,100,99516,100,100056,100,99292,100
2019-06-28 09:39:20.000000000,99933,216,99928,216,99937,216,99927,216,99938,216,99920,216,99985,216,99874,216,99988,100,99864,100,99993,100,99679,100,100005,100,99657,100,100043,100,99591,100,100049,100,99516,100,100056,100,99292,100
2019-06-28 09:39:30.000000000,99933,258,99928,258,99937,253,99927,253,99938,253,99920,253,99985,100,99874,100,99988,100,99864,100,99993,100,99679,100,100005,100,99657,100,100043,100,99591,100,100049,100,99516,100,100056,100,99292,100
2019-06-28 09:39:40.000000000,99933,216,99928,216,99937,216,99927,216,99938,216,99920,216,99985,216,99874,216,99988,100,99864,100,99993,100,99679,100,100005,100,99657,100,100043,100,99591,100,100049,100,99516,100,100056,100,99292,100
2019-06-28 09:39:50.000000000,99933,216,99928,216,99937,216,99927,216,99938,216,99920,216,99985,216,99874,216,99988,100,99864,100,99993,100,99679,100,100005,100,99657,100,100043,100,99591,100,100049,100,99516,100,100056,100,99292,100
2019-06-28 09:40:00.000000000,99933,258,99928,258,99937,253,99927,253,99938,253,99920,253,99985,100,99874,100,99988,100,99864,100,99993,100,99679,100,100005,100,99657,100,100043,100,99591,100,100049,100,99516,100,100056,100,99292,100
2019-06-28 09:40:10.000000000,99933,332,99928,332,99937,332,99927,332,99938,100,99920,100,99985,100,99874,100,99988,100,99864,100,99993,100,99679,100,100005,100,99657,100,100043,100,99591,100,100049,100,99516,100,100056,100,99292,100
2019-06-28 09:40:17.085700828,99933,332,99928,232,99937,332,99927,332,99938,100,99920,100,99985,100,99874,100,99988,100,99864,100,99993,100,99679,100,100005,100,99657,100,100043,100,99591,100,100049,100,99516,100,100056,100,99292,100
2019-06-28 09:40:20.000000000,99933,216,99927,216,99937,216,99920,216,99938,216,99874,216,99985,216,99864,216,99988,100,99679,100,99993,100,99657,100,100005,100,99591,100,100043,100,99516,100,100049,100,99292,100,100056,100,99267,100
2019-06-28 09:40:27.685772998,99933,216,99927,116,99937,216,99920,216,99938,216,99874,216,99985,216,99864,216,99988,100,99679,100,99993,100,99657,100,100005,100,99591,100,100043,100,99516,100,100049,100,99292,100,100056,100,99267,100
2019-06-28 09:40:30.000000000,99933,193,99920,193,99937,193,99874,193,99938,193,99864,193,99985,193,99679,193,99988,193,99657,193,99993,100,99591,100,100005,100,99516,100,100043,100,99292,100,100049,100,99267,100,100056,100,99159,100
2019-06-28 09:40:40.000000000,99933,332,99920,332,99937,332,99874,332,99938,100,99864,100,99985,100,99679,100,99988,100,99657,100,99993,100,99591,100,100005,100,99516,100,100043,100,99292,100,100049,100,99267,100,100056,100,99159,100
2019-06-28 09:40:50.000000000,99933,216,99920,216,99937,216,99874,216,99938,216,99864,216,99985,216,99679,216,99988,100,99657,100,99993,100,99591,100,100005,100,99516,100,100043,100,99292,100,100049,100,99267,100,100056,100,99159,100
2019-06-28 09:41:00.000000000,99933,258,99920,258,99937,253,99874,253,99938,253,99864,253,99985,100,99679,100,99988,100,99657,100,99993,100,99591,100,100005,100,99516,100,100043,100,99292,100,100049,100,99267,100,100056,100,99159,100
2019-06-28 09:41:02.990838233,99928,100,99920,258,99933,258,99874,253,99937,253,99864,253,99938,253,99679,100,99988,100,99657,100,99993,100,99591,100,100005,100,99516,100,100043,100,99292,100,100049,100,99267,100,100056,100,99159,100
2019-06-28 09:41:10.000000000,99928,332,99920,332,99933,332,99874,332,99937,100,99864,100,99938,100,99679,100,99988,100,99657,100,99993,100,99591,100,100005,100,99516,100,100043,100,99292,100,100049,100,99267,100,100056,100,99159,100
2019-06-28 09:41:20.000000000,99928,258,99920,258,99933,253,99874,253,99937,253,99864,253,99938,100,99679,100,99988,100,99657,100,99993,100,99591,100,100005,100,99516,100,100043,100,99292,100,100049,100,99267,100,100056,100,99159,100
2019-06-28 09:41:22.672294112,99928,258,99920,158,99933,253,99874,253,99937,253,99864,253,99938,100,99679,100,99988,100,99657,100,99993,100,99591,100,100005,100,99516,100,100043,100,99267,100,100049,100,99159,100,100056,100,99094,100
2019-06-28 09:41:30.000000000,99928,258,99874,258,99933,253,99864,253,99937,253,99679,253,99938,100,99657,100,99988,100,99591,100,99993,100,99516,100,100005,100,99267,100,100043,100,99159,100,100049,100,99094,100,100056,100,98008,100
2019-06-28 09:41:34.674895015,99928,258,99874,258,99933,253,99864,253,99937,253,99679,253,99938,100,99657,100,99988,100,99591,100,99993,100,99516,100,100005,100,99267,100,100043,100,99159,100,100049,100,99094,100,100056,100,98329,100
2019-06-28 09:41:40.000000000,99928,216,99874,216,99933,216,99864,216,99937,216,99679,216,99938,216,99657,216,99988,100,99591,100,99993,100,99516,100,100005,100,99267,100,100043,100,99159,100,100049,100,99094,100,100056,100,98329,100
2019-06-28 09:41:50.000000000,99928,216,99874,216,99933,216,99864,216,99937,216,99679,216,99938,216,99657,216,99988,100,99591,100,99993,100,99516,100,100005,100,99267,100,100043,100,99159,100,100049,100,99094,100,100056,100,98329,100
2019-06-28 09:41:52.688123897,99928,216,99874,116,99933,216,99864,216,99937,216,99679,216,99938,216,99657,216,99993,100,99591,100,100005,100,99516,100,100043,100,99267,100,100049,100,99159,100,100056,100,99094,100,100089,100,98329,100
2019-06-28 09:42:00.000000000,99928,258,99864,258,99933,253,99679,253,99937,253,99657,253,99938,100,99591,100,99993,100,99516,100,100005,100,99267,100,100043,100,99159,100,100049,100,99094,100,100056,100,98329,100,100089,100,98008,100
2019-06-28 09:42:07.421672721,99920,100,99864,258,99928,258,99679,253,99933,253,99657,253,99937,253,99591,100,99938,100,99516,100,99993,100,99267,100,100005,100,99159,100,100043,100,99094,100,100049,100,98329,100,100056,100,98008,100
2019-06-28 09:42:10.000000000,99920,332,99864,332,99928,332,99679,332,99933,100,99657,100,99937,100,99591,100,99938,100,99516,100,99993,100,99267,100,100005,100,99159,100,100043,100,99094,100,100049,100,98329,100,100056,100,98008,100
2019-06-28 09:42:20.000000000,99920,216,99864,216,99928,216,99679,216,99933,216,99657,216,99937,216,99591,216,99938,100,99516,100,99993,100,99267,100,100005,100,99159,100,100043,100,99094,100,100049,100,98329,100,100056,100,98008,100
2019-06-28 09:42:24.601488464,99920,216,99864,116,99928,216,99679,216,99933,216,99657,216,99937,216,99591,216,99938,100,99516,100,99993,100,99267,100,100005,100,99159,100,100043,100,99094,100,100049,100,98329,100,100056,100,98008,100
2019-06-28 09:42:30.000000000,99920,332,99679,332,99928,332,99657,332,99933,100,99591,100,99937,100,99516,100,99938,100,99267,100,99993,100,99159,100,100005,100,99094,100,100043,100,98329,100,100049,100,98008,100,100056,100,,
2019-06-28 09:42:32.516354537,99920,332,99679,232,99928,332,99657,332,99933,100,99591,100,99937,100,99516,100,99938,100,99267,100,99993,100,99159,100,100005,100,99094,100,100043,100,98329,100,100049,100,98008,100,100056,100,,
2019-06-28 09:42:40.000000000,99920,193,99657,193,99928,193,99591,193,99933,193,99516,193,99937,193,99267,193,99938,193,99159,193,99993,100,99094,100,100005,100,98329,100,100043,100,98008,100,100049,100,,,100056,100,,
2019-06-28 09:42:40.237397425,99920,193,99657,193,99928,193,99591,193,99933,193,99516,193,99937,193,99267,193,99938,193,99170,100,99993,100,99159,193,100005,100,99094,100,100043,100,98329,100,100049,100,98008,100,100056,100,,
2019-06-28 09:42:50.000000000,99920,193,99657,193,99928,193,99591,193,99933,193,99516,193,99937,193,99267,193,99938,193,99170,193,99993,100,99159,100,100005,100,99094,100,100043,100,98329,100,100049,100,98008,100,100056,100,,
2019-06-28 09:43:00.000000000,99920,258,99657,258,99928,253,99591,253,99933,253,99516,253,99937,100,99267,100,99938,100,99170,100,99993,100,99159,100,100005,100,99094,100,100043,100,98329,100,100049,100,98008,100,100056,100,,
2019-06-28 09:43:10.000000000,99920,193,99657,193,99928,193,99591,193,99933,193,99516,193,99937,193,99267,193,99938,193,99170,193,99993,100,99159,100,100005,100,99094,100,100043,100,98329,100,100049,100,98008,100,100056,100,,
2019-06-28 09:43:13.722904193,99920,193,99657,93,99928,193,99591,193,99933,193,99516,193,99937,193,99267,193,99938,193,99170,193,99993,100,99159,100,100005,100,99094,100,100043,100,98329,100,100049,100,98008,100,100056,100,,
2019-06-28 09:43:20.000000000,99920,332,99591,332,99928,332,99516,332,99933,100,99267,100,99937,100,99170,100,99938,100,99159,100,99993,100,99094,100,100005,100,98329,100,100043,100,98008,100,100049,100,,,100056,100,,
2019-06-28 09:43:30.000000000,99920,258,99591,258,99928,253,99516,253,99933,253,99267,253,99937,100,99170,100,99938,100,99159,100,99993,100,99094,100,100005,100,98329,100,100043,100,98008,100,100049,100,,,100056,100,,
2019-06-28 09:43:40.000000000,99920,258,99591,258,99928,253,99516,253,99933,253,99267,253,99937,100,99170,100,99938,100,99159,100,99993,100,99094,100,100005,100,98329,100,100043,100,98008,100,100049,100,,,100056,100,,
2019-06-28 09:43:40.889755059,99679,100,99591,258,99920,258,99516,253,99928,253,99267,253,99933,253,99170,100,99937,100,99159,100,99938,100,99094,100,99993,100,98329,100,100005,100,98008,100,100043,100,,,100049,100,,
2019-06-28 09:43:43.257235786,99679,100,99591,158,99920,258,99516,253,99928,253,99267,253,99933,253,99170,100,99937,100,99159,100,99938,100,99094,100,99993,100,98329,100,100043,100,98008,100,100049,100,,,100056,100,,
2019-06-28 09:43:50.000000000,99679,332,99516,332,99920,332,99267,332,99928,100,99170,100,99933,100,99159,100,99937,100,99094,100,99938,100,98329,100,99993,100,98008,100,100043,100,,,100049,100,,,100056,100,,
2019-06-28 09:43:51.641862556,99679,332,99516,232,99920,332,99267,332,99928,100,99170,100,99933,100,99159,100,99937,100,99094,100,99938,100,98329,100,99993,100,98008,100,100043,100,,,100049,100,,,100056,100,,
2019-06-28 09:43:59.707785214,99614,100,99516,232,99679,332,99267,332,99920,332,99170,100,99928,100,99159,100,99933,100,99094,100,99937,100,98329,100,99938,100,98008,100,99993,100,,,100043,100,,,100049,100,,
2019-06-28 09:44:00.000000000,99614,193,99267,193,99679,193,99170,193,99920,193,99159,193,99928,193,99094,193,99933,193,98329,193,99937,100,98008,100,99938,100,,,99993,100,,,100043,100,,,100049,100,,
2019-06-28 09:44:10.000000000,99614,216,99267,216,99679,216,99170,216,99920,216,99159,216,99928,216,99094,216,99933,100,98329,100,99937,100,98008,100,99938,100,,,99993,100,,,100043,100,,,100049,100,,
2019-06-28 09:44:10.025228907,99614,216,99267,216,99679,216,99170,216,99920,216,99159,216,99928,116,99094,216,99933,100,98329,100,99937,100,98008,100,99938,100,,,99993,100,,,100043,100,,,100049,100,,
2019-06-28 09:44:20.000000000,99614,332,99267,332,99679,332,99170,332,99920,100,99159,100,99933,100,99094,100,99937,100,98329,100,99938,100,98008,100,99993,100,,,100043,100,,,100049,100,,,100056,100,,
2019-06-28 09:44:20.964920727,99591,100,99267,332,99614,332,99170,332,99679,332,99159,100,99920,100,99094,100,99933,100,98329,100,99937,100,98008,100,99938,100,,,99993,100,,,100043,100,,,100049,100,,
2019-06-28 09:44:30.000000000,99591,332,99267,332,99614,332,99170,332,99679,100,99159,100,99920,100,99094,100,99933,100,98329,100,99937,100,98008,100,99938,100,,,99993,100,,,100043,100,,,100049,100,,
2019-06-28 09:44:40.000000000,99591,258,99267,258,99614,253,99170,253,99679,253,99159,253,99920,100,99094,100,99933,100,98329,100,99937,100,98008,100,99938,100,,,99993,100,,,100043,100,,,100049,100,,
2019-06-28 09:44:41.416709907,99409,100,99267,258,99591,258,99170,253,99614,253,99159,253,99679,253,99094,100,99920,100,98329,100,99933,100,98008,100,99937,100,,,99938,100,,,99993,100,,,100043,100,,
2019-06-28 09:44:42.506211626,99409,100,99267,258,99591,258,99184,100,99614,253,99170,253,99679,253,99159,253,99920,100,99094,100,99933,100,98329,100,99937,100,98008,100,99938,100,,,99993,100,,,100043,100,,
2019-06-28 09:44:50.000000000,99409,332,99267,332,99591,332,99184,332,99614,100,99170,100,99679,100,99159,100,99920,100,99094,100,99933,100,98329,100,99937,100,98008,100,99938,100,,,99993,100,,,100043,100,,
2019-06-28 09:45:00.000000000,99409,193,99267,193,99591,193,99184,193,99614,193,99170,193,99679,193,99159,193,99920,193,99094,193,99933,100,98329,100,99937,100,98008,100,99938,100,,,99993,100,,,100043,100,,
2019-06-28 09:45:06.322962055,99409,193,99267,193,99460,100,99184,193,99591,193,99170,193,99614,193,99159,193,99679,193,99094,193,99920,193,98329,100,99933,100,98008,100,99937,100,,,99938,100,,,99993,100,,
2019-06-28 09:45:10.000000000,99409,193,99267,193,99460,193,99184,193,99591,193,99170,193,99614,193,99159,193,99679,193,99094,193,99920,100,98329,100,99933,100,98008,100,99937,100,,,99938,100,,,99993,100,,
2019-06-28 09:45:12.635544335,99409,193,99267,193,99460,193,99184,193,99591,293,99170,193,99614,193,99159,193,99679,193,99094,193,99920,100,98329,100,99937,100,98008,100,99938,100,,,99993,100,,,100043,100,,
2019-06-28 09:45:20.000000000,99409,258,99267,258,99460,253,99184,253,99591,353,99170,253,99614,100,99159,100,99679,100,99094,100,99920,100,98329,100,99937,100,98008,100,99938,100,,,99993,100,,,100043,100,,
2019-06-28 09:45:28.577957580,99409,258,99267,258,99460,253,99184,253,99591,353,99170,253,99614,100,99159,100,99679,100,99094,100,99718,100,98329,100,99920,100,98008,100,99937,100,,,99938,100,,,99993,100,,
2019-06-28 09:45:29.711751983,99409,258,99267,258,99457,100,99184,253,99460,253,99170,253,99591,353,99159,100,99614,100,99094,100,99679,100,98329,100,99718,100,98008,100,99920,100,,,99937,100,,,99938,100,,
2019-06-28 09:45:30.000000000,99409,193,99267,193,99457,193,99184,193,99460,193,99170,193,99591,293,99159,193,99614,193,99094,193,99679,100,98329,100,99718,100,98008,100,99920,100,,,99937,100,,,99938,100,,
2019-06-28 09:45:38.980701398,99409,193,99295,100,99457,193,99267,193,99460,193,99184,193,99591,293,99170,193,99614,193,99159,193,99679,100,99094,193,99718,100,98329,100,99920,100,98008,100,99937,100,,,99938,100,,
2019-06-28 09:45:40.000000000,99409,258,99295,258,99457,253,99267,253,99460,253,99184,253,99591,200,99170,100,99614,100,99159,100,99679,100,99094,100,99718,100,98329,100,99920,100,98008,100,99937,100,,,99938,100,,
2019-06-28 09:45:50.000000000,99409,332,99295,332,99457,332,99267,332,99460,100,99184,100,99591,200,99170,100,99614,100,99159,100,99679,100,99094,100,99718,100,98329,100,99920,100,98008,100,99937,100,,,99938,100,,
2019-06-28 09:46:00.000000000,99409,332,99295,332,99457,332,99267,332,99460,100,99184,100,99591,200,99170,100,99614,100,99159,100,99679,100,99094,100,99718,100,98329,100,99920,100,98008,100,99937,100,,,99938,100,,
2019-06-28 09:46:10.000000000,99409,258,99295,258,99457,253,99267,253,99460,253,99184,253,99591,200,99170,100,99614,100,99159,100,99679,100,99094,100,99718,100,98329,100,99920,100,98008,100,99937,100,,,99938,100,,
2019-06-28 09:46:20.000000000,99409,332,99295,332,99457,332,99267,332,99460,100,99184,100,99591,200,99170,100,99614,100,99159,100,99679,100,99094,100,99718,100,98329,100,99920,100,98008,100,99937,100,,,99938,100,,
2019-06-28 09:46:28.450063917,99409,332,99295,332,99457,332,99267,332,99460,100,99184,100,99591,200,99170,100,99614,100,99159,100,99679,100,99094,100,99718,100,99066,100,99920,100,98329,100,99937,100,,,99938,100,,
2019-06-28 09:46:30.000000000,99409,258,99295,258,99457,253,99267,253,99460,253,99184,253,99591,200,99170,100,99614,100,99159,100,99679,100,99094,100,99718,100,99066,100,99920,100,98329,100,99937,100,,,99938,100,,
2019-06-28 09:46:38.800483841,99409,158,99295,258,99457,253,99267,253,99460,253,99184,253,99591,200,99170,100,99614,100,99159,100,99679,100,99094,100,99718,100,99066,100,99920,100,98329,100,99937,100,,,99993,100,,
2019-06-28 09:46:40.000000000,99457,216,99295,216,99460,216,99267,216,99591,316,99184,216,99614,216,99170,216,99679,100,99159,100,99718,100,99094,100,99920,100,99066,100,99937,100,98329,100,99993,100,,,100043,100,,
2019-06-28 09:46:50.000000000,99457,193,99295,193,99460,193,99267,193,99591,293,99184,193,99614,193,99170,193,99679,193,99159,193,99718,100,99094,100,99920,100,99066,100,99937,100,98329,100,99993,100,,,100043,100,,
2019-06-28 09:46:53.188102687,99457,193,99295,193,99460,193,99267,193,99591,293,99184,193,99614,193,99170,193,99640,100,99159,93,99679,193,99094,100,99718,100,99066,100,99920,100,98329,100,99937,100,,,99993,100,,
2019-06-28 09:46:58.930047644,99457,93,99295,193,99460,193,99267,193,99591,293,99184,193,99614,93,99170,193,99640,100,99159,93,99679,193,99094,100,99718,100,99066,100,99920,100,98329,100,99937,100,,,99993,100,,
2019-06-28 09:47:00.000000000,99460,564,99295,564,99591,200,99267,100,99640,100,99184,100,99679,100,99170,100,99718,100,99094,100,99920,100,99066,100,99937,100,98329,100,99993,100,,,100043,100,,,100049,100,,
2019-06-28 09:47:03.048920466,99460,464,99295,564,99591,200,99267,100,99640,100,99184,100,99679,100,99170,100,99718,100,99094,100,99920,100,99066,100,99937,100,98329,100,99993,100,,,100043,100,,,100049,100,,
2019-06-28 09:47:05.072919067,99460,464,99295,564,99536,100,99267,100,99591,200,99184,100,99640,100,99170,100,99679,100,99094,100,99718,100,99066,100,99920,100,98329,100,99937,100,,,99993,100,,,100043,100,,
2019-06-28 09:47:05.711217332,99460,364,99295,564,99536,100,99267,100,99591,200,99184,100,99640,100,99170,100,99679,100,99094,100,99718,100,99066,100,99920,100,98329,100,99937,100,,,99993,100,,,100043,100,,
2019-06-28 09:47:10.000000000,99536,258,99295,258,99591,353,99267,253,99640,253,99184,253,99679,100,99170,100,99718,100,99094,100,99920,100,99066,100,99937,100,98329,100,99993,100,,,100043,100,,,100049,100,,
2019-06-28 09:47:18.803001453,99536,258,99460,100,99591,353,99295,258,99640,253,99267,253,99679,100,99184,253,99718,100,99170,100,99920,100,99094,100,99937,100,99066,100,99993,100,98329,100,100043,100,,,100049,100,,
2019-06-28 09:47:20.000000000,99536,258,99460,258,99591,353,99295,253,99640,253,99267,253,99679,100,99184,100,99718,100,99170,100,99920,100,99094,100,99937,100,99066,100,99993,100,98329,100,100043,100,,,100049,100,,
2019-06-28 09:47:28.544074130,99536,258,99460,158,99591,353,99295,253,99640,253,99267,253,99679,100,99184,100,99718,100,99170,100,99920,100,99094,100,99937,100,99066,100,99993,100,98329,100,100043,100,,,100049,100,,
2019-06-28 09:47:29.610004197,99536,258,99460,58,99591,353,99295,253,99640,253,99267,253,99679,100,99184,100,99718,100,99170,100,99920,100,99094,100,99937,100,99066,100,99993,100,98329,100,100043,100,,,100049,100,,
2019-06-28 09:47:30.000000000,99536,216,99295,216,99591,316,99267,216,99640,216,99184,216,99679,216,99170,216,99718,100,99094,100,99920,100,99066,100,99937,100,98329,100,99993,100,,,100043,100,,,100049,100,,
2019-06-28 09:47:40.000000000,99536,216,99295,216,99591,316,99267,216,99640,216,99184,216,99679,216,99170,216,99718,100,99094,100,99920,100,99066,100,99937,100,98329,100,99993,100,,,100043,100,,,100049,100,,
2019-06-28 09:47:45.783455497,99440,100,99295,216,99536,216,99267,216,99591,316,99184,216,99640,216,99170,216,99679,216,99094,100,99718,100,99066,100,99920,100,98329,100,99937,100,,,99993,100,,,100049,100,,
2019-06-28 09:47:47.079790201,99440,100,99341,100,99536,216,99295,216,99591,316,99267,216,99640,216,99184,216,99679,216,99170,216,99718,100,99094,100,99920,100,99066,100,99937,100,98329,100,99993,100,,,100049,100,,
2019-06-28 09:47:50.000000000,99440,216,99341,216,99536,216,99295,216,99591,316,99267,216,99640,216,99184,216,99679,100,99170,100,99718,100,99094,100,99920,100,99066,100,99937,100,98329,100,99993,100,,,100049,100,,
2019-06-28 09:48:00.000000000,99440,564,99341,564,99536,100,99295,100,99591,200,99267,100,99640,100,99184,100,99679,100,99170,100,99718,100,99094,100,99920,100,99066,100,99937,100,98329,100,99993,100,,,100049,100,,
2019-06-28 09:48:08.201472924,99440,564,99341,464,99536,100,99295,100,99591,200,99267,100,99640,100,99184,100,99679,100,99170,100,99718,100,99094,100,99920,100,99066,100,99937,100,98329,100,99993,100,,,100049,100,,
2019-06-28 09:48:08.653229896,99440,564,99341,364,99536,100,99295,100,99591,200,99267,100,99640,100,99184,100,99679,100,99170,100,99718,100,99094,100,99920,100,99066,100,99937,100,98329,100,99993,100,,,100049,100,,
2019-06-28 09:48:10.000000000,99440,258,99295,258,99536,253,99267,253,99591,353,99184,253,99640,100,99170,100,99679,100,99094,100,99718,100,99066,100,99920,100,98329,100,99937,100,,,99993,100,,,100049,100,,
2019-06-28 09:48:20.000000000,99440,258,99295,258,99536,253,99267,253,99591,353,99184,253,99640,100,99170,100,99679,100,99094,100,99718,100,99066,100,99920,100,98329,100,99937,100,,,99993,100,,,100049,100,,
2019-06-28 09:48:30.000000000,99440,216,99295,216,99536,216,99267,216,99591,316,99184,216,99640,216,99170,216,99679,100,99094,100,99718,100,99066,100,99920,100,98329,100,99937,100,,,99993,100,,,100049,100,,
2019-06-28 09:48:33.170456763,99440,216,99428,100,99536,216,99295,216,99591,316,99267,216,99640,216,99184,216,99679,100,99170,216,99718,100,99094,100,99920,100,99066,100,99937,100,98329,100,99993,100,,,100049,100,,
2019-06-28 09:48:34.012144892,99440,216,99428,100,99536,216,99295,216,99591,316,99267,216,99640,216,99184,216,99679,100,99170,216,99718,100,99094,100,99787,100,99066,100,99920,100,98329,100,99937,100,,,99993,100,,
2019-06-28 09:48:36.019786530,99440,116,99428,100,99536,216,99295,216,99591,316,99267,216,99640,216,99184,216,99679,100,99170,216,99718,100,99094,100,99787,100,99066,100,99920,100,98329,100,99937,100,,,99993,100,,
2019-06-28 09:48:40.000000000,99536,564,99428,564,99591,200,99295,100,99640,100,99267,100,99679,100,99184,100,99718,100,99170,100,99787,100,99094,100,99920,100,99066,100,99937,100,98329,100,99993,100,,,100049,100,,
2019-06-28 09:48:50.000000000,99536,216,99428,216,99591,316,99295,216,99640,216,99267,216,99679,216,99184,216,99718,100,99170,100,99787,100,99094,100,99920,100,99066,100,99937,100,98329,100,99993,100,,,100049,100,,
2019-06-28 09:48:53.976172121,99536,216,99428,216,99591,316,99295,116,99640,216,99267,216,99679,216,99184,216,99718,100,99170,100,99742,100,99094,100,99787,100,99066,100,99920,100,98329,100,99937,100,,,99993,100,,
2019-06-28 09:48:57.778086814,99536,216,99428,216,99591,316,99384,100,99640,216,99295,116,99679,216,99267,216,99718,100,99184,216,99742,100,99170,100,99787,100,99094,100,99920,100,99066,100,99937,100,98329,100,99993,100,,
2019-06-28 09:49:00.000000000,99536,564,99428,564,99591,200,99384,100,99640,100,99267,100,99679,100,99184,100,99718,100,99170,100,99742,100,99094,100,99787,100,99066,100,99920,100,98329,100,99937,100,,,99993,100,,
2019-06-28 09:49:10.000000000,99536,216,99428,216,99591,316,99384,216,99640,216,99267,216,99679,216,99184,216,99718,100,99170,100,99742,100,99094,100,99787,100,99066,100,99920,100,98329,100,99937,100,,,99993,100,,
2019-06-28 09:49:20.000000000,99536,193,99428,193,99591,293,99384,193,99640,193,99267,193,99679,193,99184,193,99718,193,99170,193,99742,100,99094,100,99787,100,99066,100,99920,100,98329,100,99937,100,,,99993,100,,
2019-06-28 09:49:24.527782390,99536,193,99429,100,99591,293,99428,193,99640,193,99384,193,99679,193,99267,193,99718,193,99184,193,99742,100,99170,193,99787,100,99094,100,99920,100,99066,100,99937,100,98329,100,99993,100,,
2019-06-28 09:49:25.499928255,99536,193,99429,200,99591,293,99428,193,99640,193,99384,193,99679,193,99267,193,99718,193,99184,193,99742,100,99170,193,99787,100,99094,100,99920,100,99066,100,99937,100,98329,100,99993,100,,
2019-06-28 09:49:30.000000000,99536,216,99429,316,99591,316,99428,216,99640,216,99384,216,99679,216,99267,216,99718,100,99184,100,99742,100,99170,100,99787,100,99094,100,99920,100,99066,100,99937,100,98329,100,99993,100,,
2019-06-28 09:49:40.000000000,99536,332,99429,432,99591,432,99428,332,99640,100,99384,100,99679,100,99267,100,99718,100,99184,100,99742,100,99170,100,99787,100,99094,100,99920,100,99066,100,99937,100,98329,100,99993,100,,
2019-06-28 09:49:45.775015615,99536,332,99429,432,99591,432,99428,332,99640,100,99384,100,99679,100,99267,100,99718,100,99184,100,99742,100,99170,100,99787,100,99094,100,99920,100,99066,100,99937,100,98329,100,99993,100,,
2019-06-28 09:49:50.000000000,99536,193,99429,293,99591,293,99428,193,99640,193,99384,193,99679,193,99267,193,99718,193,99184,193,99742,100,99170,100,99787,100,99094,100,99920,100,99066,100,99937,100,98329,100,99993,100,,
2019-06-28 09:50:00.000000000,99536,216,99429,316,99591,316,99428,216,99640,216,99384,216,99679,216,99267,216,99718,100,99184,100,99742,100,99170,100,99787,100,99094,100,99920,100,99066,100,99937,100,98329,100,99993,100,,
2019-06-28 09:50:01.571048475,99536,216,99429,416,99591,316,99428,216,99640,216,99384,216,99679,216,99267,216,99718,100,99184,100,99742,100,99170,100,99787,100,99094,100,99920,100,99066,100,99937,100,98329,100,99993,100,,
2019-06-28 09:50:02.041909057,99536,116,99429,416,99591,316,99428,216,99640,216,99384,216,99679,216,99267,216,99718,100,99184,100,99742,100,99170,100,99787,100,99094,100,99920,100,99066,100,99937,100,98329,100,99993,100,,
2019-06-28 09:50:10.000000000,99591,293,99429,393,99640,193,99428,193,99679,193,99384,193,99718,193,99267,193,99742,193,99184,193,99787,100,99170,100,99920,100,99094,100,99937,100,99066,100,99993,100,98329,100,100049,100,,
2019-06-28 09:50:20.000000000,99591,358,99429,458,99640,253,99428,253,99679,253,99384,253,99718,100,99267,100,99742,100,99184,100,99787,100,99170,100,99920,100,99094,100,99937,100,99066,100,99993,100,98329,100,100049,100,,
2019-06-28 09:50:27.375790198,99591,358,99429,458,99640,253,99428,253,99679,253,99384,253,99718,100,99267,100,99742,100,99184,100,99787,100,99170,100,99937,100,99094,100,99993,100,99066,100,100049,100,98329,100,100056,100,,
2019-06-28 09:50:30.000000000,99591,432,99429,532,99640,332,99428,332,99679,100,99384,100,99718,100,99267,100,99742,100,99184,100,99787,100,99170,100,99937,100,99094,100,99993,100,99066,100,100049,100,98329,100,100056,100,,
2019-06-28 09:50:40.000000000,99591,432,99429,532,99640,332,99428,332,99679,100,99384,100,99718,100,99267,100,99742,100,99184,100,99787,100,99170,100,99937,100,99094,100,99993,100,99066,100,100049,100,98329,100,100056,100,,
2019-06-28 09:50:46.825732385,99591,432,99429,532,99640,332,99428,332,99679,100,99384,100,99718,100,99267,100,99742,100,99184,100,99787,100,99170,100,99993,100,99094,100,100049,100,99066,100,100056,100,98329,100,100115,100,,
2019-06-28 09:50:47.939612227,99591,332,99429,532,99640,332,99428,332,99679,100,99384,100,99718,100,99267,100,99742,100,99184,100,99787,100,99170,100,99993,100,99094,100,100049,100,99066,100,100056,100,98329,100,100115,100,,
2019-06-28 09:50:50.000000000,99591,193,99429,393,99640,193,99428,193,99679,193,99384,193,99718,193,99267,193,99742,193,99184,193,99787,100,99170,100,99993,100,99094,100,100049,100,99066,100,100056,100,98329,100,100115,100,,
2019-06-28 09:51:00.000000000,99591,564,99429,764,99640,100,99428,100,99679,100,99384,100,99718,100,99267,100,99742,100,99184,100,99787,100,99170,100,99993,100,99094,100,100049,100,99066,100,100056,100,98329,100,100115,100,,
2019-06-28 09:51:03.821238024,99591,464,99429,764,99640,100,99428,100,99679,100,99384,100,99718,100,99267,100,99742,100,99184,100,99787,100,99170,100,99993,100,99094,100,100049,100,98329,100,100056,100,,,100115,100,,
2019-06-28 09:51:10.000000000,99640,564,99429,764,99679,100,99428,100,99718,100,99384,100,99742,100,99267,100,99787,100,99184,100,99993,100,99170,100,100049,100,99094,100,100056,100,98329,100,100115,100,,,100140,100,,
2019-06-28 09:51:20.000000000,99640,216,99429,416,99679,216,99428,216,99718,216,99384,216,99742,216,99267,216,99787,100,99184,100,99993,100,99170,100,100049,100,99094,100,100056,100,98329,100,100115,100,,,100140,100,,
2019-06-28 09:51:30.000000000,99640,193,99429,393,99679,193,99428,193,99718,193,99384,193,99742,193,99267,193,99787,193,99184,193,99993,100,99170,100,100049,100,99094,100,100056,100,98329,100,100115,100,,,100140,100,,
2019-06-28 09:51:33.563523966,99640,193,99591,100,99679,193,99429,393,99718,193,99428,193,99742,193,99384,193,99787,193,99267,193,99993,100,99184,193,100049,100,99170,100,100056,100,99094,100,100115,100,98329,100,100140,100,,
2019-06-28 09:51:40.000000000,99640,332,99591,332,99679,332,99429,532,99718,100,99428,100,99742,100,99384,100,99787,100,99267,100,99993,100,99184,100,100049,100,99170,100,100056,100,99094,100,100115,100,98329,100,100140,100,,
2019-06-28 09:51:41.429648742,99640,232,99591,332,99679,332,99429,532,99718,100,99428,100,99742,100,99384,100,99787,100,99267,100,99993,100,99184,100,100049,100,99170,100,100056,100,99094,100,100115,100,98329,100,100140,100,,
2019-06-28 09:51:45.929548838,99640,232,99591,332,99679,332,99429,532,99718,100,99428,100,99742,100,99384,100,99787,100,99267,100,99993,100,99184,100,100049,100,99170,100,100056,100,99094,100,100064,100,98329,100,100115,100,,
2019-06-28 09:51:50.000000000,99679,193,99591,193,99718,193,99429,393,99742,193,99428,193,99787,193,99384,193,99993,193,99267,193,100049,100,99184,100,100056,100,99170,100,100064,100,99094,100,100115,100,98329,100,100140,100,,
2019-06-28 09:51:51.741594565,99679,93,99591,193,99718,193,99429,393,99742,193,99428,193,99787,193,99384,193,99993,193,99267,193,100049,100,99184,100,100056,100,99170,100,100064,100,99094,100,100115,100,98329,100,100140,100,,
2019-06-28 09:52:00.000000000,99718,564,99591,564,99742,100,99429,300,99787,100,99428,100,99993,100,99384,100,100049,100,99267,100,100056,100,99184,100,100064,100,99170,100,100115,100,99094,100,100140,100,98329,100,100158,100,,
2019-06-28 09:52:05.059530719,99718,564,99640,100,99742,100,99591,564,99787,100,99429,300,99993,100,99428,100,100049,100,99384,100,100056,100,99267,100,100064,100,99184,100,100115,100,99170,100,100140,100,99094,100,100158,100,98329,100
2019-06-28 09:52:10.000000000,99718,216,99640,216,99742,216,99591,216,99787,216,99429,416,99993,216,99428,216,100049,100,99384,100,100056,100,99267,100,100064,100,99184,100,100115,100,99170,100,100140,100,99094,100,100158,100,98329,100
2019-06-28 09:52:18.668204558,99718,216,99640,216,99742,216,99591,216,99787,216,99429,416,99993,216,99428,216,100049,100,99384,100,100056,100,99267,100,100064,100,99184,100,100115,100,99170,100,100140,100,99094,100,100158,100,98329,100
2019-06-28 09:52:20.000000000,99718,193,99640,193,99742,193,99591,193,99787,193,99429,393,99993,193,99428,193,100049,193,99384,193,100056,100,99267,100,100064,100,99184,100,100115,100,99170,100,100140,100,99094,100,100158,100,98329,100
2019-06-28 09:52:23.393324342,99718,93,99640,193,99742,193,99591,193,99787,193,99429,393,99993,193,99428,193,100049,193,99384,193,100056,100,99267,100,100064,100,99184,100,100115,100,99170,100,100140,100,99094,100,100158,100,98329,100
2019-06-28 09:52:30.000000000,99742,193,99640,193,99787,193,99591,193,99993,193,99429,393,100049,193,99428,193,100056,193,99384,193,100064,100,99267,100,100115,100,99184,100,100140,100,99170,100,100158,100,99094,100,100237,100,98329,100
2019-06-28 09:52:40.000000000,99742,332,99640,332,99787,332,99591,332,99993,100,99429,300,100049,100,99428,100,100056,100,99384,100,100064,100,99267,100,100115,100,99184,100,100140,100,99170,100,100158,100,99094,100,100237,100,98329,100
2019-06-28 09:52:50.000000000,99742,332,99640,332,99787,332,99591,332,99993,100,99429,300,100049,100,99428,100,100056,100,99384,100,100064,100,99267,100,100115,100,99184,100,100140,100,99170,100,100158,100,99094,100,100237,100,98329,100
2019-06-28 09:52:56.006255690,99742,332,99640,332,99787,332,99591,332,99947,100,99429,300,99993,100,99428,100,100049,100,99384,100,100056,100,99267,100,100064,100,99184,100,100115,100,99170,100,100140,100,99094,100,100158,100,98329,100
2019-06-28 09:53:00.000000000,99742,216,99640,216,99787,216,99591,216,99947,216,99429,416,99993,216,99428,216,100049,100,99384,100,100056,100,99267,100,100064,100,99184,100,100115,100,99170,100,100140,100,99094,100,100158,100,98329,100
2019-06-28 09:53:10.000000000,99742,332,99640,332,99787,332,99591,332,99947,100,99429,300,99993,100,99428,100,100049,100,99384,100,100056,100,99267,100,100064,100,99184,100,100115,100,99170,100,100140,100,99094,100,100158,100,98329,100
2019-06-28 09:53:20.000000000,99742,216,99640,216,99787,216,99591,216,99947,216,99429,416,99993,216,99428,216,100049,100,99384,100,100056,100,99267,100,100064,100,99184,100,100115,100,99170,100,100140,100,99094,100,100158,100,98329,100
2019-06-28 09:53:23.608173535,99742,216,99640,216,99787,216,99591,216,99947,216,99429,416,99993,216,99428,216,100049,100,99384,100,100056,100,99267,100,100064,100,99184,100,100115,100,99170,100,100140,100,99094,100,100158,100,98329,100
2019-06-28 09:53:27.719423538,99742,216,99679,100,99787,216,99640,216,99947,216,99591,216,99993,216,99429,416,100049,100,99428,216,100056,100,99384,100,100064,100,99267,100,100115,100,99184,100,100140,100,99170,100,100158,100,99094,100
2019-06-28 09:53:30.000000000,99742,216,99679,216,99787,216,99640,216,99947,216,99591,216,99993,216,99429,416,100049,100,99428,100,100056,100,99384,100,100064,100,99267,100,100115,100,99184,100,100140,100,99170,100,100158,100,99094,100
2019-06-28 09:53:40.000000000,99742,332,99679,332,99787,332,99640,332,99947,100,99591,100,99993,100,99429,300,100049,100,99428,100,100056,100,99384,100,100064,100,99267,100,100115,100,99184,100,100140,100,99170,100,100158,100,99094,100
2019-06-28 09:53:50.000000000,99742,216,99679,216,99787,216,99640,216,99947,216,99591,216,99993,216,99429,416,100049,100,99428,100,100056,100,99384,100,100064,100,99267,100,100115,100,99184,100,100140,100,99170,100,100158,100,99094,100
2019-06-28 09:54:00.000000000,99742,216,99679,216,99787,216,99640,216,99947,216,99591,216,99993,216,99429,416,100049,100,99428,100,100056,100,99384,100,100064,100,99267,100,100115,100,99184,100,100140,100,99170,100,100158,100,99094,100
2019-06-28 09:54:06.221333949,99742,216,99679,216,99787,216,99640,216,99947,216,99591,216,99993,216,99429,416,100049,100,99428,100,100056,100,99384,100,100064,100,99267,100,100115,100,99184,100,100140,100,99170,100,100158,100,99094,100
2019-06-28 09:54:10.000000000,99742,258,99679,258,99787,253,99640,253,99947,253,99591,253,99993,100,99429,300,100049,100,99428,100,100056,100,99384,100,100064,100,99267,100,100115,100,99184,100,100140,100,99170,100,100158,100,99094,100
2019-06-28 09:54:13.101673610,99742,158,99679,258,99787,253,99640,253,99947,253,99591,253,99993,100,99429,300,100049,100,99428,100,100056,100,99384,100,100064,100,99267,100,100115,100,99184,100,100140,100,99170,100,100158,100,99094,100
2019-06-28 09:54:20.000000000,99787,332,99679,332,99947,332,99640,332,99993,100,99591,100,100049,100,99429,300,100056,100,99428,100,100064,100,99384,100,100115,100,99267,100,100140,100,99184,100,100158,100,99170,100,100237,100,99094,100
2019-06-28 09:54:20.832736835,99787,232,99679,332,99947,332,99640,332,99993,100,99591,100,100049,100,99429,300,100056,100,99428,100,100064,100,99384,100,100115,100,99267,100,100140,100,99184,100,100158,100,99170,100,100237,100,99094,100
2019-06-28 09:54:30.000000000,99947,216,99679,216,99993,216,99640,216,100049,216,99591,216,100056,216,99429,416,100064,100,99428,100,100115,100,99384,100,100140,100,99267,100,100158,100,99184,100,100237,100,99170,100,100382,100,99094,100
2019-06-28 09:54:38.492678211,99947,116,99679,216,99993,216,99640,216,100049,216,99591,216,100056,216,99429,416,100064,100,99428,100,100115,100,99384,100,100140,100,99267,100,100158,100,99184,100,100237,100,99170,100,100382,100,99094,100
2019-06-28 09:54:40.000000000,99993,332,99679,332,100049,332,99640,332,100056,100,99591,100,100064,100,99429,300,100115,100,99428,100,100140,100,99384,100,100158,100,99267,100,100237,100,99184,100,100382,100,99170,100,,,99094,100
2019-06-28 09:54:50.000000000,99993,193,99679,193,100049,193,99640,193,100056,193,99591,193,100064,193,99429,393,100115,193,99428,193,100140,100,99384,100,100158,100,99267,100,100237,100,99184,100,100382,100,99170,100,,,99094,100
2019-06-28 09:54:51.946268628,99993,93,99679,193,100049,193,99640,193,100056,193,99591,193,100064,193,99429,393,100115,193,99428,193,100140,100,99384,100,100158,100,99267,100,100237,100,99184,100,100382,100,99170,100,,,99094,100
2019-06-28 09:55:00.000000000,100049,332,99679,332,100056,332,99640,332,100064,100,99591,100,100115,100,99429,300,100140,100,99428,100,100158,100,99384,100,100237,100,99267,100,100382,100,99184,100,,,99170,100,,,99094,100
2019-06-28 09:55:09.556713392,100049,232,99679,332,100056,332,99640,332,100064,100,99591,100,100115,100,99429,300,100140,100,99384,100,100158,100,99267,100,100237,100,99184,100,100382,100,99170,100,,,99094,100,,,98329,100
2019-06-28 09:55:10.000000000,100056,193,99679,193,100064,193,99640,193,100115,193,99591,193,100140,193,99429,393,100158,193,99384,193,100237,100,99267,100,100382,100,99184,100,,,99170,100,,,99094,100,,,98329,100
2019-06-28 09:55:20.000000000,100056,258,99679,258,100064,253,99640,253,100115,253,99591,253,100140,100,99429,300,100158,100,99384,100,100237,100,99267,100,100382,100,99184,100,,,99170,100,,,99094,100,,,98329,100
2019-06-28 09:55:21.314950169,100056,158,99679,258,100064,253,99640,253,100115,253,99591,253,100158,100,99429,300,100237,100,99384,100,100382,100,99267,100,,,99184,100,,,99170,100,,,99094,100,,,98329,100
2019-06-28 09:55:25.378128829,100056,58,99679,258,100064,253,99640,253,100115,253,99591,253,100158,100,99429,300,100237,100,99384,100,100382,100,99267,100,,,99184,100,,,99170,100,,,99094,100,,,98329,100
2019-06-28 09:55:26.605485692,100056,58,99679,258,100064,253,99640,153,100115,253,99591,253,100158,100,99429,300,100237,100,99384,100,100382,100,99267,100,,,99184,100,,,99170,100,,,99094,100,,,98329,100
2019-06-28 09:55:30.000000000,100064,193,99679,193,100115,193,99591,193,100158,193,99429,393,100237,193,99384,193,100382,193,99267,193,,,99184,100,,,99170,100,,,99094,100,,,98329,100,,,,
2019-06-28 09:55:40.000000000,100064,564,99679,564,100115,100,99591,100,100158,100,99429,300,100237,100,99384,100,100382,100,99267,100,,,99184,100,,,99170,100,,,99094,100,,,98329,100,,,,
2019-06-28 09:55:47.852083706,100064,564,99891,100,100115,100,99679,564,100158,100,99591,100,100237,100,99429,300,100382,100,99384,100,,,99267,100,,,99184,100,,,99170,100,,,99094,100,,,98329,100
2019-06-28 09:55:50.000000000,100064,332,99891,332,100115,332,99679,332,100158,100,99591,100,100237,100,99429,300,100382,100,99384,100,,,99267,100,,,99184,100,,,99170,100,,,99094,100,,,98329,100
2019-06-28 09:56:00.000000000,100064,332,99891,332,100115,332,99679,332,100158,100,99591,100,100237,100,99429,300,100382,100,99384,100,,,99267,100,,,99184,100,,,99170,100,,,99094,100,,,98329,100
2019-06-28 09:56:10.000000000,100064,193,99891,193,100115,193,99679,193,100158,193,99591,193,100237,193,99429,393,100382,193,99384,193,,,99267,100,,,99184,100,,,99170,100,,,99094,100,,,98329,100
2019-06-28 09:56:12.780518507,100064,193,100022,100,100115,193,99891,193,100158,193,99679,193,100237,193,99591,193,100382,193,99429,393,,,99384,193,,,99267,100,,,99184,100,,,99170,100,,,99094,100
2019-06-28 09:56:20.000000000,100064,258,100022,258,100115,253,99891,253,100158,253,99679,253,100237,100,99591,100,100382,100,99429,300,,,99384,100,,,99267,100,,,99184,100,,,99170,100,,,99094,100
2019-06-28 09:56:30.000000000,100064,564,100022,564,100115,100,99891,100,100158,100,99679,100,100237,100,99591,100,100382,100,99429,300,,,99384,100,,,99267,100,,,99184,100,,,99170,100,,,99094,100
2019-06-28 09:56:32.552664106,100064,464,100022,564,100115,100,99891,100,100158,100,99679,100,100237,100,99591,100,100382,100,99429,300,,,99384,100,,,99267,100,,,99184,100,,,99170,100,,,99094,100
2019-06-28 09:56:35.929919623,100064,364,100022,564,100115,100,99891,100,100158,100,99679,100,100237,100,99591,100,100382,100,99429,300,,,99384,100,,,99267,100,,,99184,100,,,99170,100,,,99094,100
2019-06-28 09:56:40.000000000,100115,332,100022,332,100158,332,99891,332,100237,100,99679,100,100382,100,99591,100,,,99429,300,,,99384,100,,,99267,100,,,99184,100,,,99170,100,,,99094,100
2019-06-28 09:56:50.000000000,100115,193,100022,193,100158,193,99891,193,100237,193,99679,193,100382,193,99591,193,100383,93,99429,393,,,99384,100,,,99267,100,,,99184,100,,,99170,100,,,99094,100
2019-06-28 09:56:53.043538183,100115,93,100022,193,100158,193,99891,193,100237,193,99679,193,100382,193,99591,193,100383,93,99429,393,,,99384,100,,,99267,100,,,99184,100,,,99170,100,,,99094,100
2019-06-28 09:57:00.000000000,100158,216,100022,216,100237,216,99891,216,100382,216,99679,216,100383,116,99591,216,,,99429,300,,,99384,100,,,99267,100,,,99184,100,,,99170,100,,,99094,100
2019-06-28 09:57:03.092056372,100158,116,100022,216,100237,216,99891,216,100382,216,99679,216,100383,116,99591,216,,,99429,300,,,99384,100,,,99267,100,,,99184,100,,,99170,100,,,99094,100
2019-06-28 09:57:03.873214364,100158,116,100115,100,100237,216,100022,216,100382,216,99891,216,100383,116,99679,216,,,99591,216,,,99429,300,,,99384,100,,,99267,100,,,99184,100,,,99170,100
2019-06-28 09:57:10.000000000,100237,258,100115,258,100382,253,100022,253,100383,153,99891,253,,,99679,100,,,99591,100,,,99429,300,,,99384,100,,,99267,100,,,99184,100,,,99170,100
2019-06-28 09:57:12.893577455,100237,158,100115,258,100382,253,100022,253,100383,153,99891,253,,,99679,100,,,99591,100,,,99429,300,,,99384,100,,,99267,100,,,99184,100,,,99170,100
2019-06-28 09:57:17.722752731,100237,158,100115,258,100382,253,100022,253,100383,153,99891,253,100538,100,99679,100,,,99591,100,,,99429,300,,,99384,100,,,99267,100,,,99184,100,,,99170,100
2019-06-28 09:57:18.933666010,100237,58,100115,258,100382,253,100022,253,100383,153,99891,253,100538,100,99679,100,,,99591,100,,,99429,300,,,99384,100,,,99267,100,,,99184,100,,,99170,100
2019-06-28 09:57:20.000000000,100382,216,100115,216,100538,216,100022,216,100539,116,99891,216,,,99679,216,,,99591,100,,,99429,300,,,99384,100,,,99267,100,,,99184,100,,,99170,100
2019-06-28 09:57:30.000000000,100382,216,100115,216,100538,216,100022,216,100539,116,99891,216,,,99679,216,,,99591,100,,,99429,300,,,99384,100,,,99267,100,,,99184,100,,,99170,100
2019-06-28 09:57:40.000000000,100382,258,100115,258,100538,253,100022,253,100539,153,99891,253,,,99679,100,,,99591,100,,,99429,300,,,99384,100,,,99267,100,,,99184,100,,,99170,100
2019-06-28 09:57:50.000000000,100382,564,100115,564,100538,100,100022,100,,,99891,100,,,99679,100,,,99591,100,,,99429,300,,,99384,100,,,99267,100,,,99184,100,,,99170,100
2019-06-28 09:57:53.384850910,100382,564,100237,100,100538,100,100115,564,,,100022,100,,,99891,100,,,99679,100,,,99591,100,,,99429,300,,,99384,100,,,99267,100,,,99184,100
2019-06-28 09:57:53.553247496,100382,464,100237,100,100538,100,100115,564,,,100022,100,,,99891,100,,,99679,100,,,99591,100,,,99429,300,,,99384,100,,,99267,100,,,99184,100
2019-06-28 09:58:00.000000000,100538,216,100237,216,100539,116,100115,216,,,100022,216,,,99891,216,,,99679,100,,,99591,100,,,99429,300,,,99384,100,,,99267,100,,,99184,100
2019-06-28 09:58:08.710331487,100273,100,100237,216,100538,216,100115,216,100539,116,100022,216,,,99891,216,,,99679,100,,,99591,100,,,99429,300,,,99384,100,,,99267,100,,,99184,100
2019-06-28 09:58:10.000000000,100273,193,100237,193,100538,193,100115,193,100539,93,100022,193,,,99891,193,,,99679,193,,,99591,100,,,99429,300,,,99384,100,,,99267,100,,,99184,100
2019-06-28 09:58:20.000000000,100273,258,100237,258,100538,253,100115,253,100539,153,100022,253,,,99891,100,,,99679,100,,,99591,100,,,99429,300,,,99384,100,,,99267,100,,,99184,100
2019-06-28 09:58:30.000000000,100273,564,100237,564,100538,100,100115,100,,,100022,100,,,99891,100,,,99679,100,,,99591,100,,,99429,300,,,99384,100,,,99267,100,,,99184,100
2019-06-28 09:58:40.000000000,100273,258,100237,258,100538,253,100115,253,100539,153,100022,253,,,99891,100,,,99679,100,,,99591,100,,,99429,300,,,99384,100,,,99267,100,,,99184,100
2019-06-28 09:58:47.295407823,100273,158,100237,258,100538,253,100115,253,100539,153,100022,253,,,99891,100,,,99679,100,,,99591,100,,,99429,300,,,99384,100,,,99267,100,,,99184,100
2019-06-28 09:58:48.349467947,100273,58,100237,258,100538,253,100115,253,100539,153,100022,253,,,99891,100,,,99679,100,,,99591,100,,,99429,300,,,99384,100,,,99267,100,,,99184,100
2019-06-28 09:58:50.000000000,100538,332,100237,332,100539,232,100115,332,,,100022,100,,,99891,100,,,99679,100,,,99591,100,,,99429,300,,,99384,100,,,99267,100,,,99184,100
2019-06-28 09:58:59.195478823,100538,232,100237,332,100539,232,100115,332,,,100022,100,,,99891,100,,,99679,100,,,99591,100,,,99429,300,,,99384,100,,,99267,100,,,99184,100
2019-06-28 09:59:00.000000000,,,100237,100,,,100115,100,,,100022,100,,,99891,100,,,99679,100,,,99591,100,,,99429,300,,,99384,100,,,99267,100,,,99184,100
2019-06-28 09:59:12.526365489,,,101419,100,,,100237,100,,,100115,100,,,100022,100,,,99891,100,,,99679,100,,,99591,100,,,99429,300,,,99384,100,,,99267,100
2019-06-28 10:00:02.941752142,,,100237,100,,,100115,100,,,100022,100,,,99891,100,,,99679,100,,,99591,100,,,99429,300,,,99384,100,,,99267,100,,,99184,100
2019-06-28 10:00:22.192692664,100732,100,100237,100,,,100115,100,,,100022,100,,,99891,100,,,99679,100,,,99591,100,,,99429,300,,,99384,100,,,99267,100,,,99094,100
2019-06-28 10:00:30.000000000,100732,258,100237,258,100733,153,100115,253,,,100022,253,,,99891,100,,,99679,100,,,99591,100,,,99429,300,,,99384,100,,,99267,100,,,99094,100
2019-06-28 10:00:38.567719360,100732,258,100452,100,100733,153,100237,258,,,100115,253,,,100022,253,,,99891,100,,,99679,100,,,99591,100,,,99429,300,,,99384,100,,,99094,100
2019-06-28 10:00:40.000000000,100732,564,100452,564,,,100237,100,,,100115,100,,,100022,100,,,99891,100,,,99679,100,,,99591,100,,,99429,300,,,99384,100,,,99094,100
2019-06-28 10:00:40.450552395,100732,564,100452,564,,,100364,100,,,100237,100,,,100115,100,,,100022,100,,,99891,100,,,99679,100,,,99591,100,,,99429,300,,,99384,100
2019-06-28 10:00:41.737192112,100539,100,100452,564,100732,564,100364,100,,,100237,100,,,100115,100,,,100022,100,,,99891,100,,,99679,100,,,99591,100,,,99429,300,,,99384,100
2019-06-28 10:00:42.512831038,100539,100,100452,564,100732,564,100364,100,,,100237,100,,,100191,100,,,100115,100,,,100022,100,,,99891,100,,,99679,100,,,99591,100,,,99429,300
2019-06-28 10:00:42.671703961,100539,100,100452,564,100732,564,100364,100,100792,100,100237,100,,,100191,100,,,100115,100,,,100022,100,,,99891,100,,,99679,100,,,99591,100,,,99429,300
2019-06-28 10:00:50.000000000,100539,564,100452,564,100732,100,100364,100,100792,100,100237,100,,,100191,100,,,100115,100,,,100022,100,,,99891,100,,,99679,100,,,99591,100,,,99429,300
2019-06-28 10:01:00.000000000,100539,332,100452,332,100732,332,100364,332,100792,100,100237,100,,,100191,100,,,100115,100,,,100022,100,,,99891,100,,,99679,100,,,99591,100,,,99429,300
2019-06-28 10:01:10.000000000,100539,216,100452,216,100732,216,100364,216,100792,216,100237,216,100793,116,100191,216,,,100115,100,,,100022,100,,,99891,100,,,99679,100,,,99591,100,,,99429,300
2019-06-28 10:01:13.619133261,100518,100,100452,216,100539,216,100364,216,100732,216,100237,216,100792,216,100191,216,100793,116,100115,100,,,100022,100,,,99891,100,,,99679,100,,,99591,100,,,99429,300
2019-06-28 10:01:20.000000000,100518,564,100452,564,100539,100,100364,100,100732,100,100237,100,100792,100,100191,100,,,100115,100,,,100022,100,,,99891,100,,,99679,100,,,99591,100,,,99429,300
2019-06-28 10:01:30.000000000,100518,193,100452,193,100539,193,100364,193,100732,193,100237,193,100792,193,100191,193,100793,93,100115,193,,,100022,100,,,99891,100,,,99679,100,,,99591,100,,,99429,300
2019-06-28 10:01:31.172190151,100518,93,100452,193,100539,193,100364,193,100732,193,100237,193,100792,193,100191,193,100793,93,100115,193,,,100022,100,,,99891,100,,,99679,100,,,99591,100,,,99429,300
2019-06-28 10:01:40.000000000,100539,193,100452,193,100732,193,100364,193,100792,193,100237,193,100793,93,100191,193,,,100115,193,,,100022,100,,,99891,100,,,99679,100,,,99591,100,,,99429,300
2019-06-28 10:01:41.299149131,100539,93,100452,193,100732,193,100364,193,100792,193,100237,193,100793,93,100191,193,,,100115,193,,,100022,100,,,99891,100,,,99679,100,,,99591,100,,,99429,300
2019-06-28 10:01:50.000000000,100732,332,100452,332,100792,332,100364,332,,,100237,100,,,100191,100,,,100115,100,,,100022,100,,,99891,100,,,99679,100,,,99591,100,,,99429,300
2019-06-28 10:01:50.193222019,100732,332,100518,100,100792,332,100452,332,,,100364,332,,,100237,100,,,100191,100,,,100115,100,,,100022,100,,,99891,100,,,99679,100,,,99591,100
2019-06-28 10:02:00.000000000,100732,258,100518,258,100792,253,100452,253,100793,153,100364,253,,,100237,100,,,100191,100,,,100115,100,,,100022,100,,,99891,100,,,99679,100,,,99591,100
2019-06-28 10:02:07.221382895,100732,258,100540,100,100792,253,100518,258,100793,153,100452,253,,,100364,253,,,100237,100,,,100191,100,,,100115,100,,,100022,100,,,99891,100,,,99679,100
2019-06-28 10:02:10.000000000,100732,332,100540,332,100792,332,100518,332,,,100452,100,,,100364,100,,,100237,100,,,100191,100,,,100115,100,,,100022,100,,,99891,100,,,99679,100
2019-06-28 10:02:20.000000000,100732,564,100540,564,100792,100,100518,100,,,100452,100,,,100364,100,,,100237,100,,,100191,100,,,100115,100,,,100022,100,,,99891,100,,,99679,100
2019-06-28 10:02:30.000000000,100732,193,100540,193,100792,193,100518,193,100793,93,100452,193,,,100364,193,,,100237,193,,,100191,100,,,100115,100,,,100022,100,,,99891,100,,,99679,100
2019-06-28 10:02:38.600534490,100732,193,100540,93,100792,193,100518,193,100793,93,100452,193,,,100364,193,,,100237,193,,,100191,100,,,100115,100,,,100022,100,,,99891,100,,,99591,100
2019-06-28 10:02:40.000000000,100732,564,100518,564,100792,100,100452,100,,,100364,100,,,100237,100,,,100191,100,,,100115,100,,,100022,100,,,99891,100,,,99591,100,,,99429,300
2019-06-28 10:02:41.233685492,100732,464,100518,564,100792,100,100452,100,,,100364,100,,,100237,100,,,100191,100,,,100129,100,,,100115,100,,,100022,100,,,99891,100,,,99591,100
2019-06-28 10:02:50.000000000,100792,193,100518,193,100793,93,100452,193,,,100364,193,,,100237,193,,,100191,193,,,100129,100,,,100115,100,,,100022,100,,,99891,100,,,99591,100
2019-06-28 10:02:54.111251142,100792,193,100518,193,100793,93,100452,193,,,100364,193,,,100237,193,,,100191,193,,,100129,100,,,100115,100,,,100022,100,,,99891,100,,,99591,100
2019-06-28 10:03:00.000000000,100792,332,100518,332,100793,232,100452,332,,,100364,100,,,100237,100,,,100191,100,,,100129,100,,,100115,100,,,100022,100,,,99891,100,,,99591,100
2019-06-28 10:03:02.025287313,100538,100,100518,332,100792,332,100452,332,100793,232,100364,100,,,100237,100,,,100191,100,,,100129,100,,,100115,100,,,100022,100,,,99891,100,,,99591,100
2019-06-28 10:03:10.000000000,100538,564,100518,564,100792,100,100452,100,,,100364,100,,,100237,100,,,100191,100,,,100129,100,,,100115,100,,,100022,100,,,99891,100,,,99591,100
2019-06-28 10:03:16.834190861,100538,564,100518,564,100792,100,100452,100,,,100364,100,,,100237,100,,,100191,100,,,100129,100,,,100115,100,,,100022,100,,,99939,100,,,99891,100
2019-06-28 10:03:20.000000000,100538,258,100518,258,100792,253,100452,253,100793,153,100364,253,,,100237,100,,,100191,100,,,100129,100,,,100115,100,,,100022,100,,,99939,100,,,99891,100
2019-06-28 10:03:22.921605670,100538,258,100518,258,100792,253,100452,253,100793,153,100364,253,,,100237,100,,,100191,100,,,100129,100,,,100115,100,,,100114,100,,,100022,100,,,99891,100
2019-06-28 10:03:30.000000000,100538,258,100518,258,100792,253,100452,253,100793,153,100364,253,,,100237,100,,,100191,100,,,100129,100,,,100115,100,,,100114,100,,,100022,100,,,99891,100
2019-06-28 10:03:38.216340208,100538,258,100518,258,100542,100,100452,253,100792,253,100364,253,100793,153,100237,100,,,100191,100,,,100129,100,,,100115,100,,,100114,100,,,100022,100,,,99891,100
2019-06-28 10:03:40.000000000,100538,193,100518,193,100542,193,100452,193,100792,193,100364,193,100793,93,100237,193,,,100191,193,,,100129,100,,,100115,100,,,100114,100,,,100022,100,,,99891,100
2019-06-28 10:03:50.000000000,100538,193,100518,193,100542,193,100452,193,100792,193,100364,193,100793,93,100237,193,,,100191,193,,,100129,100,,,100115,100,,,100114,100,,,100022,100,,,99891,100
2019-06-28 10:04:00.000000000,100538,564,100518,564,100542,100,100452,100,100792,100,100364,100,,,100237,100,,,100191,100,,,100129,100,,,100115,100,,,100114,100,,,100022,100,,,99891,100
2019-06-28 10:04:10.000000000,100538,258,100518,258,100542,253,100452,253,100792,253,100364,253,,,100237,100,,,100191,100,,,100129,100,,,100115,100,,,100114,100,,,100022,100,,,99891,100
2019-06-28 10:04:14.018656039,100538,258,100518,158,100542,253,100452,253,100792,253,100364,253,,,100237,100,,,100191,100,,,100115,100,,,100114,100,,,100022,100,,,99891,100,,,99591,100
2019-06-28 10:04:20.000000000,100538,193,100452,193,100542,193,100364,193,100792,193,100237,193,100793,93,100191,193,,,100115,193,,,100114,100,,,100022,100,,,99891,100,,,99591,100,,,99429,200
2019-06-28 10:04:22.026018273,100538,193,100452,193,100542,193,100364,193,100792,193,100237,193,100793,93,100206,100,,,100191,193,,,100115,193,,,100114,100,,,100022,100,,,99891,100,,,99591,100
2019-06-28 10:04:30.000000000,100538,332,100452,332,100542,332,100364,332,100792,100,100237,100,,,100206,100,,,100191,100,,,100115,100,,,100114,100,,,100022,100,,,99891,100,,,99591,100
2019-06-28 10:04:37.173062522,100538,332,100452,232,100542,332,100364,332,100792,100,100237,100,,,100206,100,,,100191,100,,,100115,100,,,100114,100,,,100022,100,,,99891,100,,,99591,100
2019-06-28 10:04:40.000000000,100538,258,100364,258,100542,253,100237,253,100792,253,100206,253,,,100191,100,,,100115,100,,,100114,100,,,100022,100,,,99891,100,,,99591,100,,,99429,200
2019-06-28 10:04:43.415253485,100538,258,100364,58,100542,253,100237,253,100792,253,100206,253,,,100191,100,,,100115,100,,,100114,100,,,100022,100,,,99891,100,,,99591,100,,,99429,200
2019-06-28 10:04:43.445184075,100538,258,100364,58,100542,253,100237,253,100792,253,100206,253,,,100191,100,,,100115,100,,,100114,100,,,100022,100,,,100003,100,,,99891,100,,,99591,100
2019-06-28 10:04:45.628597976,100452,100,100364,58,100538,258,100237,253,100542,253,100206,253,100792,253,100191,100,,,100114,100,,,100022,100,,,100003,100,,,99891,100,,,99591,100,,,99429,200
2019-06-28 10:04:50.000000000,100452,258,100237,258,100538,253,100206,253,100542,253,100191,253,100792,100,100114,100,,,100022,100,,,100003,100,,,99891,100,,,99591,100,,,99429,200,,,99384,100
2019-06-28 10:04:50.012400001,100452,258,100237,258,100538,253,100206,253,100542,253,100191,253,100792,100,100150,100,,,100114,100,,,100022,100,,,100003,100,,,99891,100,,,99591,100,,,99429,200
2019-06-28 10:04:50.685735567,100452,258,100237,258,100538,253,100206,253,100542,253,100191,253,100792,100,100115,100,,,100114,100,,,100022,100,,,100003,100,,,99891,100,,,99591,100,,,99429,200
2019-06-28 10:05:00.000000000,100452,216,100237,216,100538,216,100206,216,100542,216,100191,216,100792,216,100115,216,,,100114,100,,,100022,100,,,100003,100,,,99891,100,,,99591,100,,,99429,200
2019-06-28 10:05:03.998747905,100452,316,100237,216,100538,216,100206,216,100542,216,100191,216,100792,216,100115,216,,,100114,100,,,100022,100,,,100003,100,,,99891,100,,,99591,100,,,99429,200
2019-06-28 10:05:10.000000000,100452,316,100237,216,100538,216,100206,216,100542,216,100191,216,100792,216,100115,216,,,100114,100,,,100022,100,,,100003,100,,,99891,100,,,99591,100,,,99429,200
2019-06-28 10:05:12.564902246,100452,416,100237,216,100538,216,100206,216,100542,216,100191,216,100792,216,100115,216,,,100114,100,,,100022,100,,,100003,100,,,99891,100,,,99591,100,,,99429,200
2019-06-28 10:05:14.915435475,100452,516,100237,216,100538,216,100206,216,100542,216,100191,216,100792,216,100115,216,,,100114,100,,,100022,100,,,100003,100,,,99891,100,,,99591,100,,,99429,200
2019-06-28 10:05:20.000000000,100452,864,100237,564,100538,100,100206,100,100542,100,100191,100,100792,100,100115,100,,,100114,100,,,100022,100,,,100003,100,,,99891,100,,,99591,100,,,99429,200
2019-06-28 10:05:25.683979843,100452,864,100237,564,100542,100,100206,100,100792,100,100191,100,,,100115,100,,,100114,100,,,100022,100,,,100003,100,,,99891,100,,,99591,100,,,99429,200
2019-06-28 10:05:30.000000000,100452,558,100237,258,100542,253,100206,253,100792,253,100191,253,,,100115,100,,,100114,100,,,100022,100,,,100003,100,,,99891,100,,,99591,100,,,99429,200
2019-06-28 10:05:30.268160709,100452,558,100237,158,100542,253,100206,253,100792,253,100191,253,,,100115,100,,,100114,100,,,100022,100,,,100003,100,,,99891,100,,,99591,100,,,99429,200
2019-06-28 10:05:40.000000000,100452,632,100206,332,100542,332,100191,332,100792,100,100115,100,,,100114,100,,,100022,100,,,100003,100,,,99891,100,,,99591,100,,,99429,200,,,99384,100
2019-06-28 10:05:50.000000000,100452,493,100206,193,100542,193,100191,193,100792,193,100115,193,100793,93,100114,193,,,100022,193,,,100003,100,,,99891,100,,,99591,100,,,99429,200,,,99384,100
2019-06-28 10:06:00.000000000,100452,632,100206,332,100542,332,100191,332,100792,100,100115,100,,,100114,100,,,100022,100,,,100003,100,,,99891,100,,,99591,100,,,99429,200,,,99384,100
2019-06-28 10:06:10.000000000,100452,632,100206,332,100542,332,100191,332,100792,100,100115,100,,,100114,100,,,100022,100,,,100003,100,,,99891,100,,,99591,100,,,99429,200,,,99384,100
2019-06-28 10:06:16.353370150,100364,100,100206,332,100452,532,100191,332,100542,332,100115,100,100792,100,100114,100,,,100022,100,,,100003,100,,,99891,100,,,99591,100,,,99429,200,,,99384,100
2019-06-28 10:06:20.000000000,100364,564,100206,564,100452,300,100191,100,100542,100,100115,100,100792,100,100114,100,,,100022,100,,,100003,100,,,99891,100,,,99591,100,,,99429,200,,,99384,100
2019-06-28 10:06:26.484626875,100364,564,100206,564,100452,300,100191,100,100792,100,100115,100,,,100114,100,,,100022,100,,,100003,100,,,99891,100,,,99591,100,,,99559,100,,,99429,200
2019-06-28 10:06:30.000000000,100364,332,100206,332,100452,532,100191,332,100792,100,100115,100,,,100114,100,,,100022,100,,,100003,100,,,99891,100,,,99591,100,,,99559,100,,,99429,200
2019-06-28 10:06:40.000000000,100364,216,100206,216,100452,416,100191,216,100792,216,100115,216,100793,116,100114,216,,,100022,100,,,100003,100,,,99891,100,,,99591,100,,,99559,100,,,99429,200
2019-06-28 10:06:50.000000000,100364,216,100206,216,100452,416,100191,216,100792,216,100115,216,100793,116,100114,216,,,100022,100,,,100003,100,,,99891,100,,,99591,100,,,99559,100,,,99429,200
2019-06-28 10:06:51.183578735,100364,216,100206,116,100452,416,100191,216,100792,216,100115,216,100793,116,100114,216,,,100022,100,,,100003,100,,,99891,100,,,99591,100,,,99559,100,,,99439,100
2019-06-28 10:06:53.640048919,100364,216,100206,116,100452,416,100191,216,100792,216,100115,216,100793,116,100114,216,,,100022,100,,,100003,100,,,99891,100,,,99591,100,,,99559,100,,,99439,100
2019-06-28 10:07:00.000000000,100364,216,100191,216,100452,416,100115,216,100792,216,100114,216,100793,116,100022,216,,,100003,100,,,99891,100,,,99591,100,,,99559,100,,,99439,100,,,99429,200
2019-06-28 10:07:10.000000000,100364,258,100191,258,100452,453,100115,253,100792,253,100114,253,,,100022,100,,,100003,100,,,99891,100,,,99591,100,,,99559,100,,,99439,100,,,99429,200
2019-06-28 10:07:20.000000000,100364,564,100191,564,100452,300,100115,100,100792,100,100114,100,,,100022,100,,,100003,100,,,99891,100,,,99591,100,,,99559,100,,,99439,100,,,99429,200
2019-06-28 10:07:30.000000000,100364,216,100191,216,100452,416,100115,216,100792,216,100114,216,100793,116,100022,216,,,100003,100,,,99891,100,,,99591,100,,,99559,100,,,99439,100,,,99429,200
2019-06-28 10:07:33.258847547,100364,216,100191,216,100452,416,100115,216,100792,216,100114,216,100793,116,100022,216,,,100003,100,,,99891,100,,,99591,100,,,99559,100,,,99518,100,,,99439,100
2019-06-28 10:07:40.000000000,100364,258,100191,258,100452,453,100115,253,100792,253,100114,253,,,100022,100,,,100003,100,,,99891,100,,,99591,100,,,99559,100,,,99518,100,,,99439,100
2019-06-28 10:07:40.012020152,100364,258,100191,158,100452,453,100115,253,100792,253,100114,253,,,100022,100,,,100003,100,,,99891,100,,,99591,100,,,99559,100,,,99518,100,,,99439,100
2019-06-28 10:07:50.000000000,100364,332,100115,332,100452,532,100114,332,100792,100,100022,100,,,100003,100,,,99891,100,,,99591,100,,,99559,100,,,99518,100,,,99439,100,,,99429,200
2019-06-28 10:08:00.000000000,100364,216,100115,216,100452,416,100114,216,100792,216,100022,216,100793,116,100003,216,,,99891,100,,,99591,100,,,99559,100,,,99518,100,,,99439,100,,,99429,200
2019-06-28 10:08:10.000000000,100364,216,100115,216,100452,416,100114,216,100792,216,100022,216,100793,116,100003,216,,,99891,100,,,99591,100,,,99559,100,,,99518,100,,,99439,100,,,99429,200
2019-06-28 10:08:11.181980588,100237,100,100115,216,100364,216,100114,216,100452,416,100022,216,100792,216,100003,216,100793,116,99891,100,,,99591,100,,,99559,100,,,99518,100,,,99439,100,,,99429,200
2019-06-28 10:08:13.162846821,100237,100,100115,116,100364,216,100114,216,100452,416,100022,216,100792,216,100003,216,100793,116,99891,100,,,99591,100,,,99559,100,,,99518,100,,,99439,100,,,99429,200
2019-06-28 10:08:20.000000000,100237,258,100114,258,100364,253,100022,253,100452,453,100003,253,100792,100,99891,100,,,99591,100,,,99559,100,,,99518,100,,,99439,100,,,99429,200,,,99384,100
2019-06-28 10:08:30.000000000,100237,564,100114,564,100364,100,100022,100,100452,300,100003,100,100792,100,99891,100,,,99591,100,,,99559,100,,,99518,100,,,99439,100,,,99429,200,,,99384,100
2019-06-28 10:08:40.000000000,100237,564,100114,564,100364,100,100022,100,100452,300,100003,100,100792,100,99891,100,,,99591,100,,,99559,100,,,99518,100,,,99439,100,,,99429,200,,,99384,100
2019-06-28 10:08:44.732523770,100237,564,100114,564,100364,100,100022,100,100452,300,100003,100,100792,100,99891,100,,,99591,100,,,99559,100,,,99518,100,,,99439,100,,,99429,200,,,99384,100
2019-06-28 10:08:45.473741116,100237,564,100114,564,100364,100,100022,100,100452,300,100003,100,100792,100,99891,100,,,99591,100,,,99559,100,,,99518,100,,,99439,100,,,99429,200,,,99384,100
2019-06-28 10:08:50.000000000,100237,258,100114,258,100364,253,100022,253,100452,453,100003,253,100792,100,99891,100,,,99591,100,,,99559,100,,,99518,100,,,99439,100,,,99429,200,,,99384,100
2019-06-28 10:09:00.000000000,100237,193,100114,193,100364,193,100022,193,100452,393,100003,193,100792,193,99891,193,100793,93,99591,193,,,99559,100,,,99518,100,,,99439,100,,,99429,200,,,99384,100
2019-06-28 10:09:10.000000000,100237,332,100114,332,100364,332,100022,332,100452,300,100003,100,100792,100,99891,100,,,99591,100,,,99559,100,,,99518,100,,,99439,100,,,99429,200,,,99384,100
2019-06-28 10:09:18.613561929,100237,332,100114,232,100364,332,100022,332,100452,300,100003,100,100792,100,99891,100,,,99591,100,,,99559,100,,,99518,100,,,99439,100,,,99429,200,,,99384,100
2019-06-28 10:09:20.000000000,100237,193,100022,193,100364,193,100003,193,100452,393,99891,193,100792,193,99591,193,100793,93,99559,193,,,99518,100,,,99439,100,,,99429,200,,,99384,100,,,99343,100
2019-06-28 10:09:26.786848800,100237,193,100022,193,100364,193,100003,193,100452,393,99891,193,100792,193,99591,193,100793,93,99559,193,,,99518,100,,,99493,100,,,99439,100,,,99429,200,,,99384,100
2019-06-28 10:09:30.000000000,100237,332,100022,332,100364,332,100003,332,100452,300,99891,100,100792,100,99591,100,,,99559,100,,,99518,100,,,99493,100,,,99439,100,,,99429,200,,,99384,100
2019-06-28 10:09:40.000000000,100237,216,100022,216,100364,216,100003,216,100452,416,99891,216,100792,216,99591,216,,,99559,100,,,99518,100,,,99493,100,,,99439,100,,,99429,200,,,99384,100
2019-06-28 10:09:50.000000000,100237,216,100022,216,100364,216,100003,216,100452,416,99891,216,100792,216,99591,216,,,99559,100,,,99518,100,,,99493,100,,,99439,100,,,99429,200,,,99384,100
2019-06-28 10:10:00.000000000,100237,193,100022,193,100364,193,100003,193,100452,393,99891,193,100792,193,99591,193,100793,93,99559,193,,,99518,100,,,99493,100,,,99439,100,,,99429,200,,,99384,100
2019-06-28 10:10:09.069006885,100237,193,100022,93,100364,193,100003,193,100452,393,99891,193,100792,193,99591,193,100793,93,99559,193,,,99518,100,,,99493,100,,,99439,100,,,99429,200,,,99384,100
2019-06-28 10:10:10.000000000,100237,332,100003,332,100364,332,99891,332,100452,300,99591,100,100792,100,99559,100,,,99518,100,,,99493,100,,,99439,100,,,99429,200,,,99384,100,,,99343,100
2019-06-28 10:10:10.431238922,100114,100,100003,332,100237,332,99891,332,100364,332,99591,100,100452,300,99559,100,100792,100,99518,100,,,99493,100,,,99439,100,,,99429,200,,,99384,100,,,99343,100
2019-06-28 10:10:15.410712556,100114,200,100003,332,100237,332,99891,332,100364,332,99591,100,100452,300,99559,100,100792,100,99518,100,,,99493,100,,,99439,100,,,99429,200,,,99384,100,,,99343,100
2019-06-28 10:10:19.150610531,100114,200,100003,332,100237,332,99891,332,100364,332,99591,100,100452,300,99559,100,100792,100,99518,100,,,99493,100,,,99439,100,,,99429,200,,,99384,100,,,99343,100
2019-06-28 10:10:20.000000000,100114,293,100003,193,100237,193,99891,193,100364,193,99591,193,100452,393,99559,193,100792,193,99518,193,,,99493,100,,,99439,100,,,99429,200,,,99384,100,,,99343,100
2019-06-28 10:10:30.000000000,100114,664,100003,564,100237,100,99891,100,100364,100,99591,100,100452,300,99559,100,100792,100,99518,100,,,99493,100,,,99439,100,,,99429,200,,,99384,100,,,99343,100
2019-06-28 10:10:30.643965005,100114,664,100003,464,100237,100,99891,100,100364,100,99591,100,100452,300,99559,100,100792,100,99518,100,,,99493,100,,,99439,100,,,99429,200,,,99384,100,,,99343,100
2019-06-28 10:10:37.082130285,100114,664,100003,464,100237,100,99891,100,100364,100,99591,100,100452,300,99559,100,100792,100,99518,100,,,99516,100,,,99493,100,,,99439,100,,,99429,200,,,99384,100
2019-06-28 10:10:40.000000000,100114,664,99891,564,100237,100,99591,100,100364,100,99559,100,100452,300,99518,100,100792,100,99516,100,,,99493,100,,,99439,100,,,99429,200,,,99384,100,,,99343,100
2019-06-28 10:10:50.000000000,100114,664,99891,564,100237,100,99591,100,100364,100,99559,100,100452,300,99518,100,100792,100,99516,100,,,99493,100,,,99439,100,,,99429,200,,,99384,100,,,99343,100
2019-06-28 10:11:00.000000000,100114,316,99891,216,100237,216,99591,216,100364,216,99559,216,100452,416,99518,216,100792,100,99516,100,,,99493,100,,,99439,100,,,99429,200,,,99384,100,,,99343,100
2019-06-28 10:11:10.000000000,100114,432,99891,332,100237,332,99591,332,100364,100,99559,100,100452,300,99518,100,100792,100,99516,100,,,99493,100,,,99439,100,,,99429,200,,,99384,100,,,99343,100
2019-06-28 10:11:19.189843275,100022,100,99891,332,100114,432,99591,332,100237,332,99559,100,100364,100,99518,100,100452,300,99516,100,100792,100,99493,100,,,99439,100,,,99429,200,,,99384,100,,,99343,100
2019-06-28 10:11:20.000000000,100022,258,99891,258,100114,353,99591,253,100237,253,99559,253,100364,100,99518,100,100452,300,99516,100,100792,100,99493,100,,,99439,100,,,99429,200,,,99384,100,,,99343,100
2019-06-28 10:11:20.420877647,100022,258,99891,158,100114,353,99591,253,100237,253,99559,253,100364,100,99518,100,100452,300,99516,100,100792,100,99493,100,,,99439,100,,,99429,200,,,99384,100,,,99343,100
2019-06-28 10:11:30.000000000,100022,564,99591,564,100114,200,99559,100,100237,100,99518,100,100364,100,99516,100,100452,300,99493,100,100792,100,99439,100,,,99429,200,,,99384,100,,,99343,100,,,99289,100
2019-06-28 10:11:34.905731669,100022,564,99636,100,100114,200,99591,564,100237,100,99559,100,100364,100,99518,100,100452,300,99516,100,100792,100,99493,100,,,99439,100,,,99429,200,,,99384,100,,,99343,100
2019-06-28 10:11:35.512211019,100022,564,99636,100,100114,200,99591,464,100237,100,99559,100,100364,100,99518,100,100452,300,99516,100,100792,100,99493,100,,,99439,100,,,99429,200,,,99384,100,,,99343,100
2019-06-28 10:11:40.000000000,100022,564,99636,564,100114,200,99559,100,100237,100,99518,100,100364,100,99516,100,100452,300,99493,100,100792,100,99439,100,,,99429,200,,,99384,100,,,99343,100,,,99289,100
2019-06-28 10:11:50.000000000,100022,332,99636,332,100114,432,99559,332,100237,100,99518,100,100364,100,99516,100,100452,300,99493,100,100792,100,99439,100,,,99429,200,,,99384,100,,,99343,100,,,99289,100
2019-06-28 10:12:00.000000000,100022,258,99636,258,100114,353,99559,253,100237,253,99518,253,100364,100,99516,100,100452,300,99493,100,100792,100,99439,100,,,99429,200,,,99384,100,,,99343,100,,,99289,100
2019-06-28 10:12:10.000000000,100022,216,99636,216,100114,316,99559,216,100237,216,99518,216,100364,216,99516,216,100452,300,99493,100,100792,100,99439,100,,,99429,200,,,99384,100,,,99343,100,,,99289,100
