,ask_price_1,ask_size_1,bid_price_1,bid_size_1,ask_price_2,ask_size_2,bid_price_2,bid_size_2,ask_price_3,ask_size_3,bid_price_3,bid_size_3,ask_price_4,ask_size_4,bid_price_4,bid_size_4,ask_price_5,ask_size_5,bid_price_5,bid_size_5,ask_price_6,ask_size_6,bid_price_6,bid_size_6,ask_price_7,ask_size_7,bid_price_7,bid_size_7,ask_price_8,ask_size_8,bid_price_8,bid_size_8,ask_price_9,ask_size_9,bid_price_9,bid_size_9,ask_price_10,ask_size_10,bid_price_10,bid_size_10
2019-06-28 09:30:00.000000000,100165,100,,,,,,,,,,,,,,,,,,,,,,,,,,,,,,,,,,,,,,
2019-06-28 09:30:00.000000001,100033,100,,,100165,100,,,,,,,,,,,,,,,,,,,,,,,,,,,,,,,,,,
2019-06-28 09:30:00.000000003,99998,100,,,100033,100,,,100165,100,,,,,,,,,,,,,,,,,,,,,,,,,,,,,,
2019-06-28 09:30:00.000000006,99998,100,99923,100,100033,100,,,100165,100,,,,,,,,,,,,,,,,,,,,,,,,,,,,,,
2019-06-28 09:30:00.000000008,99961,100,99923,100,99998,100,99875,100,100033,100,,,100165,100,,,,,,,,,,,,,,,,,,,,,,,,,,
2019-06-28 09:30:00.000000014,99998,100,99923,100,100033,100,99875,100,100165,100,,,,,,,,,,,,,,,,,,,,,,,,,,,,,,
2019-06-28 09:30:00.000000015,99998,100,99923,100,100033,100,99875,100,100165,100,,,100235,100,,,,,,,,,,,,,,,,,,,,,,,,,,
2019-06-28 09:30:00.000000016,99998,100,99923,100,100033,100,99904,100,100165,100,99875,100,100235,100,,,,,,,,,,,,,,,,,,,,,,,,,,
2019-06-28 09:30:00.000000019,99998,100,99923,100,100033,100,99904,100,100044,100,99875,100,100165,100,,,100235,100,,,,,,,,,,,,,,,,,,,,,,
2019-06-28 09:30:00.000000020,100033,100,99923,100,100044,100,99904,100,100165,100,99875,100,100235,100,,,,,,,,,,,,,,,,,,,,,,,,,,
2019-06-28 09:30:00.000000021,100033,100,99961,100,100044,100,99923,100,100165,100,99904,100,100235,100,99875,100,,,,,,,,,,,,,,,,,,,,,,,,
2019-06-28 09:30:00.000000024,100033,100,99961,100,100038,100,99923,100,100044,100,99904,100,100165,100,99875,100,100235,100,,,,,,,,,,,,,,,,,,,,,,
2019-06-28 09:30:00.000000027,100033,100,99961,200,100038,100,99923,100,100044,100,99904,100,100165,100,99875,100,100235,100,,,,,,,,,,,,,,,,,,,,,,
2019-06-28 09:30:00.000000028,100033,100,99961,200,100038,100,99923,100,100044,100,99904,100,100165,100,99875,100,100235,100,99837,100,,,,,,,,,,,,,,,,,,,,
2019-06-28 09:30:00.000000029,100014,100,99961,200,100033,100,99923,100,100038,100,99904,100,100044,100,99875,100,100165,100,99837,100,100235,100,,,,,,,,,,,,,,,,,,
2019-06-28 09:30:00.000000030,100002,100,99961,200,100014,100,99923,100,100033,100,99904,100,100038,100,99875,100,100044,100,99837,100,100165,100,,,100235,100,,,,,,,,,,,,,,
2019-06-28 09:30:00.000000031,100002,100,99961,300,100014,100,99923,100,100033,100,99904,100,100038,100,99875,100,100044,100,99837,100,100165,100,,,100235,100,,,,,,,,,,,,,,
2019-06-28 09:30:00.000000033,100002,100,99961,400,100014,100,99923,100,100033,100,99920,100,100038,100,99904,100,100044,100,99875,100,100165,100,99837,100,100235,100,,,,,,,,,,,,,,
2019-06-28 09:30:00.000000035,100014,100,99961,400,100033,100,99923,100,100038,100,99920,100,100044,100,99904,100,100165,100,99875,100,100235,100,99837,100,,,,,,,,,,,,,,,,
2019-06-28 09:30:00.000000040,100014,100,99961,400,100033,100,99923,100,100038,100,99920,100,100044,100,99904,100,100079,100,99875,100,100165,100,99837,100,100235,100,,,,,,,,,,,,,,
2019-06-28 09:30:00.000000041,100014,100,99961,400,100033,100,99923,100,100038,100,99920,100,100044,100,99904,100,100079,100,99875,100,100112,100,99837,100,100165,100,,,100235,100,,,,,,,,,,
2019-06-28 09:30:00.000000042,100014,100,99961,500,100033,100,99923,100,100038,100,99920,100,100044,100,99904,100,100079,100,99875,100,100112,100,99837,100,100165,100,,,100235,100,,,,,,,,,,
2019-06-28 09:30:00.000000044,100014,100,99961,500,100033,100,99923,100,100038,100,99920,100,100044,100,99904,100,100079,100,99875,100,100087,100,99837,100,100112,100,99775,100,100139,100,,,100165,100,,,100235,100,,
2019-06-28 09:30:00.000000049,100002,100,99961,500,100014,100,99923,100,100033,100,99920,100,100038,100,99904,100,100044,100,99875,100,100079,100,99837,100,100087,100,99775,100,100112,100,,,100139,100,,,100165,100,,
2019-06-28 09:30:00.000000050,100002,100,99978,100,100014,100,99961,500,100027,100,99923,100,100033,100,99920,100,100038,100,99904,100,100044,100,99875,100,100079,100,99837,100,100087,100,99775,100,100112,100,,,100139,100,,
2019-06-28 09:30:00.000000051,100002,100,99978,100,100014,100,99961,500,100027,100,99923,100,100033,100,99920,100,100038,100,99904,100,100044,100,99875,100,100068,100,99837,100,100079,100,99775,100,100087,100,,,100104,100,,
2019-06-28 09:30:00.000000052,100002,200,99978,100,100014,100,99961,500,100027,100,99923,100,100033,100,99920,100,100038,100,99904,100,100044,100,99875,100,100068,100,99837,100,100079,100,99775,100,100087,100,,,100104,100,,
2019-06-28 09:30:00.000000057,100002,200,99978,100,100014,100,99962,100,100027,100,99961,500,100033,100,99923,100,100038,100,99920,100,100044,100,99904,100,100068,100,99875,100,100079,100,99837,100,100087,100,99775,100,100098,100,,
2019-06-28 09:30:00.000000058,100002,200,99998,100,100014,100,99978,100,100027,100,99962,100,100033,100,99961,500,100038,100,99923,100,100044,100,99920,100,100068,100,99904,100,100079,100,99875,100,100087,100,99837,100,100098,100,99775,100
2019-06-28 09:30:00.000000059,100002,200,99998,100,100014,100,99978,100,100027,100,99962,100,100033,100,99961,500,100038,100,99923,100,100044,100,99920,100,100068,100,99904,100,100079,100,99875,100,100087,100,99863,100,100098,100,99837,100
2019-06-28 09:30:00.000000061,100002,200,99998,100,100014,100,99978,100,100027,100,99962,100,100033,100,99961,500,100038,100,99923,100,100044,100,99920,100,100068,100,99910,100,100079,100,99904,100,100087,100,99875,100,100098,100,99863,100
2019-06-28 09:30:00.000000062,100002,200,99998,100,100014,100,99978,100,100027,100,99962,100,100033,100,99961,500,100038,100,99923,100,100044,100,99920,100,100068,100,99910,100,100079,100,99904,100,100087,100,99891,100,100098,100,99875,100
2019-06-28 09:30:00.000000063,100002,200,99998,100,100014,100,99978,100,100027,100,99962,100,100033,100,99961,500,100038,100,99923,100,100044,100,99920,100,100068,100,99910,100,100079,100,99904,100,100082,100,99891,100,100087,100,99875,100
2019-06-28 09:30:00.000000065,100002,200,99998,100,100013,100,99978,100,100014,100,99962,100,100027,100,99961,500,100033,100,99923,100,100038,100,99920,100,100044,100,99910,100,100068,100,99904,100,100079,100,99891,100,100082,100,99875,100
2019-06-28 09:30:00.000000071,100002,200,99998,200,100013,100,99978,100,100014,100,99962,100,100020,100,99961,500,100027,100,99923,100,100033,100,99920,100,100038,100,99910,100,100044,100,99904,100,100068,100,99891,100,100079,100,99875,100
2019-06-28 09:30:00.000000072,100002,200,99998,200,100013,100,99978,100,100014,100,99962,100,100020,100,99961,500,100027,100,99923,100,100033,100,99920,100,100038,100,99910,100,100044,100,99904,100,100068,100,99891,100,100079,100,99875,100
2019-06-28 09:30:00.000000073,100002,100,99998,200,100013,100,99978,100,100014,100,99962,100,100020,100,99961,500,100027,100,99923,100,100033,100,99920,100,100038,100,99910,100,100044,100,99904,100,100068,100,99891,100,100079,100,99881,100
2019-06-28 09:30:00.000000075,100002,100,99998,200,100013,100,99978,100,100014,100,99962,100,100020,100,99961,500,100027,100,99923,100,100033,100,99920,100,100038,100,99910,100,100044,100,99904,100,100068,100,99891,100,100079,100,99881,100
2019-06-28 09:30:00.000000076,100013,100,99998,200,100014,100,99978,100,100020,100,99962,100,100027,100,99961,500,100033,100,99923,100,100038,100,99920,100,100044,100,99910,100,100068,100,99904,100,100079,100,99891,100,100082,100,99881,100
2019-06-28 09:30:00.000000080,100013,100,99998,200,100014,100,99978,100,100020,100,99962,100,100027,100,99961,500,100033,100,99946,100,100038,100,99923,100,100044,100,99920,100,100068,100,99910,100,100079,100,99904,100,100082,100,99891,100
2019-06-28 09:30:00.000000082,100013,100,99998,200,100014,100,99978,100,100020,100,99962,100,100027,100,99961,500,100033,200,99946,100,100038,100,99923,100,100044,100,99920,100,100068,100,99910,100,100079,100,99904,100,100082,100,99891,100
2019-06-28 09:30:00.000000085,100014,100,99998,200,100020,100,99978,100,100027,100,99962,100,100033,200,99961,500,100038,100,99946,100,100044,100,99923,100,100068,100,99920,100,100079,100,99910,100,100082,100,99904,100,100087,100,99891,100
2019-06-28 09:30:00.000000087,100014,100,99998,200,100020,100,99978,100,100027,100,99962,100,100033,200,99961,500,100038,100,99946,100,100044,100,99923,100,100068,100,99921,100,100079,100,99920,100,100082,100,99910,100,100087,100,99904,100
2019-06-28 09:30:00.000000089,100014,100,100002,100,100020,100,99998,200,100027,100,99986,100,100033,200,99978,100,100038,100,99962,100,100044,100,99961,500,100068,100,99946,100,100079,100,99923,100,100082,100,99921,100,100087,100,99920,100
2019-06-28 09:30:00.000000090,100014,100,100002,100,100020,100,99998,200,100027,100,99986,100,100033,200,99978,100,100038,100,99962,100,100044,100,99961,500,100068,100,99946,100,100079,100,99933,100,100082,100,99923,100,100087,100,99921,100
2019-06-28 09:30:00.000000091,100014,100,100002,100,100020,100,99998,200,100027,100,99986,100,100033,200,99978,100,100038,100,99962,100,100044,100,99961,500,100068,100,99946,100,100079,100,99933,100,100082,100,99923,100,100087,100,99921,100
2019-06-28 09:30:00.000000092,100007,100,100002,300,100014,100,99998,200,100020,100,99986,100,100027,100,99978,100,100033,200,99962,100,100038,100,99961,500,100044,100,99946,100,100068,100,99933,100,100079,100,99923,100,100082,100,99921,100
2019-06-28 09:30:00.000000093,100014,100,100002,300,100020,100,99998,200,100027,100,99986,100,100033,200,99978,100,100038,100,99962,100,100044,100,99961,500,100068,100,99946,100,100079,100,99933,100,100082,100,99923,100,100087,100,99921,100
2019-06-28 09:30:00.000000095,100014,100,100002,200,100020,100,99998,200,100027,100,99986,100,100033,200,99978,100,100038,100,99962,100,100044,100,99961,500,100068,100,99946,100,100079,100,99933,100,100082,100,99923,100,100087,100,99921,100
2019-06-28 09:30:00.000000096,100014,100,100003,100,100020,100,100002,200,100027,100,99998,200,100033,200,99986,100,100038,100,99978,100,100044,100,99962,100,100068,100,99961,500,100079,100,99946,100,100082,100,99933,100,100087,100,99923,100
2019-06-28 09:30:00.000000097,100014,100,100003,100,100020,100,100002,200,100027,100,99998,200,100033,200,99991,100,100038,100,99986,100,100044,100,99978,100,100068,100,99962,100,100079,100,99961,500,100082,100,99946,100,100087,100,99933,100
2019-06-28 09:30:00.000000099,100014,100,100003,100,100020,100,100002,200,100027,100,99998,200,100033,200,99991,100,100038,100,99986,100,100044,100,99978,100,100068,100,99962,200,100079,100,99961,500,100082,100,99946,100,100087,100,99933,100
2019-06-28 09:30:03.929128763,100014,100,100003,100,100020,100,100002,200,100027,100,99998,200,100033,200,99991,100,100038,100,99986,100,100044,100,99978,100,100068,100,99962,200,100079,100,99961,500,100082,100,99946,100,100087,100,99933,100
2019-06-28 09:30:10.000000000,100014,170,100003,170,100020,170,100002,270,100027,170,99998,270,100033,270,99991,170,100038,100,99986,100,100044,100,99978,100,100068,100,99962,200,100079,100,99961,500,100082,100,99946,100,100087,100,99933,100
2019-06-28 09:30:20.000000000,100014,378,100003,378,100020,100,100002,200,100027,100,99998,200,100033,200,99991,100,100038,100,99986,100,100044,100,99978,100,100068,100,99962,200,100079,100,99961,500,100082,100,99946,100,100087,100,99933,100
2019-06-28 09:30:21.976861821,100014,378,100003,378,100020,100,100002,200,100027,100,99998,200,100033,100,99991,100,100038,100,99986,100,100044,100,99978,100,100068,100,99962,200,100079,100,99961,500,100082,100,99946,100,100087,100,99933,100
2019-06-28 09:30:24.678648596,100014,378,100003,378,100020,100,100002,200,100027,100,99998,200,100033,100,99991,100,100038,100,99986,100,100044,100,99978,100,100068,100,99962,200,100079,100,99961,500,100082,100,99946,100,100087,100,99933,100
2019-06-28 09:30:30.000000000,100014,170,100003,170,100020,170,100002,270,100027,170,99998,270,100033,170,99991,170,100038,100,99986,100,100044,100,99978,100,100068,100,99962,200,100079,100,99961,500,100082,100,99946,100,100087,100,99933,100
2019-06-28 09:30:40.000000000,100014,195,100003,195,100020,192,100002,292,100027,192,99998,292,100033,100,99991,100,100038,100,99986,100,100044,100,99978,100,100068,100,99962,200,100079,100,99961,500,100082,100,99946,100,100087,100,99933,100
2019-06-28 09:30:50.000000000,100014,170,100003,170,100020,170,100002,270,100027,170,99998,270,100033,170,99991,170,100038,100,99986,100,100044,100,99978,100,100068,100,99962,200,100079,100,99961,500,100082,100,99946,100,100087,100,99933,100
2019-06-28 09:31:00.000000000,100014,170,100003,170,100020,170,100002,270,100027,170,99998,270,100033,170,99991,170,100038,100,99986,100,100044,100,99978,100,100068,100,99962,200,100079,100,99961,500,100082,100,99946,100,100087,100,99933,100
2019-06-28 09:31:04.226258265,100014,170,100003,170,100020,170,100002,270,100027,170,99998,270,100033,170,99991,170,100038,100,99986,100,100068,100,99978,100,100079,100,99962,200,100082,100,99961,500,100087,100,99946,100,100098,100,99933,100
2019-06-28 09:31:10.000000000,100014,195,100003,195,100020,192,100002,292,100027,192,99998,292,100033,100,99991,100,100038,100,99986,100,100068,100,99978,100,100079,100,99962,200,100082,100,99961,500,100087,100,99946,100,100098,100,99933,100
2019-06-28 09:31:20.000000000,100014,239,100003,239,100020,239,100002,339,100027,100,99998,200,100033,100,99991,100,100038,100,99986,100,100068,100,99978,100,100079,100,99962,200,100082,100,99961,500,100087,100,99946,100,100098,100,99933,100
2019-06-28 09:31:30.000000000,100014,378,100003,378,100020,100,100002,200,100027,100,99998,200,100033,100,99991,100,100038,100,99986,100,100068,100,99978,100,100079,100,99962,200,100082,100,99961,500,100087,100,99946,100,100098,100,99933,100
2019-06-28 09:31:37.783468403,100014,378,100003,378,100020,100,100002,200,100027,100,99998,200,100033,100,99991,100,100038,100,99986,100,100068,100,99978,100,100079,100,99962,200,100082,100,99961,500,100087,100,99946,100,100098,100,99936,100
2019-06-28 09:31:40.000000000,100014,239,100003,239,100020,239,100002,339,100027,100,99998,200,100033,100,99991,100,100038,100,99986,100,100068,100,99978,100,100079,100,99962,200,100082,100,99961,500,100087,100,99946,100,100098,100,99936,100
2019-06-28 09:31:50.000000000,100014,170,100003,170,100020,170,100002,270,100027,170,99998,270,100033,170,99991,170,100038,100,99986,100,100068,100,99978,100,100079,100,99962,200,100082,100,99961,500,100087,100,99946,100,100098,100,99936,100
2019-06-28 09:32:00.000000000,100014,156,100003,156,100020,156,100002,256,100027,156,99998,256,100033,156,99991,156,100038,156,99986,156,100068,100,99978,100,100079,100,99962,200,100082,100,99961,500,100087,100,99946,100,100098,100,99936,100
2019-06-28 09:32:10.000000000,100014,170,100003,170,100020,170,100002,270,100027,170,99998,270,100033,170,99991,170,100038,100,99986,100,100068,100,99978,100,100079,100,99962,200,100082,100,99961,500,100087,100,99946,100,100098,100,99936,100
2019-06-28 09:32:14.259727385,100014,70,100003,170,100020,170,100002,270,100027,170,99998,270,100033,170,99991,170,100038,100,99986,100,100068,100,99978,100,100079,100,99962,100,100082,100,99961,500,100087,100,99946,100,100098,100,99936,100
2019-06-28 09:32:20.000000000,100020,156,100003,156,100027,156,100002,256,100033,156,99998,256,100038,156,99991,156,100068,156,99986,156,100079,100,99978,100,100082,100,99962,100,100087,100,99961,500,100098,100,99946,100,100101,100,99936,100
2019-06-28 09:32:29.360323114,100020,156,100003,156,100027,156,100002,256,100033,156,99998,256,100038,156,99991,156,100068,156,99986,156,100079,100,99978,100,100082,100,99962,100,100087,100,99961,400,100098,100,99946,100,100101,100,99936,100
2019-06-28 09:32:30.000000000,100020,378,100003,378,100027,100,100002,200,100033,100,99998,200,100038,100,99991,100,100068,100,99986,100,100079,100,99978,100,100082,100,99962,100,100087,100,99961,400,100098,100,99946,100,100101,100,99936,100
2019-06-28 09:32:32.143263140,100020,378,100004,100,100027,100,100003,378,100033,100,100002,200,100038,100,99998,200,100068,100,99991,100,100079,100,99986,100,100082,100,99978,100,100087,100,99962,100,100098,100,99961,400,100101,100,99946,100
2019-06-28 09:32:35.856055362,100020,278,100004,100,100027,100,100003,378,100033,100,100002,200,100038,100,99998,200,100068,100,99991,100,100079,100,99986,100,100082,100,99978,100,100087,100,99962,100,100098,100,99961,400,100101,100,99946,100
2019-06-28 09:32:40.000000000,100027,156,100004,156,100033,156,100003,156,100038,156,100002,256,100068,156,99998,256,100079,156,99991,156,100082,100,99986,100,100087,100,99978,100,100098,100,99962,100,100101,100,99961,400,100104,100,99946,100
2019-06-28 09:32:50.000000000,100027,156,100004,156,100033,156,100003,156,100038,156,100002,256,100068,156,99998,256,100079,156,99991,156,100082,100,99986,100,100087,100,99978,100,100098,100,99962,100,100101,100,99961,400,100104,100,99946,100
2019-06-28 09:32:52.051978690,100027,56,100004,156,100033,156,100003,156,100038,156,100002,256,100068,156,99998,256,100079,156,99991,156,100082,100,99986,100,100087,100,99978,100,100098,100,99962,100,100101,100,99961,400,100104,100,99946,100
2019-06-28 09:33:00.000000000,100033,239,100004,239,100038,239,100003,239,100068,100,100002,200,100079,100,99998,200,100082,100,99991,100,100087,100,99986,100,100098,100,99978,100,100101,100,99962,100,100104,100,99961,400,100112,100,99946,100
2019-06-28 09:33:00.054421983,100033,239,100004,239,100038,239,100003,239,100068,100,100002,200,100079,100,99998,200,100082,100,99991,100,100087,100,99986,100,100098,100,99978,100,100101,100,99962,100,100104,100,99961,400,100112,100,99946,100
2019-06-28 09:33:09.289940170,100033,139,100004,239,100038,239,100003,239,100068,100,100002,200,100079,100,99998,200,100082,100,99991,100,100087,100,99986,100,100098,100,99978,100,100101,100,99962,100,100104,100,99961,400,100112,100,99946,100
2019-06-28 09:33:10.000000000,100038,195,100004,195,100068,192,100003,192,100079,192,100002,292,100082,100,99998,200,100087,100,99991,100,100098,100,99986,100,100101,100,99978,100,100104,100,99962,100,100112,100,99961,400,100116,100,99946,100
2019-06-28 09:33:20.000000000,100038,239,100004,239,100068,239,100003,239,100079,100,100002,200,100082,100,99998,200,100087,100,99991,100,100098,100,99986,100,100101,100,99978,100,100104,100,99962,100,100112,100,99961,400,100116,100,99946,100
2019-06-28 09:33:30.000000000,100038,170,100004,170,100068,170,100003,170,100079,170,100002,270,100082,170,99998,270,100087,100,99991,100,100098,100,99986,100,100101,100,99978,100,100104,100,99962,100,100112,100,99961,400,100116,100,99946,100
2019-06-28 09:33:40.000000000,100038,156,100004,156,100068,156,100003,156,100079,156,100002,256,100082,156,99998,256,100087,156,99991,156,100098,100,99986,100,100101,100,99978,100,100104,100,99962,100,100112,100,99961,400,100116,100,99946,100
2019-06-28 09:33:50.000000000,100038,156,100004,156,100068,156,100003,156,100079,156,100002,256,100082,156,99998,256,100087,156,99991,156,100098,100,99986,100,100101,100,99978,100,100104,100,99962,100,100112,100,99961,400,100116,100,99946,100
2019-06-28 09:34:00.000000000,100038,156,100004,156,100068,156,100003,156,100079,156,100002,256,100082,156,99998,256,100087,156,99991,156,100098,100,99986,100,100101,100,99978,100,100104,100,99962,100,100112,100,99961,400,100116,100,99946,100
2019-06-28 09:34:07.643113454,100038,156,100027,100,100068,156,100004,156,100079,156,100003,156,100082,156,100002,256,100087,156,99998,256,100098,100,99991,156,100101,100,99986,100,100104,100,99978,100,100112,100,99962,100,100116,100,99961,400
2019-06-28 09:34:10.000000000,100038,156,100027,156,100068,156,100004,156,100079,156,100003,156,100082,156,100002,256,100087,156,99998,256,100098,100,99991,100,100101,100,99986,100,100104,100,99978,100,100112,100,99962,100,100116,100,99961,400
2019-06-28 09:34:12.458714662,100038,56,100027,156,100068,156,100004,156,100079,156,100003,156,100082,156,100002,256,100087,156,99998,256,100098,100,99991,100,100101,100,99978,100,100104,100,99962,100,100112,100,99961,400,100116,100,99946,100
2019-06-28 09:34:20.000000000,100068,195,100027,195,100079,192,100004,192,100082,192,100003,192,100087,100,100002,200,100098,100,99998,200,100101,100,99991,100,100104,100,99978,100,100112,100,99962,100,100116,100,99961,400,100139,100,99946,100
2019-06-28 09:34:30.000000000,100068,195,100027,195,100079,192,100004,192,100082,192,100003,192,100087,100,100002,200,100098,100,99998,200,100101,100,99991,100,100104,100,99978,100,100112,100,99962,100,100116,100,99961,400,100139,100,99946,100
2019-06-28 09:34:40.000000000,100068,378,100027,378,100079,100,100004,100,100082,100,100003,100,100087,100,100002,200,100098,100,99998,200,100101,100,99991,100,100104,100,99978,100,100112,100,99962,100,100116,100,99961,400,100139,100,99946,100
2019-06-28 09:34:50.000000000,100068,195,100027,195,100079,192,100004,192,100082,192,100003,192,100087,100,100002,200,100098,100,99998,200,100101,100,99991,100,100104,100,99978,100,100112,100,99962,100,100116,100,99961,400,100139,100,99946,100
2019-06-28 09:35:00.000000000,100068,378,100027,378,100079,100,100004,100,100082,100,100003,100,100087,100,100002,200,100098,100,99998,200,100101,100,99991,100,100104,100,99978,100,100112,100,99962,100,100116,100,99961,400,100139,100,99946,100
2019-06-28 09:35:10.000000000,100068,195,100027,195,100079,192,100004,192,100082,192,100003,192,100087,100,100002,200,100098,100,99998,200,100101,100,99991,100,100104,100,99978,100,100112,100,99962,100,100116,100,99961,400,100139,100,99946,100
2019-06-28 09:35:16.568182991,100068,95,100027,195,100079,192,100004,192,100082,192,100003,192,100087,100,100002,200,100098,100,99998,200,100101,100,99991,100,100104,100,99978,100,100112,100,99962,100,100116,100,99961,400,100139,100,99946,100
2019-06-28 09:35:20.000000000,100079,170,100027,170,100082,170,100004,170,100087,170,100003,170,100098,170,100002,270,100101,100,99998,200,100104,100,99991,100,100112,100,99978,100,100116,100,99962,100,100139,100,99961,400,100165,200,99946,100
2019-06-28 09:35:22.692713959,100079,170,100038,100,100082,170,100027,170,100087,170,100004,170,100098,170,100003,170,100101,100,100002,270,100104,100,99998,200,100112,100,99991,100,100116,100,99978,100,100139,100,99962,100,100165,200,99961,400
2019-06-28 09:35:28.129857853,100079,70,100038,100,100082,170,100027,170,100087,170,100004,170,100098,170,100003,170,100101,100,100002,270,100104,100,99998,200,100112,100,99991,100,100116,100,99978,100,100139,100,99962,100,100165,200,99961,400
2019-06-28 09:35:30.000000000,100082,170,100038,170,100087,170,100027,170,100098,170,100004,170,100101,170,100003,170,100104,100,100002,200,100112,100,99998,200,100116,100,99991,100,100139,100,99978,100,100165,200,99962,100,100235,100,99961,400
2019-06-28 09:35:40.000000000,100082,170,100038,170,100087,170,100027,170,100098,170,100004,170,100101,170,100003,170,100104,100,100002,200,100112,100,99998,200,100116,100,99991,100,100139,100,99978,100,100165,200,99962,100,100235,100,99961,400
2019-06-28 09:35:46.943547305,100082,170,100038,170,100087,170,100027,170,100098,170,100004,170,100101,170,100003,170,100104,100,100002,200,100112,100,99998,200,100116,100,99991,100,100139,100,99962,100,100165,200,99961,400,100235,100,99946,100
2019-06-28 09:35:50.000000000,100082,170,100038,170,100087,170,100027,170,100098,170,100004,170,100101,170,100003,170,100104,100,100002,200,100112,100,99998,200,100116,100,99991,100,100139,100,99962,100,100165,200,99961,400,100235,100,99946,100
2019-06-28 09:35:57.372801683,100082,170,100038,170,100087,170,100027,170,100098,170,100004,170,100101,170,100003,170,100104,100,100002,200,100112,100,99998,200,100116,100,99991,100,100139,100,99962,100,100165,200,99961,400,100235,100,99946,100
2019-06-28 09:35:57.419360910,100082,170,100038,170,100087,170,100027,170,100098,170,100004,170,100101,170,100003,170,100104,100,100002,200,100112,100,99998,200,100116,100,99991,100,100139,100,99961,400,100165,200,99946,100,100235,100,99936,100
2019-06-28 09:36:00.000000000,100082,170,100038,170,100087,170,100027,170,100098,170,100004,170,100101,170,100003,170,100104,100,100002,200,100112,100,99998,200,100116,100,99991,100,100139,100,99961,400,100165,200,99946,100,100235,100,99936,100
2019-06-28 09:36:10.000000000,100082,156,100038,156,100087,156,100027,156,100098,156,100004,156,100101,156,100003,156,100104,156,100002,256,100112,100,99998,200,100116,100,99991,100,100139,100,99961,400,100165,200,99946,100,100235,100,99936,100
2019-06-28 09:36:20.000000000,100082,378,100038,378,100087,100,100027,100,100098,100,100004,100,100101,100,100003,100,100104,100,100002,200,100112,100,99998,200,100116,100,99991,100,100139,100,99961,400,100165,200,99946,100,100235,100,99936,100
2019-06-28 09:36:30.000000000,100082,195,100038,195,100087,192,100027,192,100098,192,100004,192,100101,100,100003,100,100104,100,100002,200,100112,100,99998,200,100116,100,99991,100,100139,100,99961,400,100165,200,99946,100,100235,100,99936,100
2019-06-28 09:36:40.000000000,100082,239,100038,239,100087,239,100027,239,100098,100,100004,100,100101,100,100003,100,100104,100,100002,200,100112,100,99998,200,100116,100,99991,100,100139,100,99961,400,100165,200,99946,100,100235,100,99936,100
2019-06-28 09:36:50.000000000,100082,239,100038,239,100087,239,100027,239,100098,100,100004,100,100101,100,100003,100,100104,100,100002,200,100112,100,99998,200,100116,100,99991,100,100139,100,99961,400,100165,200,99946,100,100235,100,99936,100
2019-06-28 09:36:55.215727665,100055,100,100038,239,100082,239,100027,239,100087,239,100004,100,100098,100,100003,100,100101,100,100002,200,100104,100,99998,200,100112,100,99991,100,100116,100,99961,400,100139,100,99946,100,100165,200,99936,100
2019-06-28 09:36:59.956454117,100055,100,100038,239,100082,239,100027,239,100087,239,100004,100,100098,100,100003,100,100101,100,100002,200,100104,100,99998,200,100112,100,99991,100,100116,100,99961,400,100139,100,99946,100,100165,200,99936,100
2019-06-28 09:37:00.000000000,100055,195,100038,195,100082,192,100027,192,100087,192,100004,192,100098,100,100003,100,100101,100,100002,200,100104,100,99998,200,100112,100,99991,100,100116,100,99961,400,100139,100,99946,100,100165,200,99936,100
2019-06-28 09:37:10.000000000,100055,239,100038,239,100082,239,100027,239,100087,100,100004,100,100098,100,100003,100,100101,100,100002,200,100104,100,99998,200,100112,100,99991,100,100116,100,99961,400,100139,100,99946,100,100165,200,99936,100
2019-06-28 09:37:20.000000000,100055,378,100038,378,100082,100,100027,100,100087,100,100004,100,100098,100,100003,100,100101,100,100002,200,100104,100,99998,200,100112,100,99991,100,100116,100,99961,400,100139,100,99946,100,100165,200,99936,100
2019-06-28 09:37:30.000000000,100055,195,100038,195,100082,192,100027,192,100087,192,100004,192,100098,100,100003,100,100101,100,100002,200,100104,100,99998,200,100112,100,99991,100,100116,100,99961,400,100139,100,99946,100,100165,200,99936,100
2019-06-28 09:37:33.008826819,100055,195,100038,195,100082,192,100027,192,100087,192,100004,192,100098,100,100003,100,100101,100,100002,200,100104,100,99998,200,100112,100,99991,100,100116,100,99961,400,100139,100,99946,100,100165,200,99936,100
2019-06-28 09:37:34.775379432,100055,95,100038,195,100082,192,100027,192,100087,192,100004,192,100098,100,100003,100,100101,100,100002,200,100104,100,99998,100,100112,100,99991,100,100116,100,99961,400,100139,100,99946,100,100165,200,99936,100
2019-06-28 09:37:40.000000000,100082,378,100038,378,100087,100,100027,100,100098,100,100004,100,100101,100,100003,100,100104,100,100002,200,100112,100,99998,100,100116,100,99991,100,100139,100,99961,400,100165,200,99946,100,100234,100,99936,100
2019-06-28 09:37:46.878936424,100082,378,100041,100,100087,100,100038,378,100098,100,100027,100,100101,100,100004,100,100104,100,100003,100,100112,100,100002,200,100116,100,99998,100,100165,200,99991,100,100234,100,99961,400,100235,100,99946,100
2019-06-28 09:37:50.000000000,100082,195,100041,195,100087,192,100038,192,100098,192,100027,192,100101,100,100004,100,100104,100,100003,100,100112,100,100002,200,100116,100,99998,100,100165,200,99991,100,100234,100,99961,400,100235,100,99946,100
2019-06-28 09:38:00.000000000,100082,239,100041,239,100087,239,100038,239,100098,100,100027,100,100101,100,100004,100,100104,100,100003,100,100112,100,100002,200,100116,100,99998,100,100165,200,99991,100,100234,100,99961,400,100235,100,99946,100
2019-06-28 09:38:02.016188094,100082,239,100055,100,100087,239,100041,239,100098,100,100038,239,100101,100,100027,100,100104,100,100004,100,100112,100,100003,100,100116,100,100002,200,100165,200,99998,100,100234,100,99991,100,100235,100,99961,400
2019-06-28 09:38:05.937647354,100082,239,100055,100,100087,239,100041,239,100098,100,100038,139,100101,100,100027,100,100104,100,100004,100,100112,100,100003,100,100116,100,100002,200,100165,200,99998,100,100234,100,99991,100,100235,100,99961,400
2019-06-28 09:38:10.000000000,100082,378,100055,378,100087,100,100041,100,100098,100,100027,100,100101,100,100004,100,100104,100,100003,100,100112,100,100002,200,100116,100,99998,100,100165,200,99991,100,100234,100,99961,400,100235,100,99946,100
2019-06-28 09:38:20.000000000,100082,378,100055,378,100087,100,100041,100,100098,100,100027,100,100101,100,100004,100,100104,100,100003,100,100112,100,100002,200,100116,100,99998,100,100165,200,99991,100,100234,100,99961,400,100235,100,99946,100
2019-06-28 09:38:25.490013861,100082,378,100055,378,100087,100,100041,100,100098,100,100027,100,100101,100,100004,100,100104,100,100003,100,100112,100,100002,200,100116,100,99998,100,100165,200,99991,100,100234,100,99961,300,100235,100,99946,100
2019-06-28 09:38:26.996741961,100082,278,100055,378,100087,100,100041,100,100098,100,100027,100,100101,100,100004,100,100104,100,100003,100,100112,100,100002,200,100116,100,99998,100,100165,200,99991,100,100234,100,99961,300,100235,100,99946,100
2019-06-28 09:38:27.700988475,100082,278,100055,378,100087,100,100041,100,100098,100,100027,100,100101,100,100004,100,100104,100,100003,100,100112,100,100002,200,100116,100,99998,100,100165,200,99991,100,100234,100,99961,300,100235,100,99946,100
2019-06-28 09:38:30.000000000,100087,239,100055,239,100098,239,100041,239,100101,100,100027,100,100104,100,100004,100,100112,100,100003,100,100116,100,100002,200,100165,200,99998,100,100234,100,99991,100,100235,100,99961,300,100388,100,99946,100
2019-06-28 09:38:40.000000000,100087,156,100055,156,100098,156,100041,156,100101,156,100027,156,100104,156,100004,156,100112,156,100003,156,100116,100,100002,200,100165,200,99998,100,100234,100,99991,100,100235,100,99961,300,100388,100,99946,100
2019-06-28 09:38:50.000000000,100087,170,100055,170,100098,170,100041,170,100101,170,100027,170,100104,170,100004,170,100112,100,100003,100,100116,100,100002,200,100165,200,99998,100,100234,100,99991,100,100235,100,99961,300,100388,100,99946,100
2019-06-28 09:38:55.196975997,100087,170,100056,100,100098,170,100055,170,100101,170,100041,170,100104,170,100027,170,100112,100,100004,170,100116,100,100003,100,100165,200,100002,200,100234,100,99998,100,100235,100,99991,100,100388,100,99961,300
2019-06-28 09:39:00.000000000,100087,239,100056,239,100098,239,100055,239,100101,100,100041,100,100104,100,100027,100,100112,100,100004,100,100116,100,100003,100,100165,200,100002,200,100234,100,99998,100,100235,100,99991,100,100388,100,99961,300
2019-06-28 09:39:10.000000000,100087,170,100056,170,100098,170,100055,170,100101,170,100041,170,100104,170,100027,170,100112,100,100004,100,100116,100,100003,100,100165,200,100002,200,100234,100,99998,100,100235,100,99991,100,100388,100,99961,300
2019-06-28 09:39:18.038536621,100087,70,100056,170,100098,170,100055,170,100101,170,100041,170,100104,170,100027,170,100112,100,100004,100,100116,100,100003,100,100165,200,100002,200,100234,100,99998,100,100235,100,99991,100,100388,100,99961,300
2019-06-28 09:39:20.000000000,100098,239,100056,239,100101,239,100055,239,100104,100,100041,100,100112,100,100027,100,100116,100,100004,100,100165,200,100003,100,100234,100,100002,200,100235,100,99998,100,100388,100,99991,100,100458,100,99961,300
2019-06-28 09:39:30.000000000,100098,195,100056,195,100101,192,100055,192,100104,192,100041,192,100112,100,100027,100,100116,100,100004,100,100165,200,100003,100,100234,100,100002,200,100235,100,99998,100,100388,100,99991,100,100458,100,99961,300
2019-06-28 09:39:40.000000000,100098,195,100056,195,100101,192,100055,192,100104,192,100041,192,100112,100,100027,100,100116,100,100004,100,100165,200,100003,100,100234,100,100002,200,100235,100,99998,100,100388,100,99991,100,100458,100,99961,300
2019-06-28 09:39:50.000000000,100098,195,100056,195,100101,192,100055,192,100104,192,100041,192,100112,100,100027,100,100116,100,100004,100,100165,200,100003,100,100234,100,100002,200,100235,100,99998,100,100388,100,99991,100,100458,100,99961,300
2019-06-28 09:40:00.000000000,100098,378,100056,378,100101,100,100055,100,100104,100,100041,100,100112,100,100027,100,100116,100,100004,100,100165,200,100003,100,100234,100,100002,200,100235,100,99998,100,100388,100,99991,100,100458,100,99961,300
2019-06-28 09:40:10.000000000,100098,239,100056,239,100101,239,100055,239,100104,100,100041,100,100112,100,100027,100,100116,100,100004,100,100165,200,100003,100,100234,100,100002,200,100235,100,99998,100,100388,100,99991,100,100458,100,99961,300
2019-06-28 09:40:14.920869422,100098,239,100056,239,100101,239,100055,239,100104,100,100041,100,100112,100,100027,100,100116,100,100004,100,100165,100,100003,100,100234,100,100002,200,100235,100,99998,100,100388,100,99991,100,100458,100,99961,300
2019-06-28 09:40:20.000000000,100098,156,100056,156,100101,156,100055,156,100104,156,100041,156,100112,156,100027,156,100116,156,100004,156,100165,100,100003,100,100234,100,100002,200,100235,100,99998,100,100388,100,99991,100,100458,100,99961,300
2019-06-28 09:40:20.956271687,100098,156,100056,56,100101,156,100055,156,100104,156,100041,156,100112,156,100027,156,100116,156,100004,156,100165,100,100003,100,100234,100,100002,200,100235,100,99998,100,100388,100,99991,100,100458,100,99961,300
2019-06-28 09:40:30.000000000,100098,195,100055,195,100101,192,100041,192,100104,192,100027,192,100112,100,100004,100,100116,100,100003,100,100165,100,100002,200,100234,100,99998,100,100235,100,99991,100,100388,100,99961,300,100458,100,99946,100
2019-06-28 09:40:31.517958740,100098,195,100055,95,100101,192,100041,192,100104,192,100027,192,100112,100,100004,100,100165,100,100003,100,100234,100,100002,200,100235,100,99998,100,100388,100,99991,100,100458,100,99961,300,100510,100,99946,100
2019-06-28 09:40:36.483636331,100055,5,100041,92,100098,195,100027,192,100101,192,100004,100,100104,192,100003,100,100112,100,100002,200,100165,100,99998,100,100234,100,99991,100,100235,100,99961,300,100388,100,99946,100,100458,100,99936,100
2019-06-28 09:40:40.000000000,100055,75,100027,170,100098,170,100004,170,100101,170,100003,170,100104,170,100002,270,100112,100,99998,100,100165,100,99991,100,100234,100,99961,300,100235,100,99946,100,100388,100,99936,100,100458,100,99933,100
2019-06-28 09:40:44.346522393,100055,75,100027,170,100098,170,100004,170,100101,170,100003,170,100104,170,100002,270,100112,100,99998,100,100165,100,99991,100,100234,100,99961,300,100235,100,99946,100,100388,100,99936,100,100458,100,99933,100
2019-06-28 09:40:50.000000000,100055,144,100027,239,100098,239,100004,239,100101,100,100003,100,100104,100,100002,200,100112,100,99998,100,100165,100,99991,100,100234,100,99961,300,100235,100,99946,100,100388,100,99936,100,100458,100,99933,100
2019-06-28 09:41:00.000000000,100055,61,100027,156,100098,156,100004,156,100101,156,100003,156,100104,156,100002,256,100112,156,99998,156,100165,100,99991,100,100234,100,99961,300,100235,100,99946,100,100388,100,99936,100,100458,100,99933,100
2019-06-28 09:41:02.258910213,100055,161,100027,56,100098,156,100004,156,100101,156,100003,156,100104,156,100002,256,100112,156,99998,156,100165,100,99991,100,100234,100,99961,300,100235,100,99946,100,100388,100,99936,100,100458,100,99933,100
2019-06-28 09:41:10.000000000,100055,175,100004,170,100098,170,100003,170,100101,170,100002,270,100104,170,99998,170,100112,100,99991,100,100165,100,99961,300,100234,100,99946,100,100235,100,99936,100,100388,100,99933,100,100458,100,99923,100
2019-06-28 09:41:20.000000000,100055,244,100004,239,100098,239,100003,239,100101,100,100002,200,100104,100,99998,100,100112,100,99991,100,100165,100,99961,300,100234,100,99946,100,100235,100,99936,100,100388,100,99933,100,100458,100,99923,100
2019-06-28 09:41:29.817450773,100055,244,100004,239,100098,239,100003,239,100101,100,100002,200,100104,100,99998,100,100112,100,99991,100,100165,100,99961,200,100234,100,99946,100,100235,100,99936,100,100388,100,99933,100,100458,100,99923,100
2019-06-28 09:41:30.000000000,100055,383,100004,378,100098,100,100003,100,100101,100,100002,200,100104,100,99998,100,100112,100,99991,100,100165,100,99961,200,100234,100,99946,100,100235,100,99936,100,100388,100,99933,100,100458,100,99923,100
2019-06-28 09:41:37.892303840,100055,383,100004,378,100098,100,100003,100,100101,100,100002,200,100104,100,99998,100,100112,100,99991,100,100165,100,99961,200,100234,100,99946,100,100235,100,99936,100,100388,100,99933,100,100458,100,99923,100
2019-06-28 09:41:40.000000000,100055,175,100004,170,100098,170,100003,170,100101,170,100002,270,100104,170,99998,170,100112,100,99991,100,100165,100,99961,200,100234,100,99946,100,100235,100,99936,100,100388,100,99933,100,100458,100,99923,100
2019-06-28 09:41:46.138439083,100055,175,100004,70,100098,170,100003,170,100101,170,100002,270,100104,170,99998,170,100112,100,99991,100,100165,100,99961,200,100234,100,99946,100,100235,100,99936,100,100388,100,99933,100,100458,100,99923,100
2019-06-28 09:41:50.000000000,100055,200,100003,195,100098,192,100002,292,100101,192,99998,192,100104,100,99991,100,100112,100,99961,200,100165,100,99946,100,100234,100,99936,100,100235,100,99933,100,100388,100,99923,100,100458,100,99917,100
2019-06-28 09:41:57.645505211,100055,200,100003,195,100098,192,100002,292,100101,192,99998,192,100104,100,99961,200,100112,100,99959,100,100165,100,99946,100,100234,100,99936,100,100235,100,99933,100,100388,100,99923,100,100458,100,99917,100
2019-06-28 09:42:00.000000000,100055,200,100003,195,100098,192,100002,292,100101,192,99998,192,100104,100,99961,200,100112,100,99959,100,100165,100,99946,100,100234,100,99936,100,100235,100,99933,100,100388,100,99923,100,100458,100,99917,100
2019-06-28 09:42:10.000000000,100055,161,100003,156,100098,156,100002,256,100101,156,99998,156,100104,156,99961,256,100112,156,99959,156,100165,100,99946,100,100234,100,99936,100,100235,100,99933,100,100388,100,99923,100,100458,100,99917,100
2019-06-28 09:42:20.000000000,100055,244,100003,239,100098,239,100002,339,100101,100,99998,100,100104,100,99961,200,100112,100,99959,100,100165,100,99946,100,100234,100,99936,100,100235,100,99933,100,100388,100,99923,100,100458,100,99917,100
2019-06-28 09:42:22.443811687,100055,144,100003,239,100098,239,100002,339,100101,100,99998,100,100104,100,99961,200,100112,100,99959,100,100234,100,99946,100,100235,100,99936,100,100388,100,99933,100,100458,100,99923,100,100510,100,99917,100
2019-06-28 09:42:30.000000000,100055,100,100003,195,100098,192,100002,292,100101,192,99998,192,100104,100,99961,200,100112,100,99959,100,100234,100,99946,100,100235,100,99936,100,100388,100,99933,100,100458,100,99923,100,100510,100,99917,100
2019-06-28 09:42:40.000000000,100055,61,100003,156,100098,156,100002,256,100101,156,99998,156,100104,156,99961,256,100112,156,99959,156,100234,100,99946,100,100235,100,99936,100,100388,100,99933,100,100458,100,99923,100,100510,100,99917,100
2019-06-28 09:42:50.000000000,100055,283,100003,378,100098,100,100002,200,100101,100,99998,100,100104,100,99961,200,100112,100,99959,100,100234,100,99946,100,100235,100,99936,100,100388,100,99933,100,100458,100,99923,100,100510,100,99917,100
2019-06-28 09:42:55.015513420,100055,183,100003,378,100098,100,100002,200,100101,100,99998,100,100104,100,99961,200,100112,100,99959,100,100234,100,99946,100,100235,100,99936,100,100388,100,99933,100,100458,100,99923,100,100510,100,99917,100
2019-06-28 09:43:00.000000000,100098,156,100003,156,100101,156,100002,256,100104,156,99998,156,100112,156,99961,256,100234,156,99959,156,100235,100,99946,100,100388,100,99936,100,100458,100,99933,100,100510,100,99923,100,100643,100,99917,100
2019-06-28 09:43:10.000000000,100098,170,100003,170,100101,170,100002,270,100104,170,99998,170,100112,170,99961,270,100234,100,99959,100,100235,100,99946,100,100388,100,99936,100,100458,100,99933,100,100510,100,99923,100,100643,100,99917,100
2019-06-28 09:43:19.192012378,100098,170,100003,170,100101,170,100002,270,100104,170,99998,170,100112,170,99961,270,100182,100,99959,100,100234,100,99946,100,100235,100,99936,100,100388,100,99933,100,100458,100,99923,100,100510,100,99917,100
2019-06-28 09:43:20.000000000,100098,239,100003,239,100101,239,100002,339,100104,100,99998,100,100112,100,99961,200,100182,100,99959,100,100234,100,99946,100,100235,100,99936,100,100388,100,99933,100,100458,100,99923,100,100510,100,99917,100
2019-06-28 09:43:28.954410770,100098,239,100003,239,100101,239,100002,339,100104,100,99998,100,100112,100,99961,200,100182,100,99959,100,100234,100,99950,100,100235,100,99946,100,100388,100,99936,100,100458,100,99933,100,100510,100,99923,100
2019-06-28 09:43:30.000000000,100098,195,100003,195,100101,192,100002,292,100104,192,99998,192,100112,100,99961,200,100182,100,99959,100,100234,100,99950,100,100235,100,99946,100,100388,100,99936,100,100458,100,99933,100,100510,100,99923,100
2019-06-28 09:43:38.259873506,100098,195,100003,195,100101,192,100002,292,100104,192,99998,192,100112,100,99961,200,100182,100,99959,100,100234,100,99950,100,100235,100,99946,100,100388,100,99936,100,100458,100,99933,100,100510,100,99923,100
2019-06-28 09:43:40.000000000,100098,170,100003,170,100101,170,100002,270,100104,170,99998,170,100112,170,99961,270,100182,100,99959,100,100234,100,99950,100,100235,100,99946,100,100388,100,99936,100,100458,100,99933,100,100510,100,99923,100
2019-06-28 09:43:46.859724758,100023,100,100003,170,100098,170,100002,270,100101,170,99998,170,100104,170,99961,270,100112,170,99959,100,100182,100,99950,100,100234,100,99946,100,100235,100,99936,100,100388,100,99933,100,100458,100,99923,100
2019-06-28 09:43:50.000000000,100023,170,100003,170,100098,170,100002,270,100101,170,99998,170,100104,170,99961,270,100112,100,99959,100,100182,100,99950,100,100234,100,99946,100,100235,100,99936,100,100388,100,99933,100,100458,100,99923,100
2019-06-28 09:44:00.000000000,100023,239,100003,239,100098,239,100002,339,100101,100,99998,100,100104,100,99961,200,100112,100,99959,100,100182,100,99950,100,100234,100,99946,100,100235,100,99936,100,100388,100,99933,100,100458,100,99923,100
2019-06-28 09:44:00.772024170,100023,239,100003,239,100098,239,100002,339,100101,100,99998,100,100104,100,99961,200,100112,100,99959,100,100182,100,99950,100,100234,100,99946,100,100235,100,99936,100,100338,100,99933,100,100388,100,99923,100
2019-06-28 09:44:07.677985943,100023,239,100003,239,100098,239,100002,339,100101,100,99998,100,100104,100,99961,200,100112,100,99959,100,100124,100,99950,100,100182,100,99946,100,100234,100,99936,100,100235,100,99933,100,100338,100,99923,100
2019-06-28 09:44:10.000000000,100023,195,100003,195,100098,192,100002,292,100101,192,99998,192,100104,100,99961,200,100112,100,99959,100,100124,100,99950,100,100182,100,99946,100,100234,100,99936,100,100235,100,99933,100,100338,100,99923,100
2019-06-28 09:44:10.812186306,100023,95,100003,195,100098,192,100002,292,100101,192,99998,192,100104,100,99961,200,100112,100,99959,100,100124,100,99950,100,100182,100,99946,100,100234,100,99936,100,100235,100,99933,100,100338,100,99923,100
2019-06-28 09:44:18.615742512,100023,95,100003,195,100098,192,100002,292,100101,192,99998,192,100104,100,99961,200,100112,100,99959,100,100124,100,99954,100,100182,100,99950,100,100234,100,99946,100,100235,100,99936,100,100338,100,99933,100
2019-06-28 09:44:20.000000000,100098,195,100003,195,100101,192,100002,292,100104,192,99998,192,100112,100,99961,200,100124,100,99959,100,100182,100,99954,100,100234,100,99950,100,100235,100,99946,100,100338,100,99936,100,100388,100,99933,100
2019-06-28 09:44:23.649622706,100035,100,100003,195,100098,195,100002,292,100101,192,99998,192,100104,192,99961,200,100112,100,99959,100,100124,100,99950,100,100182,100,99946,100,100234,100,99936,100,100235,100,99933,100,100338,100,99923,100
2019-06-28 09:44:27.048818880,100035,100,100003,195,100098,195,100002,292,100101,92,99998,192,100104,192,99961,200,100112,100,99959,100,100124,100,99950,100,100182,100,99946,100,100234,100,99936,100,100235,100,99933,100,100247,100,99923,100
2019-06-28 09:44:30.000000000,100035,156,100003,156,100098,156,100002,256,100104,156,99998,156,100112,156,99961,256,100124,156,99959,156,100182,100,99950,100,100234,100,99946,100,100235,100,99936,100,100247,100,99933,100,100338,100,99923,100
2019-06-28 09:44:40.000000000,100035,239,100003,239,100098,239,100002,339,100104,100,99998,100,100112,100,99961,200,100124,100,99959,100,100182,100,99950,100,100234,100,99946,100,100235,100,99936,100,100247,100,99933,100,100338,100,99923,100
2019-06-28 09:44:50.000000000,100035,195,100003,195,100098,192,100002,292,100104,192,99998,192,100112,100,99961,200,100124,100,99959,100,100182,100,99950,100,100234,100,99946,100,100235,100,99936,100,100247,100,99933,100,100338,100,99923,100
2019-06-28 09:44:53.383683734,100035,95,100003,195,100098,192,100002,292,100104,192,99998,192,100112,100,99961,200,100124,100,99959,100,100182,100,99950,100,100234,100,99946,100,100235,100,99936,100,100247,100,99933,100,100338,100,99923,100
2019-06-28 09:45:00.000000000,100098,195,100003,195,100104,192,100002,292,100112,192,99998,192,100124,100,99961,200,100182,100,99959,100,100234,100,99950,100,100235,100,99946,100,100247,100,99936,100,100338,100,99933,100,100388,100,99923,100
2019-06-28 09:45:08.678635721,100098,95,100003,195,100104,192,100002,292,100112,192,99998,192,100124,100,99961,200,100182,100,99959,100,100234,100,99950,100,100235,100,99946,100,100247,100,99936,100,100338,100,99933,100,100388,100,99923,100
2019-06-28 09:45:09.667693037,100098,95,100003,195,100104,92,100002,292,100112,192,99998,192,100124,100,99961,200,100182,100,99959,100,100234,100,99950,100,100235,100,99946,100,100247,100,99936,100,100338,100,99933,100,100388,100,99923,100
2019-06-28 09:45:10.000000000,100112,239,100003,239,100124,239,100002,339,100182,100,99998,100,100234,100,99961,200,100235,100,99959,100,100247,100,99950,100,100338,100,99946,100,100388,100,99936,100,100458,100,99933,100,100510,100,99923,100
2019-06-28 09:45:20.000000000,100112,378,100003,378,100124,100,100002,200,100182,100,99998,100,100234,100,99961,200,100235,100,99959,100,100247,100,99950,100,100338,100,99946,100,100388,100,99936,100,100458,100,99933,100,100510,100,99923,100
2019-06-28 09:45:22.478950356,100112,378,100035,100,100124,100,100003,378,100182,100,100002,200,100234,100,99998,100,100235,100,99961,200,100247,100,99959,100,100338,100,99950,100,100388,100,99946,100,100458,100,99936,100,100510,100,99933,100
2019-06-28 09:45:29.902057710,100112,278,100035,100,100124,100,100003,378,100234,100,100002,200,100235,100,99998,100,100247,100,99961,200,100338,100,99959,100,100388,100,99950,100,100458,100,99946,100,100510,100,99936,100,100643,100,99933,100
2019-06-28 09:45:30.000000000,100124,378,100035,378,100234,100,100003,100,100235,100,100002,200,100247,100,99998,100,100338,100,99961,200,100388,100,99959,100,100458,100,99950,100,100510,100,99946,100,100643,100,99936,100,100706,100,99933,100
2019-06-28 09:45:31.912900758,100124,278,100035,378,100234,100,100003,100,100235,100,100002,200,100247,100,99998,100,100338,100,99961,200,100388,100,99959,100,100458,100,99950,100,100510,100,99946,100,100643,100,99936,100,100706,100,99933,100
2019-06-28 09:45:33.724645957,100124,278,100035,378,100234,100,100003,100,100235,100,100002,200,100247,100,99998,100,100338,100,99961,200,100388,100,99959,100,100458,100,99950,100,100510,100,99946,100,100643,100,99936,100,100706,100,99933,100
2019-06-28 09:45:40.000000000,100234,195,100035,195,100235,192,100003,192,100247,192,100002,292,100338,100,99998,100,100388,100,99961,200,100458,100,99959,100,100510,100,99950,100,100643,100,99946,100,100706,100,99936,100,100772,100,99933,100
2019-06-28 09:45:40.429467663,100234,195,100035,195,100235,192,100003,192,100247,192,100002,292,100338,100,99998,100,100388,100,99961,200,100458,100,99959,100,100510,100,99950,100,100611,100,99946,100,100643,100,99936,100,100706,100,99933,100
2019-06-28 09:45:42.000391169,100234,95,100035,195,100235,192,100003,192,100247,192,100002,292,100338,100,99998,100,100388,100,99961,200,100458,100,99959,100,100510,100,99950,100,100611,100,99936,100,100643,100,99933,100,100706,100,99923,100
2019-06-28 09:45:45.172530031,100234,95,100035,195,100235,192,100003,192,100247,192,100002,292,100338,100,99998,100,100388,100,99961,200,100458,100,99959,100,100510,100,99950,100,100611,100,99936,100,100643,100,99933,100,100667,100,99923,100
2019-06-28 09:45:50.000000000,100235,156,100035,156,100247,156,100003,156,100338,156,100002,256,100388,156,99998,156,100458,156,99961,256,100510,100,99959,100,100611,100,99950,100,100643,100,99936,100,100667,100,99933,100,100706,100,99923,100
2019-06-28 09:45:53.043600207,100235,156,100035,156,100247,156,100003,156,100338,156,100002,256,100388,156,99998,156,100458,156,99961,256,100466,100,99959,100,100510,100,99950,100,100611,100,99936,100,100643,100,99933,100,100667,100,99923,100
2019-06-28 09:46:00.000000000,100235,195,100035,195,100247,192,100003,192,100338,192,100002,292,100388,100,99998,100,100458,100,99961,200,100466,100,99959,100,100510,100,99950,100,100611,100,99936,100,100643,100,99933,100,100667,100,99923,100
2019-06-28 09:46:10.000000000,100235,239,100035,239,100247,239,100003,239,100338,100,100002,200,100388,100,99998,100,100458,100,99961,200,100466,100,99959,100,100510,100,99950,100,100611,100,99936,100,100643,100,99933,100,100667,100,99923,100
2019-06-28 09:46:12.430276344,100235,139,100035,239,100247,239,100003,239,100338,100,100002,200,100388,100,99998,100,100458,100,99961,200,100466,100,99959,100,100510,100,99950,100,100611,100,99936,100,100643,100,99933,100,100667,100,99923,100
2019-06-28 09:46:20.000000000,100247,156,100035,156,100338,156,100003,156,100388,156,100002,256,100458,156,99998,156,100466,156,99961,256,100510,100,99959,100,100611,100,99950,100,100643,100,99936,100,100667,100,99933,100,100706,100,99923,100
2019-06-28 09:46:30.000000000,100247,195,100035,195,100338,192,100003,192,100388,192,100002,292,100458,100,99998,100,100466,100,99961,200,100510,100,99959,100,100611,100,99950,100,100643,100,99936,100,100667,100,99933,100,100706,100,99923,100
2019-06-28 09:46:35.358479485,100247,195,100035,195,100338,192,100003,192,100388,192,100002,292,100394,100,99998,100,100458,100,99961,200,100466,100,99959,100,100510,100,99950,100,100611,100,99936,100,100643,100,99933,100,100667,100,99923,100
2019-06-28 09:46:39.130066491,100247,195,100035,195,100338,192,100003,192,100388,192,100002,292,100394,100,99998,100,100458,100,99961,200,100510,100,99959,100,100604,100,99950,100,100611,100,99936,100,100643,100,99933,100,100667,100,99923,100
2019-06-28 09:46:40.000000000,100247,195,100035,195,100338,192,100003,192,100388,192,100002,292,100394,100,99998,100,100458,100,99961,200,100510,100,99959,100,100604,100,99950,100,100611,100,99936,100,100643,100,99933,100,100667,100,99923,100
2019-06-28 09:46:50.000000000,100247,378,100035,378,100338,100,100003,100,100388,100,100002,200,100394,100,99998,100,100458,100,99961,200,100510,100,99959,100,100604,100,99950,100,100611,100,99936,100,100643,100,99933,100,100667,100,99923,100
2019-06-28 09:47:00.000000000,100247,156,100035,156,100338,156,100003,156,100388,156,100002,256,100394,156,99998,156,100458,156,99961,256,100510,100,99959,100,100604,100,99950,100,100611,100,99936,100,100643,100,99933,100,100667,100,99923,100
2019-06-28 09:47:04.725537209,100247,156,100035,156,100338,156,100003,156,100388,156,100002,256,100394,156,99998,156,100458,156,99961,256,100496,100,99959,100,100510,100,99950,100,100604,100,99936,100,100611,100,99933,100,100643,100,99923,100
2019-06-28 09:47:10.000000000,100247,156,100035,156,100338,156,100003,156,100388,156,100002,256,100394,156,99998,156,100458,156,99961,256,100496,100,99959,100,100510,100,99950,100,100604,100,99936,100,100611,100,99933,100,100643,100,99923,100
2019-06-28 09:47:20.000000000,100247,170,100035,170,100338,170,100003,170,100388,170,100002,270,100394,170,99998,170,100458,100,99961,200,100496,100,99959,100,100510,100,99950,100,100604,100,99936,100,100611,100,99933,100,100643,100,99923,100
2019-06-28 09:47:30.000000000,100247,195,100035,195,100338,192,100003,192,100388,192,100002,292,100394,100,99998,100,100458,100,99961,200,100496,100,99959,100,100510,100,99950,100,100604,100,99936,100,100611,100,99933,100,100643,100,99923,100
2019-06-28 09:47:40.000000000,100247,170,100035,170,100338,170,100003,170,100388,170,100002,270,100394,170,99998,170,100458,100,99961,200,100496,100,99959,100,100510,100,99950,100,100604,100,99936,100,100611,100,99933,100,100643,100,99923,100
2019-06-28 09:47:50.000000000,100247,378,100035,378,100338,100,100003,100,100388,100,100002,200,100394,100,99998,100,100458,100,99961,200,100496,100,99959,100,100510,100,99950,100,100604,100,99936,100,100611,100,99933,100,100643,100,99923,100
2019-06-28 09:47:54.645985116,100247,278,100035,378,100338,100,100003,100,100388,100,100002,200,100394,100,99998,100,100458,100,99961,200,100496,100,99959,100,100510,100,99950,100,100604,100,99936,100,100611,100,99933,100,100643,100,99923,100
2019-06-28 09:48:00.000000000,100338,195,100035,195,100388,192,100003,192,100394,192,100002,292,100458,100,99998,100,100496,100,99961,200,100510,100,99959,100,100604,100,99950,100,100611,100,99936,100,100643,100,99933,100,100667,100,99923,100
2019-06-28 09:48:02.818562947,100338,195,100235,100,100388,192,100035,195,100394,192,100003,192,100458,100,100002,292,100496,100,99998,100,100510,100,99961,200,100604,100,99959,100,100611,100,99950,100,100643,100,99936,100,100667,100,99933,100
2019-06-28 09:48:10.000000000,100338,195,100235,195,100388,192,100035,192,100394,192,100003,192,100458,100,100002,200,100496,100,99998,100,100510,100,99961,200,100604,100,99959,100,100611,100,99950,100,100643,100,99936,100,100667,100,99933,100
2019-06-28 09:48:10.283544403,100338,95,100235,195,100388,192,100035,192,100394,192,100003,192,100458,100,100002,200,100496,100,99998,100,100510,100,99961,200,100604,100,99959,100,100611,100,99950,100,100643,100,99936,100,100667,100,99933,100
2019-06-28 09:48:18.820940440,100338,95,100235,195,100388,192,100035,192,100394,192,100003,192,100458,100,100002,200,100494,100,99998,100,100496,100,99961,200,100510,100,99959,100,100604,100,99950,100,100611,100,99936,100,100643,100,99933,100
2019-06-28 09:48:20.000000000,100388,170,100235,170,100394,170,100035,170,100458,170,100003,170,100494,170,100002,270,100496,100,99998,100,100510,100,99961,200,100604,100,99959,100,100611,100,99950,100,100643,100,99936,100,100667,100,99933,100
2019-06-28 09:48:30.000000000,100388,195,100235,195,100394,192,100035,192,100458,192,100003,192,100494,100,100002,200,100496,100,99998,100,100510,100,99961,200,100604,100,99959,100,100611,100,99950,100,100643,100,99936,100,100667,100,99933,100
2019-06-28 09:48:39.942270747,100388,195,100361,100,100394,192,100235,195,100458,192,100035,192,100494,100,100003,192,100496,100,100002,200,100510,100,99998,100,100604,100,99961,200,100611,100,99959,100,100643,100,99950,100,100667,100,99936,100
2019-06-28 09:48:40.000000000,100388,378,100361,378,100394,100,100235,100,100458,100,100035,100,100494,100,100003,100,100496,100,100002,200,100510,100,99998,100,100604,100,99961,200,100611,100,99959,100,100643,100,99950,100,100667,100,99936,100
2019-06-28 09:48:50.000000000,100388,170,100361,170,100394,170,100235,170,100458,170,100035,170,100494,170,100003,170,100496,100,100002,200,100510,100,99998,100,100604,100,99961,200,100611,100,99959,100,100643,100,99950,100,100667,100,99936,100
2019-06-28 09:49:00.000000000,100388,378,100361,378,100394,100,100235,100,100458,100,100035,100,100494,100,100003,100,100496,100,100002,200,100510,100,99998,100,100604,100,99961,200,100611,100,99959,100,100643,100,99950,100,100667,100,99936,100
2019-06-28 09:49:10.000000000,100388,239,100361,239,100394,239,100235,239,100458,100,100035,100,100494,100,100003,100,100496,100,100002,200,100510,100,99998,100,100604,100,99961,200,100611,100,99959,100,100643,100,99950,100,100667,100,99936,100
2019-06-28 09:49:14.124906639,100388,239,100361,239,100394,239,100235,239,100458,100,100142,100,100494,100,100035,100,100496,100,100003,100,100510,100,100002,200,100604,100,99998,100,100611,100,99961,200,100643,100,99959,100,100706,100,99950,100
2019-06-28 09:49:20.000000000,100388,156,100361,156,100394,156,100235,156,100458,156,100142,156,100494,156,100035,156,100496,156,100003,156,100510,100,100002,200,100604,100,99998,100,100611,100,99961,200,100643,100,99959,100,100706,100,99950,100
2019-06-28 09:49:30.000000000,100388,195,100361,195,100394,192,100235,192,100458,192,100142,192,100494,100,100035,100,100496,100,100003,100,100510,100,100002,200,100604,100,99998,100,100611,100,99961,200,100643,100,99959,100,100706,100,99950,100
2019-06-28 09:49:33.231362456,100388,95,100361,195,100394,192,100235,192,100458,192,100142,192,100494,100,100035,100,100496,100,100003,100,100510,100,100002,200,100604,100,99998,100,100611,100,99961,200,100643,100,99959,100,100706,100,99936,100
2019-06-28 09:49:40.000000000,100394,378,100361,378,100458,100,100235,100,100494,100,100142,100,100496,100,100035,100,100510,100,100003,100,100604,100,100002,200,100611,100,99998,100,100643,100,99961,200,100706,100,99959,100,100846,100,99936,100
2019-06-28 09:49:43.239658402,100394,378,100361,378,100458,100,100235,100,100494,100,100142,100,100496,100,100035,100,100510,100,100003,100,100536,100,100002,200,100604,100,99998,100,100611,100,99961,200,100643,100,99959,100,100706,100,99936,100
2019-06-28 09:49:50.000000000,100394,378,100361,378,100458,100,100235,100,100494,100,100142,100,100496,100,100035,100,100510,100,100003,100,100536,100,100002,200,100604,100,99998,100,100611,100,99961,200,100643,100,99959,100,100706,100,99936,100
2019-06-28 09:49:58.620121279,100394,378,100393,100,100458,100,100361,378,100494,100,100235,100,100496,100,100142,100,100510,100,100035,100,100536,100,100003,100,100604,100,100002,200,100611,100,99998,100,100643,100,99961,200,100706,100,99959,100
2019-06-28 09:50:00.000000000,100394,156,100393,156,100458,156,100361,156,100494,156,100235,156,100496,156,100142,156,100510,156,100035,156,100536,100,100003,100,100604,100,100002,200,100611,100,99998,100,100643,100,99961,200,100706,100,99959,100
2019-06-28 09:50:10.000000000,100394,170,100393,170,100458,170,100361,170,100494,170,100235,170,100496,170,100142,170,100510,100,100035,100,100536,100,100003,100,100604,100,100002,200,100611,100,99998,100,100643,100,99961,200,100706,100,99959,100
2019-06-28 09:50:15.878889133,100394,170,100393,70,100458,170,100361,170,100494,170,100235,170,100496,170,100142,170,100510,100,100035,100,100536,100,100003,100,100604,100,100002,200,100611,100,99998,100,100643,100,99961,200,100706,100,99959,100
2019-06-28 09:50:20.000000000,100394,156,100361,156,100458,156,100235,156,100494,156,100142,156,100496,156,100035,156,100510,156,100003,156,100536,100,100002,200,100604,100,99998,100,100611,100,99961,200,100643,100,99959,100,100706,100,99936,100
2019-06-28 09:50:20.892686230,100394,156,100361,156,100458,156,100235,156,100494,156,100142,156,100496,156,100035,156,100510,156,100003,156,100536,100,100002,200,100604,100,99998,100,100611,100,99961,100,100643,100,99959,100,100706,100,99936,100
2019-06-28 09:50:22.565935512,100394,156,100361,156,100458,156,100235,156,100494,156,100197,100,100496,156,100142,156,100510,156,100035,156,100536,100,100003,156,100604,100,100002,200,100611,100,99998,100,100643,100,99961,100,100706,100,99959,100
2019-06-28 09:50:27.163401537,100394,156,100361,56,100458,156,100235,156,100494,156,100197,100,100496,156,100142,156,100510,156,100035,156,100536,100,100003,156,100604,100,100002,200,100611,100,99998,100,100643,100,99961,100,100706,100,99959,100
2019-06-28 09:50:30.000000000,100394,156,100235,156,100458,156,100197,156,100494,156,100142,156,100496,156,100035,156,100510,156,100003,156,100536,100,100002,200,100604,100,99998,100,100611,100,99961,100,100643,100,99959,100,100706,100,99936,100
2019-06-28 09:50:37.177126880,100393,100,100235,156,100394,156,100197,156,100458,156,100142,156,100494,156,100035,156,100496,156,100003,156,100510,156,100002,200,100536,100,99998,100,100604,100,99961,100,100611,100,99959,100,100643,100,99936,100
2019-06-28 09:50:39.787057072,100393,100,100235,156,100394,156,100206,100,100458,156,100197,156,100494,156,100142,156,100496,156,100035,156,100510,156,100003,156,100536,100,100002,200,100604,100,99998,100,100611,100,99961,100,100643,100,99959,100
2019-06-28 09:50:40.000000000,100393,156,100235,156,100394,156,100206,156,100458,156,100197,156,100494,156,100142,156,100496,156,100035,156,100510,100,100003,100,100536,100,100002,200,100604,100,99998,100,100611,100,99961,100,100643,100,99959,100
2019-06-28 09:50:49.885459538,100393,156,100276,100,100394,156,100235,156,100458,156,100206,156,100494,156,100197,156,100496,156,100142,156,100510,100,100035,156,100536,100,100003,100,100604,100,100002,200,100611,100,99998,100,100643,100,99961,100
2019-06-28 09:50:50.000000000,100393,195,100276,195,100394,192,100235,192,100458,192,100206,192,100494,100,100197,100,100496,100,100142,100,100510,100,100035,100,100536,100,100003,100,100604,100,100002,200,100611,100,99998,100,100643,100,99961,100
2019-06-28 09:50:54.584335272,100393,95,100276,195,100394,192,100235,192,100458,192,100206,192,100494,100,100197,100,100496,100,100142,100,100510,100,100035,100,100536,100,100003,100,100604,100,100002,200,100611,100,99998,100,100643,100,99961,100
2019-06-28 09:51:00.000000000,100394,170,100276,170,100458,170,100235,170,100494,170,100206,170,100496,170,100197,170,100510,100,100142,100,100536,100,100035,100,100604,100,100003,100,100611,100,100002,200,100643,100,99998,100,100706,100,99961,100
2019-06-28 09:51:10.000000000,100394,156,100276,156,100458,156,100235,156,100494,156,100206,156,100496,156,100197,156,100510,156,100142,156,100536,100,100035,100,100604,100,100003,100,100611,100,100002,200,100643,100,99998,100,100706,100,99961,100
2019-06-28 09:51:20.000000000,100394,195,100276,195,100458,192,100235,192,100494,192,100206,192,100496,100,100197,100,100510,100,100142,100,100536,100,100035,100,100604,100,100003,100,100611,100,100002,200,100643,100,99998,100,100706,100,99961,100
2019-06-28 09:51:21.209563656,100394,195,100316,100,100458,192,100276,195,100494,192,100235,192,100496,100,100206,192,100510,100,100197,100,100536,100,100142,100,100604,100,100035,100,100611,100,100003,100,100643,100,100002,200,100706,100,99998,100
2019-06-28 09:51:30.000000000,100394,170,100316,170,100458,170,100276,170,100494,170,100235,170,100496,170,100206,170,100510,100,100197,100,100536,100,100142,100,100604,100,100035,100,100611,100,100003,100,100643,100,100002,200,100706,100,99998,100
2019-06-28 09:51:33.395136738,100394,170,100316,170,100458,170,100279,100,100494,170,100276,170,100496,170,100235,170,100510,100,100206,170,100536,100,100197,100,100604,100,100142,100,100611,100,100035,100,100643,100,100003,100,100706,100,100002,200
2019-06-28 09:51:34.013309262,100394,170,100316,170,100458,170,100279,100,100494,170,100276,170,100496,170,100235,170,100510,100,100206,170,100536,100,100197,100,100604,100,100142,100,100611,100,100035,100,100643,100,100003,100,100706,100,100002,200
2019-06-28 09:51:40.000000000,100394,378,100316,378,100458,100,100279,100,100494,100,100276,100,100496,100,100235,100,100510,100,100206,100,100536,100,100197,100,100604,100,100142,100,100611,100,100035,100,100643,100,100003,100,100706,100,100002,200
2019-06-28 09:51:50.000000000,100394,239,100316,239,100458,239,100279,239,100494,100,100276,100,100496,100,100235,100,100510,100,100206,100,100536,100,100197,100,100604,100,100142,100,100611,100,100035,100,100643,100,100003,100,100706,100,100002,200
2019-06-28 09:52:00.000000000,100394,239,100316,239,100458,239,100279,239,100494,100,100276,100,100496,100,100235,100,100510,100,100206,100,100536,100,100197,100,100604,100,100142,100,100611,100,100035,100,100643,100,100003,100,100706,100,100002,200
2019-06-28 09:52:10.000000000,100394,239,100316,239,100458,239,100279,239,100494,100,100276,100,100496,100,100235,100,100510,100,100206,100,100536,100,100197,100,100604,100,100142,100,100611,100,100035,100,100643,100,100003,100,100706,100,100002,200
2019-06-28 09:52:20.000000000,100394,195,100316,195,100458,192,100279,192,100494,192,100276,192,100496,100,100235,100,100510,100,100206,100,100536,100,100197,100,100604,100,100142,100,100611,100,100035,100,100643,100,100003,100,100706,100,100002,200
2019-06-28 09:52:30.000000000,100394,195,100316,195,100458,192,100279,192,100494,192,100276,192,100496,100,100235,100,100510,100,100206,100,100536,100,100197,100,100604,100,100142,100,100611,100,100035,100,100643,100,100003,100,100706,100,100002,200
2019-06-28 09:52:40.000000000,100394,195,100316,195,100458,192,100279,192,100494,192,100276,192,100496,100,100235,100,100510,100,100206,100,100536,100,100197,100,100604,100,100142,100,100611,100,100035,100,100643,100,100003,100,100706,100,100002,200
2019-06-28 09:52:47.232742304,100394,95,100316,195,100458,192,100279,192,100494,192,100276,192,100496,100,100235,100,100510,100,100206,100,100536,100,100197,100,100604,100,100142,100,100611,100,100035,100,100643,100,100003,100,100706,100,100002,200
2019-06-28 09:52:50.000000000,100458,195,100316,195,100494,192,100279,192,100496,192,100276,192,100510,100,100235,100,100536,100,100206,100,100604,100,100197,100,100611,100,100142,100,100643,100,100035,100,100706,100,100003,100,100846,100,100002,200
2019-06-28 09:52:58.457281463,100458,95,100316,195,100494,192,100279,192,100496,192,100276,192,100510,100,100235,100,100536,100,100206,100,100604,100,100197,100,100643,100,100142,100,100706,100,100035,100,100846,100,100003,100,100887,100,100002,200
2019-06-28 09:53:00.000000000,100494,378,100316,378,100496,100,100279,100,100510,100,100276,100,100536,100,100235,100,100604,100,100206,100,100643,100,100197,100,100706,100,100142,100,100846,100,100035,100,100887,100,100003,100,,,100002,200
2019-06-28 09:53:10.000000000,100494,170,100316,170,100496,170,100279,170,100510,170,100276,170,100536,170,100235,170,100604,100,100206,100,100643,100,100197,100,100706,100,100142,100,100846,100,100035,100,100887,100,100003,100,,,100002,200
2019-06-28 09:53:20.000000000,100494,170,100316,170,100496,170,100279,170,100510,170,100276,170,100536,170,100235,170,100604,100,100206,100,100643,100,100197,100,100706,100,100142,100,100846,100,100035,100,100887,100,100003,100,,,100002,200
2019-06-28 09:53:20.020208096,100494,170,100394,100,100496,170,100316,170,100510,170,100279,170,100536,170,100276,170,100604,100,100235,170,100643,100,100206,100,100706,100,100197,100,100846,100,100142,100,100887,100,100035,100,,,100003,100
2019-06-28 09:53:29.965094773,100494,170,100394,200,100496,170,100316,170,100510,170,100279,170,100536,170,100276,170,100604,100,100235,170,100643,100,100206,100,100706,100,100197,100,100846,100,100142,100,100887,100,100035,100,,,100003,100
2019-06-28 09:53:30.000000000,100494,195,100394,295,100496,192,100316,192,100510,192,100279,192,100536,100,100276,100,100604,100,100235,100,100643,100,100206,100,100706,100,100197,100,100846,100,100142,100,100887,100,100035,100,,,100003,100
2019-06-28 09:53:40.000000000,100494,239,100394,339,100496,239,100316,239,100510,100,100279,100,100536,100,100276,100,100604,100,100235,100,100643,100,100206,100,100706,100,100197,100,100846,100,100142,100,100887,100,100035,100,,,100003,100
2019-06-28 09:53:50.000000000,100494,239,100394,339,100496,239,100316,239,100510,100,100279,100,100536,100,100276,100,100604,100,100235,100,100643,100,100206,100,100706,100,100197,100,100846,100,100142,100,100887,100,100035,100,,,100003,100
2019-06-28 09:53:55.933174352,100494,139,100394,339,100496,239,100316,239,100510,100,100279,100,100536,100,100276,100,100604,100,100235,100,100643,100,100206,100,100706,100,100197,100,100846,100,100142,100,100887,100,100035,100,102298,100,100003,100
2019-06-28 09:54:00.000000000,100496,378,100394,478,100510,100,100316,100,100536,100,100279,100,100604,100,100276,100,100643,100,100235,100,100706,100,100206,100,100846,100,100197,100,100887,100,100142,100,102298,100,100035,100,,,100003,100
2019-06-28 09:54:00.603671015,100496,278,100394,478,100510,100,100316,100,100536,100,100279,100,100604,100,100276,100,100643,100,100235,100,100706,100,100206,100,100846,100,100197,100,100887,100,100142,100,102298,100,100035,100,,,100003,100
2019-06-28 09:54:10.000000000,100510,195,100394,295,100536,192,100316,192,100604,192,100279,192,100643,100,100276,100,100706,100,100235,100,100846,100,100206,100,100887,100,100197,100,102298,100,100142,100,,,100035,100,,,100003,100
2019-06-28 09:54:12.944338438,100510,95,100394,295,100536,192,100316,192,100604,92,100279,192,100643,100,100276,100,100706,100,100235,100,100846,100,100206,100,100887,100,100197,100,102298,100,100142,100,,,100035,100,,,100003,100
2019-06-28 09:54:20.000000000,100536,156,100394,256,100643,156,100316,156,100706,156,100279,156,100846,156,100276,156,100887,156,100235,156,102298,100,100206,100,,,100197,100,,,100142,100,,,100035,100,,,100003,100
2019-06-28 09:54:30.000000000,100536,170,100394,270,100643,170,100316,170,100706,170,100279,170,100846,170,100276,170,100887,100,100235,100,102298,100,100206,100,,,100197,100,,,100142,100,,,100035,100,,,100003,100
2019-06-28 09:54:30.923735726,100536,170,100494,100,100643,170,100394,270,100706,170,100316,170,100846,170,100279,170,100887,100,100276,170,102298,100,100235,100,,,100206,100,,,100197,100,,,100142,100,,,100035,100
2019-06-28 09:54:40.000000000,100536,195,100494,195,100643,192,100394,292,100706,192,100316,192,100846,100,100279,100,100887,100,100276,100,102298,100,100235,100,,,100206,100,,,100197,100,,,100142,100,,,100035,100
2019-06-28 09:54:50.000000000,100536,170,100494,170,100643,170,100394,270,100706,170,100316,170,100846,170,100279,170,100887,100,100276,100,102298,100,100235,100,,,100206,100,,,100197,100,,,100142,100,,,100035,100
2019-06-28 09:55:00.000000000,100536,239,100494,239,100643,239,100394,339,100706,100,100316,100,100846,100,100279,100,100887,100,100276,100,102298,100,100235,100,,,100206,100,,,100197,100,,,100142,100,,,100035,100
2019-06-28 09:55:10.000000000,100536,195,100494,195,100643,192,100394,292,100706,192,100316,192,100846,100,100279,100,100887,100,100276,100,102298,100,100235,100,,,100206,100,,,100197,100,,,100142,100,,,100035,100
2019-06-28 09:55:12.569042971,100536,95,100494,195,100643,192,100394,292,100706,192,100316,192,100846,100,100279,100,100887,100,100276,100,102298,100,100235,100,,,100206,100,,,100197,100,,,100142,100,,,100035,100
2019-06-28 09:55:20.000000000,100643,156,100494,156,100706,156,100394,256,100846,156,100316,156,100887,156,100279,156,102298,156,100276,156,,,100235,100,,,100206,100,,,100197,100,,,100142,100,,,100035,100
2019-06-28 09:55:23.758880194,100643,56,100494,156,100706,156,100394,256,100846,156,100316,156,100887,156,100279,156,102298,156,100276,156,,,100235,100,,,100206,100,,,100197,100,,,100142,100,,,100035,100
2019-06-28 09:55:30.000000000,100706,170,100494,170,100846,170,100394,270,100887,170,100316,170,102298,170,100279,170,,,100276,100,,,100235,100,,,100206,100,,,100197,100,,,100142,100,,,100035,100
2019-06-28 09:55:36.682485688,100706,70,100494,170,100846,170,100394,270,100887,170,100316,170,102298,170,100279,170,,,100276,100,,,100235,100,,,100206,100,,,100197,100,,,100142,100,,,100035,100
2019-06-28 09:55:40.000000000,100846,239,100494,239,100887,239,100394,339,102298,100,100316,100,,,100279,100,,,100276,100,,,100235,100,,,100206,100,,,100197,100,,,100142,100,,,100035,100
2019-06-28 09:55:50.000000000,100846,195,100494,195,100887,192,100394,292,102298,192,100316,192,,,100279,100,,,100276,100,,,100235,100,,,100206,100,,,100197,100,,,100142,100,,,100035,100
2019-06-28 09:55:58.784726398,100846,195,100494,195,100887,192,100394,292,101469,100,100316,192,102298,192,100279,100,,,100276,100,,,100235,100,,,100206,100,,,100197,100,,,100142,100,,,100035,100
2019-06-28 09:56:00.000000000,100846,378,100494,378,100887,100,100394,200,101469,100,100316,100,102298,100,100279,100,,,100276,100,,,100235,100,,,100206,100,,,100197,100,,,100142,100,,,100035,100
2019-06-28 09:56:07.448287674,100846,378,100494,378,100887,100,100394,200,101469,100,100316,100,101537,100,100279,100,102298,100,100276,100,,,100235,100,,,100206,100,,,100197,100,,,100142,100,,,100035,100
2019-06-28 09:56:10.000000000,100846,239,100494,239,100887,239,100394,339,101469,100,100316,100,101537,100,100279,100,102298,100,100276,100,,,100235,100,,,100206,100,,,100197,100,,,100142,100,,,100035,100
2019-06-28 09:56:10.984441240,100846,139,100494,239,100887,239,100394,339,101469,100,100316,100,101537,100,100279,100,102298,100,100235,100,,,100206,100,,,100197,100,,,100142,100,,,100035,100,,,100003,100
2019-06-28 09:56:20.000000000,100887,239,100494,239,101469,239,100394,339,101537,100,100316,100,102298,100,100279,100,,,100235,100,,,100206,100,,,100197,100,,,100142,100,,,100035,100,,,100003,100
2019-06-28 09:56:20.095548582,100887,139,100494,239,101469,239,100394,339,101537,100,100316,100,102298,100,100279,100,,,100235,100,,,100206,100,,,100197,100,,,100142,100,,,100035,100,,,100003,100
2019-06-28 09:56:27.804382037,100887,139,100494,239,101469,239,100394,339,101537,100,100316,100,101630,100,100279,100,102298,100,100235,100,,,100206,100,,,100197,100,,,100142,100,,,100035,100,,,100003,100
2019-06-28 09:56:30.000000000,101469,195,100494,195,101537,192,100394,292,101630,192,100316,192,102298,100,100279,100,,,100235,100,,,100206,100,,,100197,100,,,100142,100,,,100035,100,,,100003,100
2019-06-28 09:56:40.000000000,101469,195,100494,195,101537,192,100394,292,101630,192,100316,192,102298,100,100279,100,,,100235,100,,,100206,100,,,100197,100,,,100142,100,,,100035,100,,,100003,100
2019-06-28 09:56:45.925412713,101469,195,101246,100,101537,192,100494,195,101630,192,100394,292,102298,100,100316,192,,,100279,100,,,100235,100,,,100206,100,,,100197,100,,,100142,100,,,100035,100
2019-06-28 09:56:50.000000000,101469,156,101246,156,101537,156,100494,156,101630,156,100394,256,102298,156,100316,156,102299,56,100279,156,,,100235,100,,,100206,100,,,100197,100,,,100142,100,,,100035,100
2019-06-28 09:57:00.000000000,101469,156,101246,156,101537,156,100494,156,101630,156,100394,256,102298,156,100316,156,102299,56,100279,156,,,100235,100,,,100206,100,,,100197,100,,,100142,100,,,100035,100
2019-06-28 09:57:10.000000000,101469,156,101246,156,101537,156,100494,156,101630,156,100394,256,102298,156,100316,156,102299,56,100279,156,,,100235,100,,,100206,100,,,100197,100,,,100142,100,,,100035,100
2019-06-28 09:57:20.000000000,101469,378,101246,378,101537,100,100494,100,101630,100,100394,200,102298,100,100316,100,,,100279,100,,,100235,100,,,100206,100,,,100197,100,,,100142,100,,,100035,100
2019-06-28 09:57:29.425258373,101469,378,101246,278,101537,100,100494,100,101630,100,100394,200,102298,100,100364,100,,,100316,100,,,100279,100,,,100235,100,,,100206,100,,,100197,100,,,100142,100
2019-06-28 09:57:30.000000000,101469,195,100494,195,101537,192,100394,292,101630,192,100364,192,102298,100,100316,100,,,100279,100,,,100235,100,,,100206,100,,,100197,100,,,100142,100,,,100035,100
2019-06-28 09:57:40.000000000,101469,239,100494,239,101537,239,100394,339,101630,100,100364,100,102298,100,100316,100,,,100279,100,,,100235,100,,,100206,100,,,100197,100,,,100142,100,,,100035,100
2019-06-28 09:57:40.469862290,101469,239,100494,239,101537,239,100394,339,101630,100,100364,100,102298,100,100316,100,,,100279,100,,,100235,100,,,100215,100,,,100206,100,,,100197,100,,,100142,100
2019-06-28 09:57:50.000000000,101469,195,100494,195,101537,192,100394,292,101630,192,100364,192,102298,100,100316,100,,,100279,100,,,100235,100,,,100215,100,,,100206,100,,,100197,100,,,100142,100
2019-06-28 09:57:57.069103113,101469,195,100494,95,101537,192,100394,292,101630,192,100364,192,102298,100,100316,100,,,100279,100,,,100235,100,,,100215,100,,,100206,100,,,100197,100,,,100142,100
2019-06-28 09:58:00.000000000,101469,170,100394,270,101537,170,100364,170,101630,170,100316,170,102298,170,100279,170,,,100235,100,,,100215,100,,,100206,100,,,100197,100,,,100142,100,,,100035,100
2019-06-28 09:58:10.000000000,101469,239,100394,339,101537,239,100364,239,101630,100,100316,100,102298,100,100279,100,,,100235,100,,,100215,100,,,100206,100,,,100197,100,,,100142,100,,,100035,100
2019-06-28 09:58:20.000000000,101469,239,100394,339,101537,239,100364,239,101630,100,100316,100,102298,100,100279,100,,,100235,100,,,100215,100,,,100206,100,,,100197,100,,,100142,100,,,100035,100
2019-06-28 09:58:20.708298967,101246,100,100394,239,101469,239,100364,239,101537,239,100316,100,101630,100,100279,100,102298,100,100235,100,,,100215,100,,,100206,100,,,100197,100,,,100142,100,,,100035,100
2019-06-28 09:58:26.146787834,101246,100,100394,139,101469,239,100364,239,101537,239,100316,100,101630,100,100279,100,102298,100,100235,100,,,100215,100,,,100206,100,,,100197,100,,,100142,100,,,100035,100
2019-06-28 09:58:29.626202701,101245,100,100394,139,101246,100,100364,239,101469,239,100316,100,101537,239,100279,100,101630,100,100235,100,102298,100,100215,100,,,100206,100,,,100197,100,,,100142,100,,,100035,100
2019-06-28 09:58:30.000000000,101245,156,100364,156,101246,156,100316,156,101469,156,100279,156,101537,156,100235,156,101630,156,100215,156,102298,100,100206,100,,,100197,100,,,100142,100,,,100035,100,,,100003,100
2019-06-28 09:58:40.000000000,101245,195,100364,195,101246,192,100316,192,101469,192,100279,192,101537,100,100235,100,101630,100,100215,100,102298,100,100206,100,,,100197,100,,,100142,100,,,100035,100,,,100003,100
2019-06-28 09:58:50.000000000,101245,239,100364,239,101246,239,100316,239,101469,100,100279,100,101537,100,100235,100,101630,100,100215,100,102298,100,100206,100,,,100197,100,,,100142,100,,,100035,100,,,100003,100
2019-06-28 09:59:00.000000000,101245,170,100364,170,101246,170,100316,170,101469,170,100279,170,101537,170,100235,170,101630,100,100215,100,102298,100,100206,100,,,100197,100,,,100142,100,,,100035,100,,,100003,100
2019-06-28 09:59:10.000000000,101245,195,100364,195,101246,192,100316,192,101469,192,100279,192,101537,100,100235,100,101630,100,100215,100,102298,100,100206,100,,,100197,100,,,100142,100,,,100035,100,,,100003,100
2019-06-28 09:59:17.925289448,101245,195,100364,95,101246,192,100316,192,101469,192,100279,192,101537,100,100235,100,101630,100,100215,100,102298,100,100206,100,,,100197,100,,,100142,100,,,100035,100,,,100003,100
2019-06-28 09:59:20.000000000,101245,170,100316,170,101246,170,100279,170,101469,170,100235,170,101537,170,100215,170,101630,100,100206,100,102298,100,100197,100,,,100142,100,,,100035,100,,,100003,100,,,100002,200
2019-06-28 09:59:30.000000000,101245,239,100316,239,101246,239,100279,239,101469,100,100235,100,101537,100,100215,100,101630,100,100206,100,102298,100,100197,100,,,100142,100,,,100035,100,,,100003,100,,,100002,200
2019-06-28 09:59:40.000000000,101245,156,100316,156,101246,156,100279,156,101469,156,100235,156,101537,156,100215,156,101630,156,100206,156,102298,100,100197,100,,,100142,100,,,100035,100,,,100003,100,,,100002,200
2019-06-28 09:59:50.000000000,101245,239,100316,239,101246,239,100279,239,101469,100,100235,100,101537,100,100215,100,101630,100,100206,100,102298,100,100197,100,,,100142,100,,,100035,100,,,100003,100,,,100002,200
2019-06-28 10:00:00.000000000,101245,195,100316,195,101246,192,100279,192,101469,192,100235,192,101537,100,100215,100,101630,100,100206,100,102298,100,100197,100,,,100142,100,,,100035,100,,,100003,100,,,100002,200
2019-06-28 10:00:02.758930862,101245,195,100316,95,101246,192,100279,192,101469,192,100235,192,101537,100,100215,100,101630,100,100206,100,102298,100,100197,100,,,100142,100,,,100035,100,,,100003,100,,,100002,200
2019-06-28 10:00:10.000000000,101245,156,100279,156,101246,156,100235,156,101469,156,100215,156,101537,156,100206,156,101630,156,100197,156,102298,100,100142,100,,,100035,100,,,100003,100,,,100002,200,,,99961,100
2019-06-28 10:00:20.000000000,101245,378,100279,378,101246,100,100235,100,101469,100,100215,100,101537,100,100206,100,101630,100,100197,100,102298,100,100142,100,,,100035,100,,,100003,100,,,100002,200,,,99961,100
2019-06-28 10:00:26.344271909,101245,378,100279,378,101246,100,100235,100,101469,100,100215,100,101537,100,100206,100,101630,100,100197,100,102298,100,100142,100,,,100035,100,,,100003,100,,,100002,200,,,99961,100
2019-06-28 10:00:26.667214534,101245,378,100279,278,101246,100,100235,100,101469,100,100215,100,101537,100,100206,100,101630,100,100197,100,102298,100,100142,100,,,100035,100,,,100003,100,,,100002,200,,,99961,100
2019-06-28 10:00:28.003885021,101245,378,100279,278,101246,100,100235,100,101469,100,100215,100,101537,100,100206,100,101630,100,100197,100,102298,100,100142,100,,,100035,100,,,100003,100,,,100002,200,,,99961,100
2019-06-28 10:00:30.000000000,101245,378,100235,378,101246,100,100215,100,101469,100,100206,100,101537,100,100197,100,101630,100,100142,100,102298,100,100035,100,,,100003,100,,,100002,200,,,99961,100,,,99959,100
2019-06-28 10:00:40.000000000,101245,156,100235,156,101246,156,100215,156,101469,156,100206,156,101537,156,100197,156,101630,156,100142,156,102298,100,100035,100,,,100003,100,,,100002,200,,,99961,100,,,99959,100
2019-06-28 10:00:50.000000000,101245,195,100235,195,101246,192,100215,192,101469,192,100206,192,101537,100,100197,100,101630,100,100142,100,102298,100,100035,100,,,100003,100,,,100002,200,,,99961,100,,,99959,100
2019-06-28 10:01:00.000000000,101245,195,100235,195,101246,192,100215,192,101469,192,100206,192,101537,100,100197,100,101630,100,100142,100,102298,100,100035,100,,,100003,100,,,100002,200,,,99961,100,,,99959,100
2019-06-28 10:01:02.427670276,101245,195,100235,195,101246,192,100215,192,101469,192,100206,192,101537,100,100197,100,101630,100,100142,100,102298,100,100035,100,,,100003,100,,,100002,100,,,99961,100,,,99959,100
2019-06-28 10:01:10.000000000,101245,195,100235,195,101246,192,100215,192,101469,192,100206,192,101537,100,100197,100,101630,100,100142,100,102298,100,100035,100,,,100003,100,,,100002,100,,,99961,100,,,99959,100
2019-06-28 10:01:20.000000000,101245,378,100235,378,101246,100,100215,100,101469,100,100206,100,101537,100,100197,100,101630,100,100142,100,102298,100,100035,100,,,100003,100,,,100002,100,,,99961,100,,,99959,100
2019-06-28 10:01:25.043376179,101245,378,100235,378,101246,100,100215,100,101469,100,100206,100,101537,100,100197,100,101630,100,100142,100,102298,100,100035,100,,,100003,100,,,100002,100,,,99980,100,,,99961,100
2019-06-28 10:01:30.000000000,101245,170,100235,170,101246,170,100215,170,101469,170,100206,170,101537,170,100197,170,101630,100,100142,100,102298,100,100035,100,,,100003,100,,,100002,100,,,99980,100,,,99961,100
2019-06-28 10:01:32.600028117,101245,170,100235,70,101246,170,100215,170,101469,170,100206,170,101537,170,100197,170,101630,100,100142,100,102298,100,100035,100,,,100003,100,,,100002,100,,,99980,100,,,99961,100
2019-06-28 10:01:40.000000000,101245,239,100215,239,101246,239,100206,239,101469,100,100197,100,101537,100,100142,100,101630,100,100035,100,102298,100,100003,100,,,100002,100,,,99980,100,,,99961,100,,,99959,100
2019-06-28 10:01:50.000000000,101245,195,100215,195,101246,192,100206,192,101469,192,100197,192,101537,100,100142,100,101630,100,100035,100,102298,100,100003,100,,,100002,100,,,99980,100,,,99961,100,,,99959,100
2019-06-28 10:02:00.000000000,101245,239,100215,239,101246,239,100206,239,101469,100,100197,100,101537,100,100142,100,101630,100,100035,100,102298,100,100003,100,,,100002,100,,,99980,100,,,99961,100,,,99959,100
2019-06-28 10:02:04.079592307,101245,239,100215,139,101246,239,100206,239,101469,100,100197,100,101537,100,100142,100,101630,100,100035,100,102298,100,100003,100,,,100002,100,,,99980,100,,,99961,100,,,99959,100
2019-06-28 10:02:10.000000000,101245,195,100206,195,101246,192,100197,192,101469,192,100142,192,101537,100,100035,100,101630,100,100003,100,102298,100,100002,100,,,99980,100,,,99961,100,,,99959,100,,,99936,100
2019-06-28 10:02:20.000000000,101245,170,100206,170,101246,170,100197,170,101469,170,100142,170,101537,170,100035,170,101630,100,100003,100,102298,100,100002,100,,,99980,100,,,99961,100,,,99959,100,,,99936,100
2019-06-28 10:02:30.000000000,101245,239,100206,239,101246,239,100197,239,101469,100,100142,100,101537,100,100035,100,101630,100,100003,100,102298,100,100002,100,,,99980,100,,,99961,100,,,99959,100,,,99936,100
2019-06-28 10:02:40.000000000,101245,378,100206,378,101246,100,100197,100,101469,100,100142,100,101537,100,100035,100,101630,100,100003,100,102298,100,100002,100,,,99980,100,,,99961,100,,,99959,100,,,99936,100
2019-06-28 10:02:43.168991105,101245,378,100206,378,101246,100,100197,100,101469,100,100142,100,101537,100,100035,100,101630,100,100003,100,102298,100,100002,100,,,99980,100,,,99961,100,,,99959,100,,,99936,100
2019-06-28 10:02:50.000000000,101245,156,100206,156,101246,156,100197,156,101469,156,100142,156,101537,156,100035,156,101630,156,100003,156,102298,100,100002,100,,,99980,100,,,99961,100,,,99959,100,,,99936,100
2019-06-28 10:03:00.000000000,101245,156,100206,156,101246,156,100197,156,101469,156,100142,156,101537,156,100035,156,101630,156,100003,156,102298,100,100002,100,,,99980,100,,,99961,100,,,99959,100,,,99936,100
2019-06-28 10:03:10.000000000,101245,156,100206,156,101246,156,100197,156,101469,156,100142,156,101537,156,100035,156,101630,156,100003,156,102298,100,100002,100,,,99980,100,,,99961,100,,,99959,100,,,99936,100
2019-06-28 10:03:20.000000000,101245,378,100206,378,101246,100,100197,100,101469,100,100142,100,101537,100,100035,100,101630,100,100003,100,102298,100,100002,100,,,99980,100,,,99961,100,,,99959,100,,,99936,100
2019-06-28 10:03:30.000000000,101245,156,100206,156,101246,156,100197,156,101469,156,100142,156,101537,156,100035,156,101630,156,100003,156,102298,100,100002,100,,,99980,100,,,99961,100,,,99959,100,,,99936,100
2019-06-28 10:03:40.000000000,101245,195,100206,195,101246,192,100197,192,101469,192,100142,192,101537,100,100035,100,101630,100,100003,100,102298,100,100002,100,,,99980,100,,,99961,100,,,99959,100,,,99936,100
2019-06-28 10:03:50.000000000,101245,239,100206,239,101246,239,100197,239,101469,100,100142,100,101537,100,100035,100,101630,100,100003,100,102298,100,100002,100,,,99980,100,,,99961,100,,,99959,100,,,99936,100
2019-06-28 10:03:54.297515864,100378,100,100206,239,101245,239,100197,239,101246,239,100142,100,101469,100,100035,100,101537,100,100003,100,101630,100,100002,100,102298,100,99980,100,,,99961,100,,,99959,100,,,99936,100
2019-06-28 10:03:57.964575393,100378,100,100216,100,101245,239,100206,239,101246,239,100197,239,101469,100,100142,100,101537,100,100035,100,101630,100,100003,100,102298,100,100002,100,,,99980,100,,,99961,100,,,99959,100
2019-06-28 10:04:00.000000000,100378,195,100216,195,101245,192,100206,192,101246,192,100197,192,101469,100,100142,100,101537,100,100035,100,101630,100,100003,100,102298,100,100002,100,,,99980,100,,,99961,100,,,99959,100
2019-06-28 10:04:02.706281319,100378,195,100216,195,100410,100,100206,192,101245,192,100197,192,101246,192,100142,100,101469,100,100035,100,101537,100,100003,100,101630,100,100002,100,102298,100,99980,100,,,99961,100,,,99959,100
2019-06-28 10:04:10.000000000,100378,378,100216,378,100410,100,100206,100,101245,100,100197,100,101246,100,100142,100,101469,100,100035,100,101537,100,100003,100,101630,100,100002,100,102298,100,99980,100,,,99961,100,,,99959,100
2019-06-28 10:04:20.000000000,100378,170,100216,170,100410,170,100206,170,101245,170,100197,170,101246,170,100142,170,101469,100,100035,100,101537,100,100003,100,101630,100,100002,100,102298,100,99980,100,,,99961,100,,,99959,100
2019-06-28 10:04:30.000000000,100378,195,100216,195,100410,192,100206,192,101245,192,100197,192,101246,100,100142,100,101469,100,100035,100,101537,100,100003,100,101630,100,100002,100,102298,100,99980,100,,,99961,100,,,99959,100
2019-06-28 10:04:40.000000000,100378,170,100216,170,100410,170,100206,170,101245,170,100197,170,101246,170,100142,170,101469,100,100035,100,101537,100,100003,100,101630,100,100002,100,102298,100,99980,100,,,99961,100,,,99959,100
2019-06-28 10:04:50.000000000,100378,239,100216,239,100410,239,100206,239,101245,100,100197,100,101246,100,100142,100,101469,100,100035,100,101537,100,100003,100,101630,100,100002,100,102298,100,99980,100,,,99961,100,,,99959,100
2019-06-28 10:05:00.000000000,100378,378,100216,378,100410,100,100206,100,101245,100,100197,100,101246,100,100142,100,101469,100,100035,100,101537,100,100003,100,101630,100,100002,100,102298,100,99980,100,,,99961,100,,,99959,100
2019-06-28 10:05:00.013747896,100378,378,100216,278,100410,100,100206,100,101245,100,100197,100,101246,100,100142,100,101469,100,100035,100,101537,100,100003,100,102298,100,100002,100,,,99980,100,,,99961,100,,,99959,100
2019-06-28 10:05:10.000000000,100378,195,100206,195,100410,192,100197,192,101245,192,100142,192,101246,100,100035,100,101469,100,100003,100,101537,100,100002,100,102298,100,99980,100,,,99961,100,,,99959,100,,,99936,100
2019-06-28 10:05:20.000000000,100378,378,100206,378,100410,100,100197,100,101245,100,100142,100,101246,100,100035,100,101469,100,100003,100,101537,100,100002,100,102298,100,99980,100,,,99961,100,,,99959,100,,,99936,100
2019-06-28 10:05:30.000000000,100378,170,100206,170,100410,170,100197,170,101245,170,100142,170,101246,170,100035,170,101469,100,100003,100,101537,100,100002,100,102298,100,99980,100,,,99961,100,,,99959,100,,,99936,100
2019-06-28 10:05:34.359857811,100378,170,100206,170,100410,170,100197,170,101245,170,100142,170,101246,170,100035,170,101469,100,100003,100,101537,100,100002,100,102298,100,99980,100,,,99961,100,,,99959,100,,,99936,100
2019-06-28 10:05:40.000000000,100378,378,100206,378,100410,100,100197,100,101245,100,100142,100,101246,100,100035,100,101469,100,100003,100,101537,100,100002,100,102298,100,99980,100,,,99961,100,,,99959,100,,,99936,100
2019-06-28 10:05:40.384747245,100378,378,100206,378,100410,100,100197,100,101245,100,100142,100,101246,100,100035,100,101469,100,100003,100,101537,100,100002,100,102298,100,99980,100,,,99961,100,,,99959,100,,,99936,100
2019-06-28 10:05:45.340446792,100378,378,100206,378,100410,100,100197,100,101245,100,100142,100,101246,100,100035,100,101469,100,100003,100,101537,100,100002,100,102298,100,99980,100,,,99961,100,,,99959,100,,,99936,100
2019-06-28 10:05:50.000000000,100378,195,100206,195,100410,192,100197,192,101245,192,100142,192,101246,100,100035,100,101469,100,100003,100,101537,100,100002,100,102298,100,99980,100,,,99961,100,,,99959,100,,,99936,100
2019-06-28 10:06:00.000000000,100378,195,100206,195,100410,192,100197,192,101245,192,100142,192,101246,100,100035,100,101469,100,100003,100,101537,100,100002,100,102298,100,99980,100,,,99961,100,,,99959,100,,,99936,100
2019-06-28 10:06:02.392394810,100216,100,100206,195,100378,195,100197,192,100410,192,100142,192,101245,192,100035,100,101246,100,100003,100,101469,100,100002,100,101537,100,99980,100,102298,100,99961,100,,,99959,100,,,99936,100
2019-06-28 10:06:08.341559119,100216,100,100206,195,100378,195,100197,192,100410,192,100142,192,101245,192,100035,100,101246,100,100003,100,101469,100,100002,100,101537,100,99980,100,102298,100,99961,100,,,99959,100,,,99936,100
2019-06-28 10:06:10.000000000,100216,156,100206,156,100378,156,100197,156,100410,156,100142,156,101245,156,100035,156,101246,156,100003,156,101469,100,100002,100,101537,100,99980,100,102298,100,99961,100,,,99959,100,,,99936,100
2019-06-28 10:06:20.000000000,100216,156,100206,156,100378,156,100197,156,100410,156,100142,156,101245,156,100035,156,101246,156,100003,156,101469,100,100002,100,101537,100,99980,100,102298,100,99961,100,,,99959,100,,,99936,100
2019-06-28 10:06:30.000000000,100216,378,100206,378,100378,100,100197,100,100410,100,100142,100,101245,100,100035,100,101246,100,100003,100,101469,100,100002,100,101537,100,99980,100,102298,100,99961,100,,,99959,100,,,99936,100
2019-06-28 10:06:35.937260221,100216,478,100206,378,100378,100,100197,100,100410,100,100142,100,101245,100,100035,100,101246,100,100003,100,101469,100,100002,100,101537,100,99980,100,102298,100,99961,100,,,99959,100,,,99936,100
2019-06-28 10:06:40.000000000,100216,478,100206,378,100378,100,100197,100,100410,100,100142,100,101245,100,100035,100,101246,100,100003,100,101469,100,100002,100,101537,100,99980,100,102298,100,99961,100,,,99959,100,,,99936,100
2019-06-28 10:06:40.310096122,100216,478,100206,378,100220,100,100197,100,100378,100,100142,100,100410,100,100035,100,101245,100,100003,100,101246,100,100002,100,101469,100,99980,100,101537,100,99961,100,102298,100,99959,100,,,99936,100
2019-06-28 10:06:41.596588561,100216,478,100206,378,100220,100,100197,100,100378,100,100142,100,100410,100,100035,100,101245,100,100003,100,101246,100,100002,100,101537,100,99980,100,102298,100,99961,100,,,99959,100,,,99936,100
2019-06-28 10:06:43.059740965,100216,478,100206,378,100220,100,100197,100,100378,100,100142,100,100410,100,100035,100,101245,100,100003,100,101246,100,100002,100,101537,100,99980,100,102298,100,99961,100,,,99959,100,,,99936,100
2019-06-28 10:06:48.835240045,100216,478,100206,278,100220,100,100197,100,100378,100,100142,100,100410,100,100035,100,101245,100,100003,100,101246,100,100002,100,101537,100,99980,100,102298,100,99961,100,,,99959,100,,,99936,100
2019-06-28 10:06:50.000000000,100216,270,100197,170,100220,170,100142,170,100378,170,100035,170,100410,170,100003,170,101245,100,100002,100,101246,100,99980,100,101537,100,99961,100,102298,100,99959,100,,,99936,100,,,99933,100
2019-06-28 10:07:00.000000000,100216,339,100197,239,100220,239,100142,239,100378,100,100035,100,100410,100,100003,100,101245,100,100002,100,101246,100,99980,100,101537,100,99961,100,102298,100,99959,100,,,99936,100,,,99933,100
2019-06-28 10:07:03.233751764,100215,100,100197,239,100216,339,100142,239,100220,239,100035,100,100378,100,100003,100,100410,100,100002,100,101245,100,99980,100,101246,100,99961,100,101537,100,99959,100,102298,100,99936,100,,,99933,100
2019-06-28 10:07:10.000000000,100215,378,100197,378,100216,200,100142,100,100220,100,100035,100,100378,100,100003,100,100410,100,100002,100,101245,100,99980,100,101246,100,99961,100,101537,100,99959,100,102298,100,99936,100,,,99933,100
2019-06-28 10:07:20.000000000,100215,170,100197,170,100216,270,100142,170,100220,170,100035,170,100378,170,100003,170,100410,100,100002,100,101245,100,99980,100,101246,100,99961,100,101537,100,99959,100,102298,100,99936,100,,,99933,100
2019-06-28 10:07:24.777215741,100215,70,100197,170,100216,270,100142,170,100220,170,100035,170,100378,170,100003,170,100410,100,100002,100,101245,100,99980,100,101246,100,99959,100,101537,100,99936,100,102298,100,99933,100,,,99917,100
2019-06-28 10:07:30.000000000,100216,256,100197,156,100220,156,100142,156,100378,156,100035,156,100410,156,100003,156,101245,156,100002,156,101246,100,99980,100,101537,100,99959,100,102298,100,99936,100,,,99933,100,,,99917,100
2019-06-28 10:07:39.209608114,100216,256,100197,156,100220,156,100142,156,100378,156,100109,100,100410,156,100035,156,101245,156,100003,156,101246,100,100002,156,101537,100,99980,100,102298,100,99959,100,,,99936,100,,,99933,100
2019-06-28 10:07:40.000000000,100216,256,100197,156,100220,156,100142,156,100378,156,100109,156,100410,156,100035,156,101245,156,100003,156,101246,100,100002,100,101537,100,99980,100,102298,100,99959,100,,,99936,100,,,99933,100
2019-06-28 10:07:41.873846820,100216,256,100197,156,100220,156,100142,156,100273,100,100109,156,100378,156,100035,156,100410,156,100003,156,101245,156,100002,100,101246,100,99980,100,101537,100,99959,100,102298,100,99936,100,,,99933,100
2019-06-28 10:07:44.779786406,100214,100,100197,156,100216,256,100142,156,100220,156,100109,156,100273,100,100035,156,100378,156,100003,156,100410,156,100002,100,101245,156,99980,100,101246,100,99959,100,101537,100,99936,100,102298,100,99933,100
2019-06-28 10:07:50.000000000,100214,170,100197,170,100216,270,100142,170,100220,170,100109,170,100273,170,100035,170,100378,100,100003,100,100410,100,100002,100,101245,100,99980,100,101246,100,99959,100,101537,100,99936,100,102298,100,99933,100
2019-06-28 10:08:00.000000000,100214,170,100197,170,100216,270,100142,170,100220,170,100109,170,100273,170,100035,170,100378,100,100003,100,100410,100,100002,100,101245,100,99980,100,101246,100,99959,100,101537,100,99936,100,102298,100,99933,100
2019-06-28 10:08:10.000000000,100214,170,100197,170,100216,270,100142,170,100220,170,100109,170,100273,170,100035,170,100378,100,100003,100,100410,100,100002,100,101245,100,99980,100,101246,100,99959,100,101537,100,99936,100,102298,100,99933,100
2019-06-28 10:08:20.000000000,100214,378,100197,378,100216,200,100142,100,100220,100,100109,100,100273,100,100035,100,100378,100,100003,100,100410,100,100002,100,101245,100,99980,100,101246,100,99959,100,101537,100,99936,100,102298,100,99933,100
2019-06-28 10:08:30.000000000,100214,239,100197,239,100216,339,100142,239,100220,100,100109,100,100273,100,100035,100,100378,100,100003,100,100410,100,100002,100,101245,100,99980,100,101246,100,99959,100,101537,100,99936,100,102298,100,99933,100
2019-06-28 10:08:40.000000000,100214,378,100197,378,100216,200,100142,100,100220,100,100109,100,100273,100,100035,100,100378,100,100003,100,100410,100,100002,100,101245,100,99980,100,101246,100,99959,100,101537,100,99936,100,102298,100,99933,100
2019-06-28 10:08:50.000000000,100214,378,100197,378,100216,200,100142,100,100220,100,100109,100,100273,100,100035,100,100378,100,100003,100,100410,100,100002,100,101245,100,99980,100,101246,100,99959,100,101537,100,99936,100,102298,100,99933,100
2019-06-28 10:09:00.000000000,100214,195,100197,195,100216,292,100142,192,100220,192,100109,192,100273,100,100035,100,100378,100,100003,100,100410,100,100002,100,101245,100,99980,100,101246,100,99959,100,101537,100,99936,100,102298,100,99933,100
2019-06-28 10:09:10.000000000,100214,239,100197,239,100216,339,100142,239,100220,100,100109,100,100273,100,100035,100,100378,100,100003,100,100410,100,100002,100,101245,100,99980,100,101246,100,99959,100,101537,100,99936,100,102298,100,99933,100
2019-06-28 10:09:14.053871659,100214,239,100197,239,100216,339,100142,239,100220,100,100109,100,100273,100,100094,100,100378,100,100035,100,100410,100,100003,100,101245,100,100002,100,101246,100,99980,100,101537,100,99959,100,102298,100,99936,100
2019-06-28 10:09:20.000000000,100214,239,100197,239,100216,339,100142,239,100220,100,100109,100,100273,100,100094,100,100378,100,100035,100,100410,100,100003,100,101245,100,100002,100,101246,100,99980,100,101537,100,99959,100,102298,100,99936,100
2019-06-28 10:09:23.790331778,100214,339,100197,239,100216,339,100142,239,100220,100,100109,100,100273,100,100094,100,100378,100,100035,100,100410,100,100003,100,101245,100,100002,100,101246,100,99980,100,101537,100,99959,100,102298,100,99936,100
2019-06-28 10:09:24.695055267,100214,339,100197,239,100216,339,100142,239,100273,100,100109,100,100378,100,100094,100,100410,100,100035,100,100580,100,100003,100,101245,100,100002,100,101246,100,99980,100,101537,100,99959,100,102298,100,99936,100
2019-06-28 10:09:30.000000000,100214,339,100197,239,100216,339,100142,239,100273,100,100109,100,100378,100,100094,100,100410,100,100035,100,100580,100,100003,100,101245,100,100002,100,101246,100,99980,100,101537,100,99959,100,102298,100,99936,100
